2274 3265
463 278 532 309 330

451 340 537 369 dictis
570 339 796 379 provisionibus,
827 349 950 377 poenam
983 339 1162 368 substinent

451 400 489 405 --
518 384 565 413 49.
590 383 758 412 l'rovisores
790 383 955 413 animarum
980 383 1161 413 studentium

999 285 1186 308 utrumnum
1209 283 1371 307 nouarum
1974 280 2160 307 An.c.1355

1207 339 1389 381 tulimus‚‹t
1414 337 1442 371 in
1468 348 1505 371 co
1528 336 1648 371 alumni
1671 337 1784 375 effecti
1806 348 1860 382 per
1877 344 1958 371 tem-
1986 346 2116 366 neuen-ctus
2141 352 2161 366 m

1208 399 1318 434 porum
1341 385 1496 421 curticula
1525 385 1673 419 diuturna
1696 384 1866 440 οιθνίιιιιιε,
1896 393 1956 419 tam
1973 376 2161 428 fff¹j'4⁴‚’{',¹'¹¹m¹’0'¹„‘2'

217 290 266 317 An.
285 290 313 317 C.
333 292 398 317 t33b'

451 428 639 465 (tt-putantur.
658 444 695 449 —
719 428 765 457 50.
793 427 875 462 Quod
900 427 925 457 si
949 428 1016 466 quis
1039 428 1074 456 de
1098 428 1162 456 ord.

450 470 624 501 cistercien.
645 471 674 500 in
699 470 801 501 Studio
824 471 967 501 Parisien.
986 472 1164 508 assignatus,

450 515 488 543 sit
517 515 683 553 dispositus
711 516 746 545 ad
771 515 974 554 magisterium
1000 515 1163 552 theologiae

451 557 494 586 vel
516 557 725 593 baccalarium,
754 568 810 588 non
839 564 1037 593 removeatur,
1055 563 1105 587 etc.
1126 575 1164 579 —

450 601 496 631 51.
526 602 685 632 Studentes
710 604 824 632 ordinis
854 603 917 632 iura
940 603 1080 632 canonica
1106 611 1163 631 non

450 646 582 676 audiant.
605 663 642 668 —
660 646 707 676 52.
736 647 883 676 Ossiciales
907 647 1005 676 idonei
1034 655 1085 684 pro
1114 645 1165 674 ob-

451 690 555 729 sequio
579 691 761 720 studentium
781 692 968 728 deputentur.
985 707 1025 711 —
1043 689 1091 718 53.
1109 688 1163 723 Qui

450 739 580 764 rectores
603 740 630 764 et
652 735 793 764 officiales
813 735 840 763 in
865 734 1024 763 parisiensi
1045 738 1073 762 et
1098 733 1164 761 alhs

451 778 562 808 Studiis
587 779 733 817 eligantur
752 784 779 808 et
801 788 815 808 a
839 779 958 817 quibus.
976 795 1014 800 -—
1042 778 1089 807 54.
1111 776 1165 806 Do—

450 824 582 853 ctorandi
603 824 671 862 qnid
691 825 798 859 iurare,
821 824 927 862 quidve
945 822 1100 852 observare
1115 822 1165 851 (le-

450 867 546 897 beant.
566 884 604 890 —
626 868 673 897 55.
692 867 746 903 Qui
770 877 876 897 cursus
896 866 1007 895 Bibliae
1027 866 1122 895 l'acere
1138 870 1166 894 et

450 911 500 950 qui
527 912 694 940 Sententias
719 912 813 947 legere
834 911 956 949 possint.
979 927 1017 931 —
1038 910 1086 940 56.
1112 909 1166 938 De-

449 956 560 993 rogatio
589 956 815 984 contrariorum.
834 971 871 976 —
900 955 947 984 57.
976 953 1070 983 lussio
1090 954 1165 983 hanc

449 999 690 1029 constitutionem
702 999 730 1028 in
747 999 842 1038 primo
855 998 984 1037 capitulo
996 998 1124 1035 generali
1139 1002 1167 1026 et

449 1043 534 1072 annis
563 1043 689 1081 singulis
720 1043 749 1072 in
772 1043 839 1072 aliis
863 1042 997 1080 legendi,
1024 1046 1050 1071 et
1077 1044 1164 1071 etiam

449 1087 540 1117 semel
564 1088 592 1117 in
612 1096 688 1117 anno
716 1087 745 1117 in
765 1087 936 1125 particulari
960 1086 1045 1124 capit.
1065 1086 1167 1116 cuius-

450 1132 522 1162 libet
545 1132 611 1161 loci.

454 1211 613 1241 Benedictus
632 1212 774 1247 opiscopus
793 1218 888 1240 servus
905 1217 1044 1240 servorum
1060 1209 1119 1243 Dei,

546 1261 580 1289 ad
608 1261 769 1296 perpetuam
801 1260 841 1288 rei
860 1259 1030 1288 memoriam.

460 1332 600 1379 Fulgens
627 1333 707 1366 sicut
730 1332 820 1367 stella
849 1332 1043 1365 matutinain
1061 1330 1166 1365 medio

232 1391 380 1410 *itsteviensts
414 1381 545 1415 nebulae
577 1393 665 1416 sacer
698 1380 921 1415 Cisterciensis
948 1380 1024 1414 ordo
1053 1381 1083 1414 in
1111 1380 1168 1414 Ec-

214 1429 232 1441 ⁰'
285 1428 293 1438 ⁴
360 1428 397 1441 ω’
412 1431 503 1465 elesia
532 1430 685 1464 militante
717 1439 845 1464 strenue
876 1429 987 1464 militat
1016 1429 1166 1476 operibus

413 1488 443 1513 ot
466 1479 618 1525 exemplis
635 1506 643 1522 ‚
666 1479 849 1525 fervidoque
872 1479 983 1524 satagit
1007 1491 1061 1524 per
1087 1491 1166 1512 san—

412 1538 480 1563 ctae
501 1529 779 1575 contemplationis
806 1528 994 1574 applausum
1019 1536 1049 1562 et
1076 1528 1167 1561 innn-

412 1578 512 1612 centis
546 1578 624 1611 vitae
648 1578 795 1611 meritum
830 1586 975 1611 montana
1015 1577 1167 1611 scandere

412 1640 483 1661 cum
507 1626 620 1667 Maria·,
648 1639 745 1672 seque
763 1638 817 1672 per
844 1626 1027 1660 exercitium
1052 1626 1166 1659 lauda—

413 1676 522 1710 bilium
545 1676 717 1719 actionum,
732 1684 761 1709 et
777 1687 910 1722 pensum
936 1676 1060 1721 piorum
1089 1687 1167 1721 ope-

413 1738 481 1759 rum
502 1725 676 1761 curiosum,
704 1725 844 1758 Marthae
867 1725 1036 1769 satagentis
1064 1723 1167 1758 officio

413 1774 622 1808 conformare.
656 1773 715 1808 Hic
743 1785 858 1820 nempe
893 1774 970 1808 ordo
1001 1773 1029 1807 in
1067 1773 1165 1807 divini

414 1823 518 1858 cultus
540 1823 718 1857 ministerio
741 1821 884 1866 sedatus,
908 1832 940 1856 nt
969 1822 1027 1856 sibi
1056 1830 1085 1857 et
1098 1822 1167 1856 aliis

416 1872 557 1919 proficiat
583 1872 621 1907 ad
657 1872 790 1906 salutern
808 1899 815 1911 ,
852 1873 883 1906 in
906 1884 1011 1906 sacrae
1034 1872 1167 1906 lectione

416 1922 546 1967 paginae
561 1922 734 1965 studiosus,
758 1921 846 1955 atad
871 1921 1038 1967 perfectam
1062 1921 1168 1955 excel·

414 1970 528 2004 lentiae
550 1982 706 2017 supernae
733 1970 944 2015 cognitionem
974 1970 1072 2005 valeat
1095 1983 1167 2015 per-

416 2021 537 2059 venire3
562 2028 724 2066 praestans
740 2027 767 2053 et
784 2029 949 2065 promptus
969 2020 998 2053 in
1019 2020 1168 2066 operibus

414 2069 586 2112 charitatis,
609 2077 640 2102 ut
662 2068 834 2115 adimpleat
856 2069 957 2114 legem
986 2068 1123 2107 Christi,
1151 2082 1166 2103 a

416 2119 491 2152 mari
517 2130 616 2164 usque
643 2118 679 2151 ad
705 2129 790 2152 mare
823 2118 966 2164 palmites
989 2130 1062 2152 suos
1093 2130 1168 2151 me-

416 2169 478 2201 ruit
501 2168 643 2209 dilatare,
656 2167 729 2214 quia
744 2167 936 2213 gradualiter
950 2166 987 2200 ad
1018 2168 1165 2201 virtutum

414 2217 554 2250 culmina
572 2225 716 2263 patenter
731 2216 884 2256 ascendit,
907 2224 936 2250 et
960 2216 1090 2263 proinde
1114 2229 1168 2263 per

414 2270 500 2304 Sacri
520 2270 706 2305 pneumatis
734 2270 957 2304 inflammantis
983 2269 1078 2305 corda
1105 2270 1168 2304 de—

416 2324 488 2358 bilia
513 2324 634 2358 listulas
646 2324 754 2369 gratiis
772 2324 953 2363 abundavit,
971 2324 1168 2370 dignumque

415 2390 449 2412 se
476 2378 612 2412 reddidit
636 2390 651 2411 a
668 2377 810 2411 Romana
830 2377 984 2415 Ecclesia,
1007 2377 1167 2411 Ecclesia-

417 2444 485 2466 rum
519 2432 659 2465 omnium
697 2432 842 2477 magistra
861 2459 868 2469 ,
892 2431 999 2465 multis
1027 2431 1166 2477 insigniri

416 2485 597 2532 privilegiis,
625 2493 653 2519 et
695 2485 839 2531 gratiosis
879 2484 1038 2519 favoribus
1078 2497 1169 2519 com-

417 2539 542 2574 muniri.

465 2593 485 2640 S
509 2595 538 2626 1.
567 2592 671 2627 Huius
692 2605 820 2639 quoque
850 2593 971 2627 ordinis
999 2592 1038 2627 ab
1061 2592 1168 2626 adole-

417 2647 533 2680 scentia
565 2657 669 2682 nostra
693 2656 930 2693 perseveranter
959 2647 1067 2693 iugum
1095 2659 1169 2681 sus-

1208 450 1236 470 tn
1255 436 1309 471 illo
1331 447 1424 482 quam
1442 443 1526 469 extra
1544 434 1660 480 ipsunt,
1676 434 1861 468 successivis
1875 445 1959 480 prae·
1974 438 2032 459 0¹¹⁰·-

1207 486 1358 519 lationtun
1383 483 1573 523 honoribus,
1601 491 1631 517 ct
1659 482 1784 517 tandem
1812 494 1958 517 conscen-

1206 534 1332 577 dimus,
1355 545 1546 580 quamquam
1571 532 1736 572 immeriti,
1759 531 1876 566 sumini
1906 543 1959 566 ca-

1207 583 1349 617 thedram
1379 591 1566 629 pastoratus.
1587 581 1959 626 Licetautem,exigento

1206 631 1369 678 apostolici
1384 631 1547 665 ministerii
1558 629 1823 673 ‹zui-a,cutustibet
1839 629 1960 663 ordinis

1207 680 1368 727 approbati
1399 681 1630 714 incrementum
1656 678 1729 713 felix
1759 687 1789 713 et
1812 678 1958 713 floridum

1209 729 1310 775 plenis
1337 728 1500 763 affectibus
1533 729 1561 762 in
1590 740 1627 763 eo
1661 727 1825 772 zelemur,
1851 739 1869 762 a
1895 739 1960 774 quo

1208 778 1346 812 coelicae
1368 789 1404 812 ac
1429 786 1569 812 terrenae
1592 777 1702 812 salutis
1726 776 1875 821 perfectio
1902 776 1960 811 de-

1210 828 1351 866 rivatur;
1379 826 1528 861 eumdem
1565 834 1667 860 tamen
1712 825 1959 861 Cisterciensem

1207 876 1350 910 ordinem
1378 876 1444 910 acie
1468 876 1608 910 internae.
1631 876 1807 910 devotionis
1830 883 1860 909 et
1883 875 1960 909 cha--

1209 925 1306 958 ritatis
1333 924 1521 971 aspicimus;
1544 932 1574 957 et
1600 936 1646 963 ea,
1673 937 1754 971 quae
1782 925 1884 971 ipsius
1910 936 1961 958 sa—

1208 973 1304 1008 lutem
1315 982 1343 1007 et
1361 974 1599 1020 prosperitatem
1611 974 1961 1020 respiciunt,quatenus

1208 1024 1324 1057 aeterni
1351 1022 1451 1057 Patris
1475 1022 1679 1069 beneplacitis
1697 1022 1872 1068 gratificare
1890 1034 1961 1058 cre-

1209 1072 1326 1112 dimus,
1350 1071 1559 1106 favorabiliter
1583 1083 1816 1118 promovemus.

1257 1121 1276 1168 g
1299 1123 1332 1155 2.
1356 1120 1439 1156 Sane
1455 1129 1653 1156 recensentes
1669 1120 1860 1161 memoriter,
1876 1121 1959 1167 quod

1208 1170 1247 1204 ab
1269 1171 1356 1210 olim,
1372 1171 1448 1204 dum
1471 1182 1597 1205 eramus
1620 1170 1699 1204 intra
1715 1170 1859 1204 ordinem
1877 1181 1962 1215 prae-

1209 1219 1352 1263 libatum,
1368 1228 1450 1253 certa
1476 1232 1533 1254 nos
1555 1219 1750 1265 experientia
1775 1218 1961 1259 instruebat

1208 1269 1293 1315 quod
1316 1281 1413 1315 super
1438 1268 1683 1315 quamplurimis
1717 1268 1859 1302 articulis
1881 1266 1961 1302 inse-

1210 1318 1275 1351 rius
1290 1318 1464 1364 explicam,
1490 1318 1566 1351 ordo
1590 1318 1655 1363 ipse
1683 1316 1873 1364 apostolicae
1889 1329 1963 1363 pro·-

1211 1367 1338 1401 visionis
1368 1366 1514 1401 remediis
1537 1366 1716 1411 indigebat;
1738 1366 1963 1401 noshactenus

1210 1425 1239 1450 et
1260 1416 1413 1450 moderno
1428 1424 1569 1462 tempore
1589 1428 1685 1462 super
1696 1416 1741 1449 eis
1754 1424 1784 1450 et
1800 1414 1963 1450 nonnullis

1209 1465 1280 1499 aliis
1318 1477 1332 1498 a
1353 1465 1476 1499 dilectis
1519 1465 1590 1498 filiis
1626 1463 1802 1499 Guillermo
1842 1464 1964 1498 Cister-

1209 1514 1318 1558 ciensi,
1347 1513 1464 1549 Ioanne
1490 1514 1528 1548 de
1560 1513 1745 1553 Firmitate,
1780 1513 1898 1548 Ioanne
1924 1513 1964 1547 de

1210 1562 1384 1598 Claravalle
1426 1571 1456 1596 et
1493 1562 1645 1597 Rziinaldo
1680 1562 1720 1597 de
1761 1562 1963 1596 Morimundo

1212 1613 1476 1647 monasteriorum
1500 1612 1575 1646 dicti
1598 1611 1719 1646 ordinis
1741 1611 1965 1646 Cabilonensis

1211 1670 1239 1695 et
1266 1661 1479 1708 Lingonensis
1500 1661 1655 1696 dioecesis
1678 1660 1865 1701 abbatibus,
1888 1660 1965 1694 dili-

1210 1712 1294 1756 genti
1331 1711 1499 1745 collatione
1537 1709 1716 1757 praehabita
1732 1737 1741 1754 ,
1779 1722 1877 1757 super
1917 1710 1966 1744 his

1210 1761 1360 1794 omnibus
1384 1760 1522 1806 plenarie
1546 1759 1702 1794 informati
1728 1760 1861 1806 (lignum
1877 1759 1964 1794 duci-

1211 1822 1283 1843 mus
1305 1818 1334 1844 et
1351 1822 1407 1856 pro
1422 1809 1546 1855 urgenti
1566 1809 1754 1843 necessitate
1775 1820 1811 1843 ac
1828 1808 1965 1843 evidenti

1212 1859 1345 1893 utilitate
1383 1858 1502 1893 ordinis
1536 1858 1723 1897 memorati,
1759 1857 1966 1892 suadentibus

1210 1908 1305 1942 etiam
1329 1907 1400 1942 aliis
1423 1908 1514 1941 iustis
1536 1915 1566 1941 et
1589 1906 1827 1942 rationabilibus
1849 1907 1965 1948 causis,

1210 1965 1324 1992 statuta
1348 1966 1377 1991 et
1397 1957 1624 1999 ordinationes,
1653 1964 1746 2003 prout
1772 1956 1871 1991 series
1890 1956 1966 1990 sub-

1210 2007 1324 2053 scripta
1363 2006 1538 2050 describit,
1573 2006 1756 2040 auctoritate
1793 2005 1964 2053 apostolica

1210 2055 1320 2090 edere:
1347 2068 1428 2103 quae
1456 2033 1602 2090 ioluinus
1622 2064 1652 2089 et
1673 2055 1875 2090 decernimus
1889 2054 1966 2089 soli·-

1210 2105 1281 2139 dam
1319 2105 1434 2139 habere
1472 2104 1594 2139 roboris
1631 2104 1833 2146 firmitatem,
1865 2116 1964 2151 eaque

1210 2154 1326 2188 debere
1358 2154 1518 2200 perpetuis
1547 2153 1660 2188 tuturis
1688 2153 1883 2200 temporibus
1911 2154 1964 2188 tir-

1212 2204 1303 2237 miter
1329 2203 1501 2243 observari,
1530 2202 1693 2238 videlicet:

1259 2252 1279 2299 g
1303 2255 1335 2286 5.
1359 2252 1441 2287 Cum
1469 2251 1608 2286 cautelae
1637 2252 1773 2307 provisio
1797 2252 1826 2285 in
1859 2252 1963 2286 omni-

1211 2301 1270 2336 bus
1292 2302 1330 2335 sit
1349 2301 1504 2340 habenda,
1523 2310 1554 2335 et
1577 2302 1744 2348 praecipue
1757 2313 1796 2336 ne
1813 2301 1961 2356 paul—'atim

1211 2350 1353 2385 dcteniat
1379 2352 1408 2385 in
1438 2350 1625 2397 collapsum,
1653 2351 1736 2398 quod
1759 2359 1807 2385 est
1826 2351 1962 2398 antiqui-

1213 2408 1272 2434 tate
1307 2400 1352 2434 vel
1383 2401 1560 2447 prolixitate
1588 2401 1703 2447 peracti
1734 2400 1885 2447 temporis
1907 2412 1964 2435 ac·-

1211 2449 1377 2496 quisitum,
1404 2450 1575 2484 statuimus
1588 2462 1624 2484 ac
1646 2450 1740 2485 etiarn
1765 2449 1963 2486 ordinamus

1211 2499 1294 2545 quod
1323 2498 1458 2544 quilibet
1485 2507 1660 2534 conventus
1687 2499 1828 2534 cuiusvis
1851 2511 1964 2533 mona-

1211 2548 1296 2581 sterii
1321 2560 1375 2582 seu
1404 2549 1532 2582 alterius
1558 2548 1615 2582 loci
1644 2547 1863 2583 conventualis
1889 2548 1962 2583 dicti

1211 2597 1330 2631 ordinis
1366 2597 1476 2632 habeat
1506 2598 1666 2643 proprium
1695 2607 1725 2632 et
1755 2597 1891 2644 speciale
1917 2597 1964 2633 si-

1211 2646 1331 2692 gillum.
1353 2646 1391 2681 Et
1405 2646 1488 2693 quod
1504 2646 1640 2693 quilibet
1654 2647 1750 2682 abbas
1767 2647 1963 2688 monasterii,

1989 1130 2076 1151 Nonnisi
2113 1136 2163 1156 gra-

1975 1162 2069 1181 vissimis
2077 1162 2102 1181 de
2113 1166 2164 1181 cuu-

1976 1194 2005 1212 sis
2031 1197 2054 1212 ιιο
2083 1195 2160 1212 motum

1977 1230 1999 1243 as
2002 1225 2053 1244 serit
2069 1225 2092 1244 nd
2109 1224 2160 1244 haec

1978 1254 2060 1274 edenda
2077 1258 2161 1275 statuta.

1993 2258 2100 2286 l'roprtum
2117 2259 2164 2279 cui-

1979 2289 2029 2309 tibet
2053 2292 2162 2310 monaste-

1979 2321 1995 2340 ri
1991 2326 2009 2340 ιι)
2026 2321 2123 2347 sigillum.
