2274 3265
89 250 136 276 An.
155 251 183 275 (2.
202 250 265 275 Ιδίἰ

98 511 200 531 Triduum
234 516 265 529 ei-

85 544 129 561 dom
161 545 266 567 murittum

84 578 168 592 aureum
215 578 265 591 rrvnr

85 609 208 628 ressumqne
236 610 265 621 ιειε

84 635 179 654 randena
197 633 265 653 Errlw

85 672 167 685 FZ'TUVU.

89 1347 136 1366 Diti
146 1351 214 1365 tamrn
224 1353 254 1365 nm

80 1379 162 1397 nimmia
178 1377 263 1396 libertas

81 1409 181 1429 Ezetium
192 1411 212 1427 ct
223 1415 239 1427 m

81 1441 187 1461 navarris,
203 1443 260 1463 pust,

81 1478 140 1497 quam
151 1470 226 1490 luerint
239 1476 263 1489 ι»-ἶ

81 1505 159 1522 rectae.

99 2290 125 2309 Cn
130 2297 178 2309 ron·
206 2296 268 2309 arena

87 2321 154 2341 [udor
145 2327 270 2347 vrinimp-ri

884 248 1028 271 ‹JLEMENS
1051 249 1081 270 Vt
1112 248 1159 270 ΙῬ.

281 316 349 337 rum
378 303 508 338 consilio
531 312 559 338 et
583 316 712 338 assensu
729 332 737 347 ,
771 316 807 338 ac
839 303 1027 350 apostolicae

282 352 480 399 plenitudine
505 354 680 398 potestatis,
707 353 765 388 sub
788 353 894 391 modo,
918 353 1026 390 forma.

282 411 407 440 tenore„
442 403 678 438 conditionibus
709 411 738 437 et
765 402 1027 437 conventionibus

281 452 437 487 contentis
460 452 677 499 praesentibus
698 452 902 487 concedimus
924 460 953 486 ct
975 451 1023 485 do

282 514 415 543 namus,
450 511 542 549 teque
565 502 722 548 praedicto
753 501 845 536 feudo
879 515 933 548 per
958 514 1028 535 scc-

283 559 384 597 ptrnm
408 564 536 585 aureum
559 551 804 598 praesentialiter
833 551 1027 589 investimus,

281 601 391 636 dautes
432 601 638 635 nihilominus
678 601 754 640 tibi,
782 600 971 635 haeredibus
998 609 1028 634 et

281 650 520 685 successoribus
541 650 731 697 supradictis
756 650 878 697 plenam
899 660 928 685 et
947 649 1028 685 libe—

282 713 345 735 ram
375 708 558 747 potestatem
593 700 717 734 easdem
753 700 882 742 insulas,
909 699 1027 747 absque

281 758 384 785 tamen
408 749 484 783 iuris
505 749 633 783 alterius
657 750 860 794 praeiudicio,
885 758 916 783 nt
938 762 1028 796 prac-

282 800 425 838 mittitur,
458 799 640 845 acquirendi
669 812 705 833 ac
734 808 885 846 perpetuo
925 799 1028 846 possi-

280 849 387 887 dendi,
411 857 568 883 monetam
592 861 646 882 sen
674 858 815 897 monetas
844 849 1028 892 fabricandi,

280 908 310 934 et
337 898 394 932 alia
434 899 499 932 iura
528 898 665 943 regalia,
694 898 775 932 salva
809 899 1027 945 superioritate

281 948 413 983 Romani
439 947 613 987 pontificis,
631 949 660 981 in
676 948 795 982 eisdem
813 948 923 983 insulis
937 961 1028 983 exer—

280 997 383 1040 cendi,
404 1010 440 1031 ac
468 997 624 1031 licentiam
649 998 677 1031 in
701 998 746 1031 eis
769 1008 798 1032 et
821 1011 927 1032 earum
951 1011 1028 1044 qua-

280 1047 354 1082 libet
376 1046 523 1082 ecclesias
546 1055 575 1080 et,
598 1048 784 1081 monasteria
813 1048 1028 1087 construendi,

279 1097 388 1143 eisque
410 1096 499 1130 dotes
522 1109 678 1142 congruas
693 1097 886 1143 assignandi,
904 1097 950 1130 ius
974 1110 1029 1144 pa-

280 1154 421 1181 tronatus
449 1146 502 1180 tibi
527 1154 557 1180 et
586 1146 775 1180 haeredibus
801 1160 836 1180 ac
864 1159 1051 1204 successo-¹

281 1196 368 1231 ribus
391 1195 464 1239 tuis,
494 1204 585 1242 prout
608 1196 745 1230 instituta
775 1196 953 1230 concedunt
976 1208 1028 1230 ca—

281 1246 404 1288 nonica,
429 1244 626 1279 reservando.

327 1296 347 1342 S
374 1297 406 1327 2.
433 1294 602 1341 Postquam
629 1307 700 1328 xero
717 1294 745 1328 in
763 1294 882 1329 eisdem
904 1294 1028 1337 insulis,

258 1344 346 1379 ‘Deo
373 1344 578 1387 concedente,
603 1357 657 1390 per
683 1352 710 1377 te
740 1343 786 1378 rel
811 1342 962 1377 haeredes
975 1352 1025 1377 ant

244 1414 264 1424 n-
278 1406 478 1429 successores
506 1402 574 1427 tuos
602 1393 791 1438 praedictos,
814 1393 966 1427 ecelesiae
992 1405 1028 1426 ac

280 1443 466 1478 monasteria
484 1451 662 1477 constructa
686 1457 740 1477 seu
759 1443 884 1477 fundata
901 1442 1027 1481 luerint,

278 1503 309 1527 et
338 1494 366 1527 in
390 1493 508 1527 eisdem
534 1493 573 1527 de
597 1493 741 1539 praelatis
764 1501 793 1526 et
817 1492 961 1539 personis
981 1505 1027 1526 ec-

278 1543 464 1578 clesiasticis
499 1542 715 1577 saecularibus
748 1556 802 1577 seu
833 1542 1028 1588 regularibus

278 1594 429 1628 canonice
464 1593 640 1626 ordinatum
670 1592 819 1633 extiterit,
844 1591 969 1638 praelati
999 1600 1028 1625 et

279 1656 442 1689 personae,
460 1655 495 1676 ac
522 1642 696 1680 Ecclesiae,
724 1642 787 1677 sive
820 1641 1028 1681 cathedrales,

278 1693 343 1727 sive
370 1692 566 1738 collegiatae,
589 1693 767 1727 saeculares
789 1701 842 1726 ant
857 1691 1028 1738 regulares,

278 1752 306 1777 et
334 1743 525 1777 monasteria
547 1738 743 1789 ‘supradicta
777 1755 848 1776 cuin
886 1742 966 1775 locis
1001 1750 1028 1775 et

282 1793 372 1827 bonis
398 1792 463 1827 suis
491 1792 520 1826 in
545 1792 765 1835 electionibus,
795 1790 1030 1837 proiisionibns

281 1852 309 1876 et
323 1842 471 1876 omnibus
485 1843 552 1876 aliis
568 1843 656 1887 plena
672 1842 813 1876 libertate
826 1840 1027 1886 gaudebunt:

281 1905 375 1938 quam
407 1892 582 1926 libertatem
613 1900 642 1924 tn
672 1899 701 1925 et
730 1891 880 1926 haeredes
907 1899 936 1925 et
954 1903 1030 1924 suc-

282 1953 425 1976 cessores
455 1953 580 1986 semper
601 1940 844 1974 manutenebitis
859 1940 976 1975 eisdem
1000 1947 1031 1974 et

282 1990 531 2027 conservabitis,
562 1999 591 2024 et
619 1991 815 2025 manuteneri
843 1999 872 2024 et
901 2002 1030 2024 conser—

284 2040 345 2074 vari
369 2040 488 2074 facietis
509 2039 548 2074 ab
574 2039 722 2074 omnibus
744 2039 879 2074 subditis
903 2040 1028 2073 restris:

282 2090 429 2136 dictaque
454 2089 613 2124 Ecclesiae.
636 2098 664 2123 et
688 2090 872 2124 monasteria
901 2102 936 2123 ae
959 2102 1032 2134 per-

283 2152 379 2174 sonae
416 2147 545 2174 utentur
573 2138 671 2173 libere
706 2139 855 2173 omnibus
884 2138 974 2173 bonis
1001 2147 1030 2172 ct

284 2188 406 2223 iuribus
428 2189 626 2224 eor.umdem

332 2242 352 2283 ξ
374 2242 406 2273 3.
429 2239 467 2274 Et
492 2247 524 2273 ut
550 2252 603 2285 pei
624 2239 863 2274 concessionem
893 2247 1030 2273 nostram

284 2288 463 2323 huiusmodi
502 2289 631 2335 potioris
659 2289 819 2334 ‹limitatis
841 2288 930 2322 titulo
955 2288 1031 2322 red-

283 2338 366 2372 daris
395 2339 550 2384 insignis,
573 2339 756 2373 auc¹toritite
783 2338 936 2384 praedicti
957 2366 963 2375 ,
992 2338 1030 2371 de

285 2389 423 2434 ipsorum
449 2389 575 2422 l'ratrum
604 2387 736 2421 consilio
762 2397 791 2421 et
813 2400 960 2431 assensu,
983 2387 1032 2420 ‹li-

283 2446 402 2472 etarum
428 2438 625 2477 insularum,
653 2450 731 2484 quas
760 2438 798 2471 de
821 2445 944 2472 cietero
967 2437 1031 2471 sore

284 2486 485 2522 decernimus
508 2487 733 2534 principatum
762 2488 928 2534 ipsumque
950 2486 1030 2521 Fot—

284 2537 391 2571 tuniae
408 2537 595 2582 nuncupari
607 2550 782 2584 principem
799 2536 1031 2577 constituimus,

284 2599 432 2621 (oronam
463 2600 588 2620 auream
620 2599 649 2620 in
673 2600 798 2633 signum
821 2586 924 2633 adepti
957 2586 1032 2620 dicti

285 2636 494 2684 principatus
523 2637 632 2684 tuique
656 2636 785 2671 honoris
807 2643 1032 2682 augmentum,

1698 240 1765 271 4⁷5

1070 310 1124 337 tuo
1154 302 1247 349 capiti
1286 304 1400 337 nostris
1427 303 1572 337 manibus
1602 302 1818 349 imponendo,

1071 352 1211 386 volentes
1241 360 1272 385 ut
1306 360 1335 385 tu
1371 361 1399 386 et
1436 353 1558 387 illorum
1589 352 1737 399 quilibet,
1764 354 1817 400 qui

1070 409 1135 435 tnm
1159 402 1216 435 erit
1235 401 1263 435 in
1284 402 1394 436 eodem
1412 402 1586 449 principatu
1604 403 1713 437 haeres
1726 410 1818 449 atquc

1070 464 1245 493 successor,
1261 451 1409 498 princeps
1432 451 1601 486 Fortuniae
1624 451 1765 486 debeatis
1779 452 1816 486 de

1069 509 1194 535 caetero
1223 501 1391 540 nominari,
1421 501 1458 535 ita
1482 501 1564 548 quod
1589 509 1619 535 tn
1645 501 1736 535 nobis
1764 514 1818 548 per

1071 558 1099 584 te
1121 559 1151 585 ct
1180 550 1272 584 iidem
1304 549 1455 585 haeredes
1478 559 1505 584 et
1534 563 1733 585 successores
1775 552 1816 585 tui

1071 601 1100 633 in
1124 599 1208 634 dicto
1230 600 1405 646 principatu
1432 599 1522 634 nobis
1543 608 1571 633 et
1594 601 1669 645 ipsis
1685 601 1818 646 singulis

1069 649 1309 684 successoribus
1322 650 1436 684 nostris
1444 649 1597 684 Romanis
1611 649 1819 684 Pontificibus

1072 712 1125 744 per
1149 713 1201 734 ros
1225 700 1269 733 vel
1306 707 1526 746 procuratores
1551 706 1671 734 vestros
1698 699 1734 733 ad
1760 699 1819 734 boc

1072 749 1209 795 legitime
1229 750 1419 784 constitutos
1439 749 1685 795 recognitionem
1709 757 1739 783 et
1763 749 1820 784 bo-

1072 800 1208 845 magium
1234 799 1340 845 ligium
1366 799 1478 839 facere,
1498 808 1527 833 et
1550 799 1677 845 plenum
1704 799 1821 833 vassal-

1072 848 1184 895 lagium
1203 857 1233 883 et
1248 849 1407 883 fidelitatis
1431 850 1643 884 iuramentum
1661 857 1820 894 praestare

1072 899 1253 934 tenebimini
1287 899 1371 933 iuxta
1401 899 1531 934 sormam
1561 898 1692 933 inferius
1718 911 1821 933 anno-

1071 957 1175 983 tatam.
1209 949 1378 983 Caeterum
1411 949 1435 982 si
1466 949 1566 987 forte,
1602 948 1822 984 deficientibus

1072 998 1233 1039 masculis,
1261 999 1430 1045 contigerit
1463 999 1630 1033 foeminam
1655 999 1819 1045 innuptam

1072 1048 1101 1081 in
1125 1048 1207 1083 (licto
1232 1048 1408 1094 principatu
1439 1048 1622 1085 succedere,
1652 1047 1701 1081 illa
1727 1048 1821 1082 mari-

1071 1097 1187 1131 tabitnr
1210 1111 1273 1131 uro
1296 1098 1448 1132 catholico
1470 1107 1498 1132 et
1520 1097 1678 1132 Ecclesiae
1700 1097 1820 1132 Roma-

1072 1160 1128 1182 nae
1169 1147 1299 1185 devoto;
1341 1147 1475 1182 Romani
1513 1155 1616 1182 tamen
1657 1147 1820 1182 Pontificis

1072 1197 1159 1243 prius
1180 1210 1276 1242 super
1305 1196 1364 1230 hoc
1387 1197 1522 1231 consilio
1546 1196 1708 1243 requisito.

1119 1247 1139 1289 Ε
1167 1249 1198 1279 4.
1229 1246 1266 1280 Et
1289 1247 1416 1292 insuper
1444 1255 1504 1280 tam
1529 1254 1559 1280 tu
1587 1259 1681 1292 quam
1710 1246 1820 1281 haere-

1070 1295 1144 1328 dum
1174 1295 1305 1341 quilibet
1329 1304 1358 1329 et
1381 1309 1599 1330 successorum
1635 1303 1759 1330 tuorum
1790 1296 1819 1329 in

1071 1345 1155 1379 dicto
1176 1345 1367 1391 principatu,
1386 1354 1411 1379 et
1434 1358 1489 1391 pro
1512 1346 1580 1391 ipso
1600 1359 1729 1380 censum
1749 1359 1823 1392 qua-

1070 1395 1305 1442 dringentorum
1353 1395 1543 1431 florenorum
1581 1396 1653 1431 boni
1689 1406 1719 1431 et
1755 1396 1821 1441 puri

1070 1451 1149 1489 anri,
1187 1463 1221 1484 ac
1256 1449 1338 1484 conii
1388 1458 1417 1483 et
1453 1449 1602 1495 ponderis
1649 1449 1822 1491 florentini,

1071 1500 1264 1547 ubicumque
1288 1498 1451 1534 Romanus
1475 1499 1615 1534 Pontifex
1639 1498 1743 1538 luerit,
1763 1499 1820 1546 ipsi

1071 1550 1215 1585 Romano
1244 1549 1402 1587 Pontifici,
1425 1549 1478 1596 qni
1502 1550 1558 1585 erit
1591 1561 1646 1595 pro
1669 1557 1823 1595 tempore,

1070 1610 1100 1635 et
1120 1600 1279 1634 Ecclesiae
1300 1599 1475 1639 Romanae,
1500 1600 1544 1634 vel
1566 1600 1623 1646 ipsi
1647 1598 1822 1640 Ecclesiae,

1071 1650 1123 1684 ubi
1148 1650 1212 1693 ipsa
1247 1649 1352 1693 fuerit,
1379 1649 1462 1684 Sede
1485 1658 1623 1689 vacante,
1659 1649 1822 1695 recipienti

1073 1713 1127 1745 pro
1150 1700 1257 1735 futuro
1280 1699 1446 1741 pontifice,
1469 1709 1499 1735 et
1523 1712 1578 1746 pro
1602 1698 1745 1746 portione
1764 1697 1822 1733 col-

1072 1750 1188 1795 legium
1219 1749 1316 1794 ipsius
1356 1749 1516 1784 Ecclesiae
1554 1749 1757 1795 contingente
1792 1748 1822 1782 in

1073 1800 1150 1833 festo
1179 1800 1344 1833 Beatornm
1368 1798 1451 1834 Petri
1475 1807 1504 1833 et
1527 1798 1616 1833 Pauli
1641 1798 1732 1832 annis
1759 1797 1824 1832 sin-

1072 1849 1154 1894 gulis
1196 1849 1390 1894 integraliter
1430 1849 1628 1894 persolvetis:
1657 1847 1695 1883 ad
1728 1860 1822 1895 quern

1074 1911 1218 1936 censum.
1247 1906 1279 1931 nt
1318 1899 1538 1945 praemittitur,
1568 1897 1825 1945 persolvendum,

1074 1957 1133 1982 tam
1155 1956 1198 1990 tu,
1222 1961 1315 1994 qnam
1339 1948 1469 1994 quilibet
1492 1948 1661 1983 haeredum
1700 1957 1729 1982 et
1751 1960 1826 1982 suc-

1072 2010 1232 2032 cessorum
1256 2007 1381 2033 tuorum
1411 1998 1441 2031 in
1465 1997 1550 2032 dicto
1579 1997 1753 2044 principatu
1779 2006 1824 2031 te-

1075 2047 1223 2082 nebimini
1260 2057 1289 2081 et
1311 2048 1381 2082 sitis
1401 2048 1533 2082 astricti.
1557 2047 1589 2081 Si
1616 2060 1688 2081 vero
1710 2055 1741 2081 tu
1779 2047 1824 2081 vel

1073 2097 1266 2144 quicumque
1301 2097 1471 2131 haeredum
1512 2109 1567 2131 seu
1602 2109 1823 2131 successorum

1075 2159 1198 2185 tuorum
1237 2151 1265 2185 in
1295 2151 1380 2186 dicto
1415 2151 1590 2197 principatu
1619 2158 1734 2185 statuto
1763 2158 1826 2184 ter-

1074 2205 1159 2239 mino
1186 2218 1246 2239 non
1275 2205 1428 2240 solveritis
1456 2205 1587 2250 integre,
1610 2212 1643 2240 ut
1676 2204 1825 2251 praemit-

1074 2261 1159 2298 titur,
1183 2272 1326 2300 censum,
1357 2268 1384 2294 et
1416 2260 1571 2305 expectati
1601 2272 1655 2306 per
1689 2266 1826 2305 quatuor

1074 2326 1210 2350 menses.
1233 2315 1403 2348 terminum
1428 2314 1528 2358 ipsum
1551 2314 1687 2359 primum
1712 2313 1825 2347 imme-

1073 2368 1155 2401 diate
1187 2376 1368 2414 sequentes,
1398 2368 1436 2401 sle
1465 2368 1519 2401 illo
1541 2367 1578 2402 ad
1609 2368 1735 2415 plenum
1761 2381 1822 2402 non

1074 2421 1298 2465 satisfeceritis,
1322 2435 1358 2455 eo
1382 2421 1448 2467 ipso
1470 2421 1555 2455 eritis
1573 2421 1827 2457 excommnnica-

1075 2476 1168 2510 tionis
1183 2476 1308 2510 vinculo
1322 2475 1472 2510 innodati.
1496 2474 1588 2517 Quod
1601 2475 1625 2509 si
1638 2475 1666 2509 in
1682 2475 1823 2510 secundo

1075 2530 1209 2564 termino
1231 2530 1307 2564 infra
1337 2529 1567 2575 subsequentes
1589 2537 1725 2576 quatuor
1745 2528 1823 2565 alios

1075 2596 1200 2617 menses
1220 2583 1364 2618 eumdem
1386 2596 1514 2618 censum
1532 2583 1599 2618 sine
1613 2583 1824 2618 diminutione

1075 2637 1212 2685 qualibet
1227 2650 1287 2672 non
1302 2637 1521 2685 persolveritis,
1537 2645 1620 2672 totus
1631 2637 1825 2686 principatus

1834 250 1881 273 An.
1906 248 1923 272 C
1951 248 2014 273 ¹3th

1844 618 1914 637 Μέιῐῆ
1925 619 2018 637 Μῠᾶιίθ

1833 650 1954 675 [immundi
1981 649 2017 667 bar

1833 686 1921 703 manium
1933 679 1980 698 5⁶⁴·
1997 681 2018 699 ἱ-

1835 711 1950 737 ῃοςιοΙῐυο

1843 1255 1957 1282 impetam}
1968 1259 2019 1275 een-

1836 1292 1871 1307 !us
1881 1287 2021 1311 quadrimem-

1836 1321 1903 1337 tnrum
1943 1322 2021 1336 aurea*

1836 1355 1879 1370 rum
