<?xml version="1.0" encoding="UTF-8"?>
<!DOCTYPE html PUBLIC "-//W3C//DTD XHTML 1.0 Transitional//EN"
    "http://www.w3.org/TR/xhtml1/DTD/xhtml1-transitional.dtd">
<html xmlns="http://www.w3.org/1999/xhtml" xml:lang="en" lang="en">
 <head>
  <title>
</title>
<meta http-equiv="Content-Type" content="text/html;charset=utf-8" />
  <meta name='ocr-system' content='tesseract 3.04.00' />
  <meta name='ocr-capabilities' content='ocr_page ocr_carea ocr_par ocr_line ocrx_word'/>
</head>
<body>
  <div class='ocr_page' id='page_1' title='image "./bullarumdiplomat04cath_0229.png"; bbox 0 0 2274 3265; ppageno 0'>
   <div class='ocr_carea' id='block_1_1' title="bbox 105 282 279 310">
    <p class='ocr_par' dir='ltr' id='par_1_1' title="bbox 105 282 279 310">
     <span class='ocr_line' id='line_1_1' title="bbox 105 282 279 310; baseline -0.011 0"><span class='ocrx_word' id='word_1_1' title='bbox 105 284 154 310; x_wconf 77' lang='lat' dir='ltr'><strong>An.</strong></span> <span class='ocrx_word' id='word_1_2' title='bbox 172 282 200 308; x_wconf 88' lang='lat' dir='ltr'><strong>C.</strong></span> <span class='ocrx_word' id='word_1_3' title='bbox 218 283 279 308; x_wconf 80' lang='grc'>1511</span> 
     </span>
    </p>
   </div>
   <div class='ocr_carea' id='block_1_2' title="bbox 0 0 2 604">
    <p class='ocr_par' dir='ltr' id='par_1_2' title="bbox 0 0 2 604">
     <span class='ocr_line' id='line_1_2' title="bbox 0 0 2 604; baseline 0 0"><span class='ocrx_word' id='word_1_4' title='bbox 0 0 2 604; x_wconf 95' lang='lat' dir='ltr'><strong> </strong></span> 
     </span>
    </p>
   </div>
   <div class='ocr_carea' id='block_1_3' title="bbox 103 593 286 677">
    <p class='ocr_par' dir='ltr' id='par_1_3' title="bbox 103 593 285 677">
     <span class='ocr_line' id='line_1_3' title="bbox 118 593 285 613; baseline -0.014 0"><span class='ocrx_word' id='word_1_5' title='bbox 118 594 159 613; x_wconf 50' lang='lat' dir='ltr'><strong>Soli</strong></span> <span class='ocrx_word' id='word_1_6' title='bbox 192 593 285 613; x_wconf 55' lang='lat' dir='ltr'><strong>Pontio.</strong></span> 
     </span>
     <span class='ocr_line' id='line_1_4' title="bbox 106 625 249 645; baseline -0.007 -1"><span class='ocrx_word' id='word_1_7' title='bbox 106 625 201 645; x_wconf 64' lang='lat' dir='ltr'><strong>exhiheri</strong></span> <span class='ocrx_word' id='word_1_8' title='bbox 227 630 249 643; x_wconf 81' lang='lat' dir='ltr'><strong>so</strong></span> 
     </span>
     <span class='ocr_line' id='line_1_5' title="bbox 103 657 286 677; baseline -0.006 0"><span class='ocrx_word' id='word_1_9' title='bbox 103 659 169 677; x_wconf 77' lang='lat' dir='ltr'><strong>omitti</strong></span> <span class='ocrx_word' id='word_1_10' title='bbox 204 657 286 676; x_wconf 75' lang='lat' dir='ltr'><strong>iustum.</strong></span> 
     </span>
    </p>
   </div>
   <div class='ocr_carea' id='block_1_4' title="bbox 0 761 4 1738">
    <p class='ocr_par' dir='ltr' id='par_1_4' title="bbox 0 761 4 1738">
     <span class='ocr_line' id='line_1_6' title="bbox 0 761 4 1738; baseline 0 0"><span class='ocrx_word' id='word_1_11' title='bbox 0 761 4 1738; x_wconf 95' lang='lat' dir='ltr'><strong> </strong></span> 
     </span>
    </p>
   </div>
   <div class='ocr_carea' id='block_1_5' title="bbox 96 2130 281 2337">
    <p class='ocr_par' dir='ltr' id='par_1_5' title="bbox 96 2130 281 2337">
     <span class='ocr_line' id='line_1_7' title="bbox 111 2130 281 2157; baseline 0.012 -6"><span class='ocrx_word' id='word_1_12' title='bbox 111 2130 175 2157; x_wconf 73' lang='lat' dir='ltr'><strong>Exigit</strong></span> <span class='ocrx_word' id='word_1_13' title='bbox 191 2132 214 2151; x_wconf 77' lang='lat' dir='ltr'><strong>ab</strong></span> <span class='ocrx_word' id='word_1_14' title='bbox 224 2131 281 2152; x_wconf 75' lang='lat' dir='ltr'><strong>Hen—</strong></span> 
     </span>
     <span class='ocr_line' id='line_1_8' title="bbox 97 2163 279 2186; baseline 0.011 -4"><span class='ocrx_word' id='word_1_15' title='bbox 97 2163 140 2183; x_wconf 77' lang='lat' dir='ltr'><strong>riro</strong></span> <span class='ocrx_word' id='word_1_16' title='bbox 167 2163 279 2186; x_wconf 77' lang='lat' dir='ltr'><strong>Clemens.</strong></span> 
     </span>
     <span class='ocr_line' id='line_1_9' title="bbox 96 2195 280 2221; baseline 0.011 -8"><span class='ocrx_word' id='word_1_17' title='bbox 96 2198 116 2214; x_wconf 74' lang='lat' dir='ltr'><strong>u!</strong></span> <span class='ocrx_word' id='word_1_18' title='bbox 128 2195 243 2221; x_wconf 73' lang='lat' dir='ltr'><strong>promulget</strong></span> <span class='ocrx_word' id='word_1_19' title='bbox 253 2196 280 2215; x_wconf 86' lang='lat' dir='ltr'><strong>nil</strong></span> 
     </span>
     <span class='ocr_line' id='line_1_10' title="bbox 97 2225 266 2252; baseline 0 -8"><span class='ocrx_word' id='word_1_20' title='bbox 97 2225 164 2245; x_wconf 75' lang='lat' dir='ltr'><strong>damni</strong></span> <span class='ocrx_word' id='word_1_21' title='bbox 181 2231 206 2246; x_wconf 75' lang='lat' dir='ltr'><strong>er.</strong></span> <span class='ocrx_word' id='word_1_22' title='bbox 217 2232 266 2252; x_wconf 66' lang='lat' dir='ltr'><strong>prat·</strong></span> 
     </span>
     <span class='ocr_line' id='line_1_11' title="bbox 97 2257 270 2277; baseline 0.013 -2"><span class='ocrx_word' id='word_1_23' title='bbox 97 2257 200 2277; x_wconf 72' lang='lat' dir='ltr'><strong>tei-missis</strong></span> <span class='ocrx_word' id='word_1_24' title='bbox 221 2257 270 2277; x_wconf 85' lang='lat' dir='ltr'><strong>Ron</strong></span> 
     </span>
     <span class='ocr_line' id='line_1_12' title="bbox 96 2284 281 2308; baseline 0.006 -2"><span class='ocrx_word' id='word_1_25' title='bbox 96 2284 192 2307; x_wconf 70' lang='lat' dir='ltr'><strong>pontiflci</strong></span> <span class='ocrx_word' id='word_1_26' title='bbox 203 2287 281 2308; x_wconf 79' lang='lat' dir='ltr'><strong>obven-</strong></span> 
     </span>
     <span class='ocr_line' id='line_1_13' title="bbox 96 2320 170 2337; baseline 0 0"><span class='ocrx_word' id='word_1_27' title='bbox 96 2320 170 2337; x_wconf 82' lang='lat' dir='ltr'><strong>turum.</strong></span> 
     </span>
    </p>
   </div>
   <div class='ocr_carea' id='block_1_6' title="bbox 937 279 1190 302">
    <p class='ocr_par' dir='ltr' id='par_1_6' title="bbox 937 279 1190 302">
     <span class='ocr_line' id='line_1_14' title="bbox 937 279 1190 302; baseline -0.004 0"><span class='ocrx_word' id='word_1_28' title='bbox 937 279 1082 302; x_wconf 67' lang='lat' dir='ltr'><strong>CLEMENS</strong></span> <span class='ocrx_word' id='word_1_29' title='bbox 1102 280 1119 300; x_wconf 74' lang='lat' dir='ltr'>V</span> <span class='ocrx_word' id='word_1_30' title='bbox 1144 280 1190 301; x_wconf 69' lang='grc' dir='ltr'><strong>ΡΙ).</strong></span> 
     </span>
    </p>
   </div>
   <div class='ocr_carea' id='block_1_7' title="bbox 269 334 1051 2717">
    <p class='ocr_par' dir='ltr' id='par_1_7' title="bbox 300 334 1047 530">
     <span class='ocr_line' id='line_1_15' title="bbox 301 334 1045 381; baseline 0 -13"><span class='ocrx_word' id='word_1_31' title='bbox 301 334 425 374; x_wconf 80' lang='lat' dir='ltr'><strong>banen.‚</strong></span> <span class='ocrx_word' id='word_1_32' title='bbox 462 334 589 381; x_wconf 82' lang='lat' dir='ltr'><strong>reliquis</strong></span> <span class='ocrx_word' id='word_1_33' title='bbox 629 335 786 370; x_wconf 72' lang='lat' dir='ltr'><strong>submissa</strong></span> <span class='ocrx_word' id='word_1_34' title='bbox 825 348 897 369; x_wconf 68' lang='lat' dir='ltr'><strong>roeo</strong></span> <span class='ocrx_word' id='word_1_35' title='bbox 937 335 1045 369; x_wconf 81' lang='lat' dir='ltr'><strong>eadem</strong></span> 
     </span>
     <span class='ocr_line' id='line_1_16' title="bbox 302 383 1047 431; baseline 0.003 -14"><span class='ocrx_word' id='word_1_36' title='bbox 302 384 391 418; x_wconf 86' lang='lat' dir='ltr'><strong>verba</strong></span> <span class='ocrx_word' id='word_1_37' title='bbox 404 383 594 423; x_wconf 75' lang='lat' dir='ltr'><strong>dicentibus.</strong></span> <span class='ocrx_word' id='word_1_38' title='bbox 611 393 701 431; x_wconf 83' lang='lat' dir='ltr'><strong>prout</strong></span> <span class='ocrx_word' id='word_1_39' title='bbox 727 385 756 419; x_wconf 86' lang='lat' dir='ltr'><strong>in</strong></span> <span class='ocrx_word' id='word_1_40' title='bbox 775 384 877 419; x_wconf 85' lang='lat' dir='ltr'><strong>verbis</strong></span> <span class='ocrx_word' id='word_1_41' title='bbox 889 384 927 419; x_wconf 90' lang='lat' dir='ltr'><strong>ad</strong></span> <span class='ocrx_word' id='word_1_42' title='bbox 944 385 1047 431; x_wconf 92' lang='lat' dir='ltr'><strong>impo-</strong></span> 
     </span>
     <span class='ocr_line' id='line_1_17' title="bbox 300 434 1047 481; baseline 0.003 -14"><span class='ocrx_word' id='word_1_43' title='bbox 300 434 444 469; x_wconf 83' lang='lat' dir='ltr'><strong>sitionem</strong></span> <span class='ocrx_word' id='word_1_44' title='bbox 475 434 635 468; x_wconf 84' lang='lat' dir='ltr'><strong>mitrarum</strong></span> <span class='ocrx_word' id='word_1_45' title='bbox 654 444 683 468; x_wconf 87' lang='lat' dir='ltr'><strong>et</strong></span> <span class='ocrx_word' id='word_1_46' title='bbox 711 434 923 469; x_wconf 78' lang='lat' dir='ltr'>diadematum</span> <span class='ocrx_word' id='word_1_47' title='bbox 951 446 1047 481; x_wconf 86' lang='lat' dir='ltr'><strong>supe-</strong></span> 
     </span>
     <span class='ocr_line' id='line_1_18' title="bbox 303 484 661 530; baseline 0 -13"><span class='ocrx_word' id='word_1_48' title='bbox 303 484 367 518; x_wconf 90' lang='lat' dir='ltr'><strong>rius</strong></span> <span class='ocrx_word' id='word_1_49' title='bbox 393 492 440 517; x_wconf 75' lang='lat' dir='ltr'><strong>est</strong></span> <span class='ocrx_word' id='word_1_50' title='bbox 467 496 661 530; x_wconf 76' lang='lat' dir='ltr'><strong>expressum.</strong></span> 
     </span>
    </p>

    <p class='ocr_par' dir='ltr' id='par_1_8' title="bbox 294 532 1051 2070">
     <span class='ocr_line' id='line_1_19' title="bbox 349 532 1047 579; baseline 0 -12"><span class='ocrx_word' id='word_1_51' title='bbox 349 538 364 577; x_wconf 65' lang='grc' dir='ltr'><strong>ξ,</strong></span> <span class='ocrx_word' id='word_1_52' title='bbox 390 536 443 567; x_wconf 89' lang='grc'><strong>19.</strong></span> <span class='ocrx_word' id='word_1_53' title='bbox 472 534 643 568; x_wconf 85' lang='lat' dir='ltr'><strong>Decantato</strong></span> <span class='ocrx_word' id='word_1_54' title='bbox 664 540 767 567; x_wconf 88' lang='lat' dir='ltr'><strong>autem</strong></span> <span class='ocrx_word' id='word_1_55' title='bbox 791 532 973 579; x_wconf 79' lang='lat' dir='ltr'><strong>Evangelio,</strong></span> <span class='ocrx_word' id='word_1_56' title='bbox 996 545 1047 568; x_wconf 87' lang='lat' dir='ltr'><strong>rex</strong></span> 
     </span>
     <span class='ocr_line' id='line_1_20' title="bbox 302 582 1050 629; baseline 0 -12"><span class='ocrx_word' id='word_1_57' title='bbox 302 583 500 618; x_wconf 79' lang='lat' dir='ltr'>coronandus</span> <span class='ocrx_word' id='word_1_58' title='bbox 521 582 629 617; x_wconf 80' lang='lat' dir='ltr'><strong>offerat</strong></span> <span class='ocrx_word' id='word_1_59' title='bbox 652 595 775 622; x_wconf 84' lang='lat' dir='ltr'><strong>auium</strong></span> <span class='ocrx_word' id='word_1_60' title='bbox 797 583 880 629; x_wconf 83' lang='grc' dir='ltr'><strong>ι]ιιοι1</strong></span> <span class='ocrx_word' id='word_1_61' title='bbox 897 583 934 617; x_wconf 91' lang='lat' dir='ltr'><strong>ad</strong></span> <span class='ocrx_word' id='word_1_62' title='bbox 953 583 1050 629; x_wconf 87' lang='lat' dir='ltr'><strong>pedes</strong></span> 
     </span>
     <span class='ocr_line' id='line_1_21' title="bbox 278 631 1048 673; baseline -0.001 -5.966"><span class='ocrx_word' id='word_1_63' title='bbox 278 631 435 667; x_wconf 81' lang='lat' dir='ltr'><strong>&#39;Romani</strong></span> <span class='ocrx_word' id='word_1_64' title='bbox 467 632 627 667; x_wconf 86' lang='lat' dir='ltr'><strong>Pontilicis</strong></span> <span class='ocrx_word' id='word_1_65' title='bbox 654 632 817 666; x_wconf 59' lang='lat' dir='ltr'><strong>consuerit</strong></span> <span class='ocrx_word' id='word_1_66' title='bbox 850 633 976 673; x_wconf 79' lang='lat' dir='ltr'><strong>offerri,</strong></span> <span class='ocrx_word' id='word_1_67' title='bbox 1011 633 1048 667; x_wconf 88' lang='lat' dir='ltr'><strong>ad</strong></span> 
     </span>
     <span class='ocr_line' id='line_1_22' title="bbox 305 681 1050 729; baseline -0.001 -12"><span class='ocrx_word' id='word_1_68' title='bbox 305 682 418 729; x_wconf 87' lang='lat' dir='ltr'><strong>pedem</strong></span> <span class='ocrx_word' id='word_1_69' title='bbox 442 682 567 716; x_wconf 89' lang='lat' dir='ltr'><strong>maioris</strong></span> <span class='ocrx_word' id='word_1_70' title='bbox 594 681 719 725; x_wconf 90' lang='lat' dir='ltr'><strong>altaris</strong></span> <span class='ocrx_word' id='word_1_71' title='bbox 747 682 831 729; x_wconf 91' lang='lat' dir='ltr'><strong>quod</strong></span> <span class='ocrx_word' id='word_1_72' title='bbox 857 695 910 717; x_wconf 62' lang='lat' dir='ltr'><strong>ros</strong></span> <span class='ocrx_word' id='word_1_73' title='bbox 938 694 1050 717; x_wconf 89' lang='lat' dir='ltr'><strong>omnes</strong></span> 
     </span>
     <span class='ocr_line' id='line_1_23' title="bbox 304 730 1051 779; baseline 0.001 -12"><span class='ocrx_word' id='word_1_74' title='bbox 304 740 409 767; x_wconf 89' lang='lat' dir='ltr'><strong>nostro</strong></span> <span class='ocrx_word' id='word_1_75' title='bbox 432 731 588 779; x_wconf 86' lang='lat' dir='ltr'><strong>recipiatis</strong></span> <span class='ocrx_word' id='word_1_76' title='bbox 616 730 742 765; x_wconf 82' lang='lat' dir='ltr'><strong>nomine</strong></span> <span class='ocrx_word' id='word_1_77' title='bbox 761 732 945 766; x_wconf 78' lang='lat' dir='ltr'><strong>cardinales.</strong></span> <span class='ocrx_word' id='word_1_78' title='bbox 968 732 1051 768; x_wconf 80' lang='lat' dir='ltr'><strong>Cae-</strong></span> 
     </span>
     <span class='ocr_line' id='line_1_24' title="bbox 304 780 1049 828; baseline 0.001 -13"><span class='ocrx_word' id='word_1_79' title='bbox 304 790 366 816; x_wconf 87' lang='lat' dir='ltr'><strong>tera</strong></span> <span class='ocrx_word' id='word_1_80' title='bbox 389 793 460 816; x_wconf 82' lang='lat' dir='ltr'><strong>vero</strong></span> <span class='ocrx_word' id='word_1_81' title='bbox 482 780 632 816; x_wconf 89' lang='lat' dir='ltr'><strong>solemnia</strong></span> <span class='ocrx_word' id='word_1_82' title='bbox 656 789 844 828; x_wconf 74' lang='lat' dir='ltr'><strong>peragantur</strong></span> <span class='ocrx_word' id='word_1_83' title='bbox 866 795 937 817; x_wconf 89' lang='lat' dir='ltr'><strong>cum</strong></span> <span class='ocrx_word' id='word_1_84' title='bbox 965 782 1049 817; x_wconf 91' lang='lat' dir='ltr'><strong>omni</strong></span> 
     </span>
     <span class='ocr_line' id='line_1_25' title="bbox 303 831 1048 879; baseline 0 -13"><span class='ocrx_word' id='word_1_85' title='bbox 303 832 499 866; x_wconf 83' lang='lat' dir='ltr'><strong>solemnitate</strong></span> <span class='ocrx_word' id='word_1_86' title='bbox 534 839 563 865; x_wconf 90' lang='lat' dir='ltr'><strong>et</strong></span> <span class='ocrx_word' id='word_1_87' title='bbox 597 831 855 875; x_wconf 77' lang='lat' dir='ltr'><strong>honoriticentia,</strong></span> <span class='ocrx_word' id='word_1_88' title='bbox 893 841 982 879; x_wconf 92' lang='lat' dir='ltr'><strong>prout</strong></span> <span class='ocrx_word' id='word_1_89' title='bbox 1020 833 1048 866; x_wconf 91' lang='lat' dir='ltr'><strong>in</strong></span> 
     </span>
     <span class='ocr_line' id='line_1_26' title="bbox 302 880 1049 916; baseline 0.003 -2"><span class='ocrx_word' id='word_1_90' title='bbox 302 880 470 915; x_wconf 89' lang='lat' dir='ltr'><strong>Ordinario</strong></span> <span class='ocrx_word' id='word_1_91' title='bbox 492 880 681 915; x_wconf 76' lang='lat' dir='ltr'><strong>continetur.</strong></span> <span class='ocrx_word' id='word_1_92' title='bbox 706 880 832 916; x_wconf 90' lang='lat' dir='ltr'><strong>Oblatio</strong></span> <span class='ocrx_word' id='word_1_93' title='bbox 857 894 927 916; x_wconf 80' lang='lat' dir='ltr'><strong>vero</strong></span> <span class='ocrx_word' id='word_1_94' title='bbox 943 881 1049 916; x_wconf 90' lang='lat' dir='ltr'><strong>calicis</strong></span> 
     </span>
     <span class='ocr_line' id='line_1_27' title="bbox 301 930 1050 977; baseline 0.003 -13"><span class='ocrx_word' id='word_1_95' title='bbox 301 938 332 964; x_wconf 86' lang='lat' dir='ltr'><strong>et</strong></span> <span class='ocrx_word' id='word_1_96' title='bbox 352 930 509 976; x_wconf 82' lang='lat' dir='ltr'><strong>ampullae</strong></span> <span class='ocrx_word' id='word_1_97' title='bbox 545 942 600 977; x_wconf 86' lang='lat' dir='ltr'><strong>per</strong></span> <span class='ocrx_word' id='word_1_98' title='bbox 626 931 844 976; x_wconf 77' lang='lat' dir='ltr'><strong>imperatorem</strong></span> <span class='ocrx_word' id='word_1_99' title='bbox 869 931 927 966; x_wconf 87' lang='lat' dir='ltr'><strong>iam</strong></span> <span class='ocrx_word' id='word_1_100' title='bbox 953 944 1050 966; x_wconf 89' lang='lat' dir='ltr'><strong>coro—</strong></span> 
     </span>
     <span class='ocr_line' id='line_1_28' title="bbox 303 980 1049 1025; baseline 0.001 -10"><span class='ocrx_word' id='word_1_101' title='bbox 303 989 407 1015; x_wconf 88' lang='lat' dir='ltr'><strong>natum</strong></span> <span class='ocrx_word' id='word_1_102' title='bbox 424 1007 432 1020; x_wconf 76' lang='lat'>‚</span> <span class='ocrx_word' id='word_1_103' title='bbox 463 980 629 1014; x_wconf 88' lang='lat' dir='ltr'><strong>decantato</strong></span> <span class='ocrx_word' id='word_1_104' title='bbox 652 980 847 1025; x_wconf 76' lang='lat' dir='ltr'><strong>Evangelio,</strong></span> <span class='ocrx_word' id='word_1_105' title='bbox 875 993 991 1016; x_wconf 87' lang='lat' dir='ltr'><strong>corona</strong></span> <span class='ocrx_word' id='word_1_106' title='bbox 1020 991 1049 1016; x_wconf 88' lang='lat' dir='ltr'><strong>et</strong></span> 
     </span>
     <span class='ocr_line' id='line_1_29' title="bbox 302 1029 1050 1076; baseline 0.001 -12"><span class='ocrx_word' id='word_1_107' title='bbox 302 1037 407 1064; x_wconf 87' lang='lat' dir='ltr'><strong>manto</strong></span> <span class='ocrx_word' id='word_1_108' title='bbox 421 1029 584 1076; x_wconf 71' lang='lat' dir='ltr'><strong>depositis,</strong></span> <span class='ocrx_word' id='word_1_109' title='bbox 599 1041 684 1064; x_wconf 91' lang='lat' dir='ltr'><strong>more</strong></span> <span class='ocrx_word' id='word_1_110' title='bbox 703 1030 890 1065; x_wconf 83' lang='lat' dir='ltr'><strong>subdiaconi</strong></span> <span class='ocrx_word' id='word_1_111' title='bbox 906 1030 1050 1065; x_wconf 88' lang='lat' dir='ltr'><strong>Romano</strong></span> 
     </span>
     <span class='ocr_line' id='line_1_30' title="bbox 303 1079 1048 1121; baseline 0.003 -9"><span class='ocrx_word' id='word_1_112' title='bbox 303 1080 404 1114; x_wconf 86' lang='lat' dir='ltr'><strong>tieuda</strong></span> <span class='ocrx_word' id='word_1_113' title='bbox 443 1079 585 1114; x_wconf 82' lang='lat' dir='ltr'><strong>Pontifici</strong></span> <span class='ocrx_word' id='word_1_114' title='bbox 607 1106 616 1121; x_wconf 75' lang='lat'>‚</span> <span class='ocrx_word' id='word_1_115' title='bbox 655 1087 684 1113; x_wconf 92' lang='lat' dir='ltr'><strong>et</strong></span> <span class='ocrx_word' id='word_1_116' title='bbox 730 1080 906 1114; x_wconf 81' lang='lat' dir='ltr'><strong>assistentia</strong></span> <span class='ocrx_word' id='word_1_117' title='bbox 945 1080 1048 1115; x_wconf 88' lang='lat' dir='ltr'><strong>eidem</strong></span> 
     </span>
     <span class='ocr_line' id='line_1_31' title="bbox 302 1129 1048 1176; baseline 0 -13"><span class='ocrx_word' id='word_1_118' title='bbox 302 1129 402 1164; x_wconf 87' lang='lat' dir='ltr'><strong>fienda</strong></span> <span class='ocrx_word' id='word_1_119' title='bbox 423 1141 479 1176; x_wconf 92' lang='lat' dir='ltr'><strong>per</strong></span> <span class='ocrx_word' id='word_1_120' title='bbox 506 1129 737 1176; x_wconf 80' lang='lat' dir='ltr'><strong>imperatorem,</strong></span> <span class='ocrx_word' id='word_1_121' title='bbox 761 1129 861 1164; x_wconf 90' lang='lat' dir='ltr'><strong>donec</strong></span> <span class='ocrx_word' id='word_1_122' title='bbox 883 1129 1048 1164; x_wconf 86' lang='lat' dir='ltr'><strong>Romanus</strong></span> 
     </span>
     <span class='ocr_line' id='line_1_32' title="bbox 302 1178 1049 1225; baseline 0.003 -13"><span class='ocrx_word' id='word_1_123' title='bbox 302 1178 446 1213; x_wconf 85' lang='lat' dir='ltr'><strong>Pontifex</strong></span> <span class='ocrx_word' id='word_1_124' title='bbox 473 1178 510 1213; x_wconf 91' lang='lat' dir='ltr'><strong>ad</strong></span> <span class='ocrx_word' id='word_1_125' title='bbox 538 1178 643 1213; x_wconf 89' lang='lat' dir='ltr'><strong>sedem</strong></span> <span class='ocrx_word' id='word_1_126' title='bbox 670 1179 825 1225; x_wconf 82' lang='lat' dir='ltr'><strong>propriam</strong></span> <span class='ocrx_word' id='word_1_127' title='bbox 856 1187 1049 1220; x_wconf 77' lang='lat' dir='ltr'><strong>revertatur,</strong></span> 
     </span>
     <span class='ocr_line' id='line_1_33' title="bbox 301 1227 1047 1275; baseline 0 -13"><span class='ocrx_word' id='word_1_128' title='bbox 301 1228 374 1275; x_wconf 87' lang='lat' dir='ltr'><strong>quia</strong></span> <span class='ocrx_word' id='word_1_129' title='bbox 407 1228 464 1263; x_wconf 90' lang='lat' dir='ltr'><strong>soli</strong></span> <span class='ocrx_word' id='word_1_130' title='bbox 494 1227 640 1262; x_wconf 90' lang='lat' dir='ltr'><strong>Romano</strong></span> <span class='ocrx_word' id='word_1_131' title='bbox 670 1227 815 1262; x_wconf 84' lang='lat' dir='ltr'><strong>Pontifici</strong></span> <span class='ocrx_word' id='word_1_132' title='bbox 840 1237 1047 1275; x_wconf 90' lang='lat' dir='ltr'><strong>competunt</strong></span> 
     </span>
     <span class='ocr_line' id='line_1_34' title="bbox 301 1277 1049 1324; baseline 0.001 -12"><span class='ocrx_word' id='word_1_133' title='bbox 301 1277 493 1312; x_wconf 85' lang='lat' dir='ltr'><strong>omittantur.</strong></span> <span class='ocrx_word' id='word_1_134' title='bbox 510 1277 595 1312; x_wconf 85' lang='lat' dir='ltr'><strong>Idem</strong></span> <span class='ocrx_word' id='word_1_135' title='bbox 614 1285 716 1311; x_wconf 89' lang='lat' dir='ltr'><strong>tamen</strong></span> <span class='ocrx_word' id='word_1_136' title='bbox 741 1278 920 1324; x_wconf 70' lang='lat' dir='ltr'><strong>imperator,</strong></span> <span class='ocrx_word' id='word_1_137' title='bbox 947 1279 971 1312; x_wconf 90' lang='lat' dir='ltr'><strong>si</strong></span> <span class='ocrx_word' id='word_1_138' title='bbox 996 1290 1049 1313; x_wconf 91' lang='lat' dir='ltr'><strong>vo-</strong></span> 
     </span>
     <span class='ocr_line' id='line_1_35' title="bbox 300 1326 1049 1367; baseline 0.001 -6"><span class='ocrx_word' id='word_1_139' title='bbox 300 1327 403 1367; x_wconf 81' lang='lat' dir='ltr'><strong>luerit,</strong></span> <span class='ocrx_word' id='word_1_140' title='bbox 426 1339 545 1361; x_wconf 88' lang='lat' dir='ltr'><strong>sacram</strong></span> <span class='ocrx_word' id='word_1_141' title='bbox 569 1326 804 1361; x_wconf 82' lang='lat' dir='ltr'><strong>coronationem</strong></span> <span class='ocrx_word' id='word_1_142' title='bbox 819 1327 859 1361; x_wconf 85' lang='lat' dir='ltr'><strong>de</strong></span> <span class='ocrx_word' id='word_1_143' title='bbox 889 1340 981 1361; x_wconf 91' lang='lat' dir='ltr'><strong>manu</strong></span> <span class='ocrx_word' id='word_1_144' title='bbox 998 1339 1049 1362; x_wconf 90' lang='lat' dir='ltr'><strong>re-</strong></span> 
     </span>
     <span class='ocr_line' id='line_1_36' title="bbox 300 1375 1046 1423; baseline 0.001 -12"><span class='ocrx_word' id='word_1_145' title='bbox 300 1376 394 1423; x_wconf 90' lang='lat' dir='ltr'><strong>cipiat</strong></span> <span class='ocrx_word' id='word_1_146' title='bbox 417 1375 628 1419; x_wconf 80' lang='lat' dir='ltr'><strong>celebrantis,</strong></span> <span class='ocrx_word' id='word_1_147' title='bbox 652 1375 762 1410; x_wconf 89' lang='lat' dir='ltr'><strong>osculo</strong></span> <span class='ocrx_word' id='word_1_148' title='bbox 790 1385 894 1411; x_wconf 87' lang='lat' dir='ltr'><strong>tamen</strong></span> <span class='ocrx_word' id='word_1_149' title='bbox 918 1378 1046 1412; x_wconf 89' lang='lat' dir='ltr'><strong>omisso.</strong></span> 
     </span>
     <span class='ocr_line' id='line_1_37' title="bbox 299 1425 1046 1472; baseline 0.004 -13"><span class='ocrx_word' id='word_1_150' title='bbox 299 1425 423 1468; x_wconf 81' lang='lat' dir='ltr'><strong>Quibus</strong></span> <span class='ocrx_word' id='word_1_151' title='bbox 451 1425 598 1472; x_wconf 77' lang='lat' dir='ltr'><strong>peractis,</strong></span> <span class='ocrx_word' id='word_1_152' title='bbox 614 1425 651 1460; x_wconf 86' lang='lat' dir='ltr'><strong>ad</strong></span> <span class='ocrx_word' id='word_1_153' title='bbox 681 1425 850 1460; x_wconf 87' lang='lat' dir='ltr'><strong>thalamum</strong></span> <span class='ocrx_word' id='word_1_154' title='bbox 874 1426 1001 1461; x_wconf 74' lang='lat' dir='ltr'><strong>rediens</strong></span> <span class='ocrx_word' id='word_1_155' title='bbox 1017 1428 1046 1462; x_wconf 90' lang='lat' dir='ltr'><strong>in</strong></span> 
     </span>
     <span class='ocr_line' id='line_1_38' title="bbox 298 1475 1048 1522; baseline 0.004 -13"><span class='ocrx_word' id='word_1_156' title='bbox 298 1475 433 1510; x_wconf 89' lang='lat' dir='ltr'><strong>ambone</strong></span> <span class='ocrx_word' id='word_1_157' title='bbox 455 1483 593 1510; x_wconf 84' lang='lat' dir='ltr'><strong>resumat</strong></span> <span class='ocrx_word' id='word_1_158' title='bbox 617 1484 757 1510; x_wconf 90' lang='lat' dir='ltr'><strong>mantum</strong></span> <span class='ocrx_word' id='word_1_159' title='bbox 782 1476 896 1522; x_wconf 83' lang='lat' dir='ltr'><strong>pariter</strong></span> <span class='ocrx_word' id='word_1_160' title='bbox 911 1485 939 1510; x_wconf 75' lang='lat' dir='ltr'><strong>et</strong></span> <span class='ocrx_word' id='word_1_161' title='bbox 963 1489 1048 1512; x_wconf 88' lang='lat' dir='ltr'><strong>coro-</strong></span> 
     </span>
     <span class='ocr_line' id='line_1_39' title="bbox 300 1524 1048 1574; baseline 0.005 -16"><span class='ocrx_word' id='word_1_162' title='bbox 300 1537 382 1560; x_wconf 89' lang='lat' dir='ltr'><strong>nam.</strong></span> <span class='ocrx_word' id='word_1_163' title='bbox 414 1524 585 1559; x_wconf 84' lang='lat' dir='ltr'><strong>Processus</strong></span> <span class='ocrx_word' id='word_1_164' title='bbox 615 1533 718 1560; x_wconf 89' lang='lat' dir='ltr'><strong>autem</strong></span> <span class='ocrx_word' id='word_1_165' title='bbox 742 1526 883 1560; x_wconf 89' lang='lat' dir='ltr'><strong>eiusdem</strong></span> <span class='ocrx_word' id='word_1_166' title='bbox 913 1527 1048 1574; x_wconf 85' lang='lat' dir='ltr'><strong>impera-</strong></span> 
     </span>
     <span class='ocr_line' id='line_1_40' title="bbox 299 1574 1046 1618; baseline 0.004 -10"><span class='ocrx_word' id='word_1_167' title='bbox 299 1575 375 1609; x_wconf 87' lang='lat' dir='ltr'><strong>toris</strong></span> <span class='ocrx_word' id='word_1_168' title='bbox 412 1574 450 1609; x_wconf 89' lang='lat' dir='ltr'><strong>ad</strong></span> <span class='ocrx_word' id='word_1_169' title='bbox 481 1574 605 1618; x_wconf 76' lang='lat' dir='ltr'><strong>locum,</strong></span> <span class='ocrx_word' id='word_1_170' title='bbox 641 1574 692 1609; x_wconf 89' lang='lat' dir='ltr'><strong>ubi</strong></span> <span class='ocrx_word' id='word_1_171' title='bbox 720 1574 873 1610; x_wconf 88' lang='lat' dir='ltr'><strong>Summus</strong></span> <span class='ocrx_word' id='word_1_172' title='bbox 902 1576 1046 1612; x_wconf 81' lang='lat' dir='ltr'><strong>Pontifex</strong></span> 
     </span>
     <span class='ocr_line' id='line_1_41' title="bbox 297 1623 1048 1674; baseline 0.004 -16"><span class='ocrx_word' id='word_1_173' title='bbox 297 1624 438 1672; x_wconf 89' lang='lat' dir='ltr'><strong>equitare</strong></span> <span class='ocrx_word' id='word_1_174' title='bbox 460 1623 600 1668; x_wconf 77' lang='lat' dir='ltr'><strong>deberet,</strong></span> <span class='ocrx_word' id='word_1_175' title='bbox 623 1633 653 1659; x_wconf 88' lang='lat' dir='ltr'><strong>et</strong></span> <span class='ocrx_word' id='word_1_176' title='bbox 675 1624 814 1660; x_wconf 83' lang='lat' dir='ltr'><strong>detentio</strong></span> <span class='ocrx_word' id='word_1_177' title='bbox 841 1627 973 1674; x_wconf 85' lang='lat' dir='ltr'><strong>stapedii</strong></span> <span class='ocrx_word' id='word_1_178' title='bbox 991 1628 1048 1662; x_wconf 84' lang='lat' dir='ltr'><strong>sel-</strong></span> 
     </span>
     <span class='ocr_line' id='line_1_42' title="bbox 298 1674 1043 1723; baseline 0.007 -16"><span class='ocrx_word' id='word_1_179' title='bbox 298 1674 343 1709; x_wconf 87' lang='lat' dir='ltr'><strong>lae</strong></span> <span class='ocrx_word' id='word_1_180' title='bbox 366 1674 436 1713; x_wconf 86' lang='lat' dir='ltr'><strong>eius</strong></span> <span class='ocrx_word' id='word_1_181' title='bbox 451 1701 458 1714; x_wconf 72' lang='grc'><em>,</em></span> <span class='ocrx_word' id='word_1_182' title='bbox 481 1682 510 1708; x_wconf 86' lang='lat' dir='ltr'><strong>et</strong></span> <span class='ocrx_word' id='word_1_183' title='bbox 532 1682 657 1721; x_wconf 88' lang='lat' dir='ltr'><strong>arrepto</strong></span> <span class='ocrx_word' id='word_1_184' title='bbox 681 1675 768 1710; x_wconf 82' lang='lat' dir='ltr'><strong>freno</strong></span> <span class='ocrx_word' id='word_1_185' title='bbox 796 1677 881 1723; x_wconf 78' lang='lat' dir='ltr'><strong>equi,</strong></span> <span class='ocrx_word' id='word_1_186' title='bbox 904 1678 952 1711; x_wconf 89' lang='lat' dir='ltr'><strong>cui</strong></span> <span class='ocrx_word' id='word_1_187' title='bbox 977 1677 1043 1712; x_wconf 85' lang='lat' dir='ltr'><strong>Ro-</strong></span> 
     </span>
     <span class='ocr_line' id='line_1_43' title="bbox 297 1723 1046 1780; baseline 0.007 -23"><span class='ocrx_word' id='word_1_188' title='bbox 297 1736 410 1758; x_wconf 88' lang='lat' dir='ltr'><strong>manus</strong></span> <span class='ocrx_word' id='word_1_189' title='bbox 422 1723 566 1758; x_wconf 77' lang='lat' dir='ltr'><strong>Pontifex</strong></span> <span class='ocrx_word' id='word_1_190' title='bbox 580 1724 929 1780; x_wconf 74' lang='lat' dir='ltr'><strong>insideret‚adextratio‚</strong></span> <span class='ocrx_word' id='word_1_191' title='bbox 939 1727 1046 1762; x_wconf 83' lang='lat' dir='ltr'><strong>oflicii-</strong></span> 
     </span>
     <span class='ocr_line' id='line_1_44' title="bbox 296 1773 1044 1822; baseline 0.007 -15"><span class='ocrx_word' id='word_1_192' title='bbox 296 1785 357 1820; x_wconf 88' lang='lat' dir='ltr'><strong>que</strong></span> <span class='ocrx_word' id='word_1_193' title='bbox 379 1773 521 1808; x_wconf 89' lang='lat' dir='ltr'><strong>stratoris</strong></span> <span class='ocrx_word' id='word_1_194' title='bbox 542 1773 706 1818; x_wconf 71' lang='lat' dir='ltr'><strong>exhibitio,</strong></span> <span class='ocrx_word' id='word_1_195' title='bbox 725 1775 797 1822; x_wconf 83' lang='lat' dir='ltr'><strong>quia</strong></span> <span class='ocrx_word' id='word_1_196' title='bbox 816 1776 883 1811; x_wconf 89' lang='lat' dir='ltr'><strong>solo</strong></span> <span class='ocrx_word' id='word_1_197' title='bbox 898 1776 1044 1813; x_wconf 83' lang='lat' dir='ltr'><strong>Romano</strong></span> 
     </span>
     <span class='ocr_line' id='line_1_45' title="bbox 295 1822 1046 1883; baseline 0.009 -27"><span class='ocrx_word' id='word_1_198' title='bbox 295 1822 442 1858; x_wconf 86' lang='lat' dir='ltr'><strong>Pontifici</strong></span> <span class='ocrx_word' id='word_1_199' title='bbox 463 1832 647 1871; x_wconf 90' lang='lat' dir='ltr'><strong>competunt</strong></span> <span class='ocrx_word' id='word_1_200' title='bbox 674 1833 703 1859; x_wconf 90' lang='lat' dir='ltr'><strong>et</strong></span> <span class='ocrx_word' id='word_1_201' title='bbox 720 1827 929 1872; x_wconf 75' lang='lat' dir='ltr'><strong>praesentiam</strong></span> <span class='ocrx_word' id='word_1_202' title='bbox 947 1828 1046 1883; x_wconf 77' lang='lat' dir='ltr'><strong>ipsius</strong></span> 
     </span>
     <span class='ocr_line' id='line_1_46' title="bbox 295 1873 1043 1920; baseline 0.007 -13"><span class='ocrx_word' id='word_1_203' title='bbox 295 1873 425 1918; x_wconf 78' lang='lat' dir='ltr'><strong>exigunt</strong></span> <span class='ocrx_word' id='word_1_204' title='bbox 459 1874 671 1920; x_wconf 77' lang='lat' dir='ltr'><strong>corporalem</strong></span> <span class='ocrx_word' id='word_1_205' title='bbox 699 1875 882 1911; x_wconf 89' lang='lat' dir='ltr'><strong>omittantur</strong></span> <span class='ocrx_word' id='word_1_206' title='bbox 905 1878 1043 1913; x_wconf 88' lang='lat' dir='ltr'><strong>omnino.</strong></span> 
     </span>
     <span class='ocr_line' id='line_1_47' title="bbox 294 1922 1046 1974; baseline 0.009 -18"><span class='ocrx_word' id='word_1_207' title='bbox 294 1922 712 1970; x_wconf 83' lang='lat' dir='ltr'><strong>Reliquaautemsolemnia</strong></span> <span class='ocrx_word' id='word_1_208' title='bbox 724 1930 1046 1974; x_wconf 71' lang='lat' dir='ltr'><strong>proiitex1)i··itiitiittui</strong></span> 
     </span>
     <span class='ocr_line' id='line_1_48' title="bbox 296 1972 1045 2018; baseline 0.009 -12"><span class='ocrx_word' id='word_1_209' title='bbox 296 1986 324 2007; x_wconf 89' lang='grc' dir='ltr'><strong>ιιι</strong></span> <span class='ocrx_word' id='word_1_210' title='bbox 334 1972 513 2018; x_wconf 69' lang='lat' dir='ltr'><strong>Ordinatio</strong></span> <span class='ocrx_word' id='word_1_211' title='bbox 523 1973 707 2010; x_wconf 75' lang='lat' dir='ltr'><strong>solemniter</strong></span> <span class='ocrx_word' id='word_1_212' title='bbox 724 1984 753 2011; x_wconf 78' lang='lat' dir='ltr'><strong>et</strong></span> <span class='ocrx_word' id='word_1_213' title='bbox 770 1977 941 2013; x_wconf 86' lang='lat' dir='ltr'><strong>honorilice</strong></span> <span class='ocrx_word' id='word_1_214' title='bbox 958 1992 1045 2013; x_wconf 81' lang='lat' dir='ltr'><strong>coni-</strong></span> 
     </span>
     <span class='ocr_line' id='line_1_49' title="bbox 295 2024 449 2070; baseline 0 -12"><span class='ocrx_word' id='word_1_215' title='bbox 295 2024 449 2070; x_wconf 86' lang='lat' dir='ltr'><strong>pleantur.</strong></span> 
     </span>
    </p>

    <p class='ocr_par' dir='ltr' id='par_1_9' title="bbox 269 2074 1044 2717">
     <span class='ocr_line' id='line_1_50' title="bbox 343 2074 1043 2126; baseline 0.006 -19"><span class='ocrx_word' id='word_1_216' title='bbox 343 2074 362 2121; x_wconf 63' lang='grc' dir='ltr'><strong>ἓ</strong></span> <span class='ocrx_word' id='word_1_217' title='bbox 388 2076 446 2108; x_wconf 74' lang='lat'><strong>20.</strong></span> <span class='ocrx_word' id='word_1_218' title='bbox 469 2074 549 2117; x_wconf 78' lang='lat' dir='ltr'><strong>Quia</strong></span> <span class='ocrx_word' id='word_1_219' title='bbox 566 2084 683 2116; x_wconf 73' lang='lat' dir='ltr'><strong>autem,</strong></span> <span class='ocrx_word' id='word_1_220' title='bbox 701 2086 729 2110; x_wconf 87' lang='lat' dir='ltr'><strong>ut</strong></span> <span class='ocrx_word' id='word_1_221' title='bbox 752 2090 787 2111; x_wconf 78' lang='lat' dir='ltr'><strong>ex</strong></span> <span class='ocrx_word' id='word_1_222' title='bbox 806 2078 971 2124; x_wconf 76' lang='lat' dir='ltr'><strong>praedictis</strong></span> <span class='ocrx_word' id='word_1_223' title='bbox 987 2093 1043 2126; x_wconf 77' lang='lat' dir='ltr'><strong>ap-</strong></span> 
     </span>
     <span class='ocr_line' id='line_1_51' title="bbox 296 2126 1044 2174; baseline 0.008 -17"><span class='ocrx_word' id='word_1_224' title='bbox 296 2133 393 2171; x_wconf 83' lang='lat' dir='ltr'><strong>paret,</strong></span> <span class='ocrx_word' id='word_1_225' title='bbox 418 2126 533 2160; x_wconf 86' lang='lat' dir='ltr'><strong>multae</strong></span> <span class='ocrx_word' id='word_1_226' title='bbox 551 2126 781 2171; x_wconf 68' lang='lat' dir='ltr'><strong>observantiae,</strong></span> <span class='ocrx_word' id='word_1_227' title='bbox 806 2128 965 2174; x_wconf 70' lang='lat' dir='ltr'><strong>multaque</strong></span> <span class='ocrx_word' id='word_1_228' title='bbox 992 2142 1044 2163; x_wconf 86' lang='lat' dir='ltr'><strong>so-</strong></span> 
     </span>
     <span class='ocr_line' id='line_1_52' title="bbox 295 2174 1044 2223; baseline 0.008 -15"><span class='ocrx_word' id='word_1_229' title='bbox 295 2174 421 2217; x_wconf 79' lang='lat' dir='ltr'><strong>lemnia,</strong></span> <span class='ocrx_word' id='word_1_230' title='bbox 440 2175 620 2223; x_wconf 86' lang='lat' dir='ltr'><strong>multaeque</strong></span> <span class='ocrx_word' id='word_1_231' title='bbox 641 2177 831 2213; x_wconf 86' lang='lat' dir='ltr'><strong>reverentiae</strong></span> <span class='ocrx_word' id='word_1_232' title='bbox 859 2187 887 2212; x_wconf 85' lang='lat' dir='ltr'><strong>et</strong></span> <span class='ocrx_word' id='word_1_233' title='bbox 915 2179 1044 2214; x_wconf 88' lang='lat' dir='ltr'><strong>honori-</strong></span> 
     </span>
     <span class='ocr_line' id='line_1_53' title="bbox 269 2224 1042 2274; baseline 0.006 -16"><span class='ocrx_word' id='word_1_234' title='bbox 269 2224 436 2259; x_wconf 81' lang='lat' dir='ltr'><strong>·f1centiae</strong></span> <span class='ocrx_word' id='word_1_235' title='bbox 453 2252 460 2264; x_wconf 78' lang='lat'>,</span> <span class='ocrx_word' id='word_1_236' title='bbox 484 2225 627 2260; x_wconf 78' lang='lat' dir='ltr'><strong>Romano</strong></span> <span class='ocrx_word' id='word_1_237' title='bbox 654 2226 798 2262; x_wconf 85' lang='lat' dir='ltr'><strong>Pontifici</strong></span> <span class='ocrx_word' id='word_1_238' title='bbox 823 2230 1042 2274; x_wconf 70' lang='lat' dir='ltr'><strong>competentia,</strong></span> 
     </span>
     <span class='ocr_line' id='line_1_54' title="bbox 294 2276 1041 2323; baseline 0.008 -16"><span class='ocrx_word' id='word_1_239' title='bbox 294 2282 422 2320; x_wconf 88' lang='lat' dir='ltr'><strong>propter</strong></span> <span class='ocrx_word' id='word_1_240' title='bbox 453 2285 588 2309; x_wconf 85' lang='lat' dir='ltr'><strong>nostram</strong></span> <span class='ocrx_word' id='word_1_241' title='bbox 622 2276 796 2312; x_wconf 78' lang='lat' dir='ltr'><strong>absentiam</strong></span> <span class='ocrx_word' id='word_1_242' title='bbox 829 2279 1041 2323; x_wconf 78' lang='lat' dir='ltr'><strong>omittuntur</strong></span> 
     </span>
     <span class='ocr_line' id='line_1_55' title="bbox 296 2325 1042 2384; baseline 0.011 -29"><span class='ocrx_word' id='word_1_243' title='bbox 296 2331 504 2369; x_wconf 85' lang='lat' dir='ltr'><strong>protestamur</strong></span> <span class='ocrx_word' id='word_1_244' title='bbox 522 2333 550 2358; x_wconf 87' lang='lat' dir='ltr'><strong>et</strong></span> <span class='ocrx_word' id='word_1_245' title='bbox 581 2325 726 2361; x_wconf 76' lang='lat' dir='ltr'><strong>volumus</strong></span> <span class='ocrx_word' id='word_1_246' title='bbox 748 2336 777 2361; x_wconf 80' lang='lat' dir='ltr'><strong>et</strong></span> <span class='ocrx_word' id='word_1_247' title='bbox 799 2329 970 2384; x_wconf 77' lang='lat' dir='ltr'><strong>apostolica</strong></span> <span class='ocrx_word' id='word_1_248' title='bbox 985 2342 1042 2363; x_wconf 89' lang='lat' dir='ltr'><strong>au-</strong></span> 
     </span>
     <span class='ocr_line' id='line_1_56' title="bbox 294 2373 1042 2418; baseline 0.011 -12"><span class='ocrx_word' id='word_1_249' title='bbox 294 2373 436 2408; x_wconf 80' lang='lat' dir='ltr'><strong>ctoritate</strong></span> <span class='ocrx_word' id='word_1_250' title='bbox 458 2373 671 2418; x_wconf 78' lang='lat' dir='ltr'><strong>decernimus</strong></span> <span class='ocrx_word' id='word_1_251' title='bbox 689 2377 808 2411; x_wconf 88' lang='lat' dir='ltr'><strong>nullum</strong></span> <span class='ocrx_word' id='word_1_252' title='bbox 830 2390 865 2412; x_wconf 81' lang='lat' dir='ltr'><strong>ex</strong></span> <span class='ocrx_word' id='word_1_253' title='bbox 883 2378 941 2413; x_wconf 82' lang='lat' dir='ltr'><strong>hoc</strong></span> <span class='ocrx_word' id='word_1_254' title='bbox 966 2380 1042 2415; x_wconf 78' lang='lat' dir='ltr'><strong>iuris</strong></span> 
     </span>
     <span class='ocr_line' id='line_1_57' title="bbox 294 2423 1040 2469; baseline 0.011 -13"><span class='ocrx_word' id='word_1_255' title='bbox 294 2423 339 2457; x_wconf 72' lang='lat' dir='ltr'><strong>vet</strong></span> <span class='ocrx_word' id='word_1_256' title='bbox 378 2423 447 2458; x_wconf 83' lang='lat' dir='ltr'><strong>facti</strong></span> <span class='ocrx_word' id='word_1_257' title='bbox 478 2423 637 2458; x_wconf 77' lang='lat' dir='ltr'><strong>Romanae</strong></span> <span class='ocrx_word' id='word_1_258' title='bbox 666 2425 848 2468; x_wconf 80' lang='lat' dir='ltr'><strong>Ecclesiae</strong></span> <span class='ocrx_word' id='word_1_259' title='bbox 876 2441 911 2462; x_wconf 83' lang='lat' dir='ltr'><strong>ac</strong></span> <span class='ocrx_word' id='word_1_260' title='bbox 939 2429 1040 2469; x_wconf 86' lang='lat' dir='ltr'><strong>nohis,</strong></span> 
     </span>
     <span class='ocr_line' id='line_1_58' title="bbox 294 2474 1037 2524; baseline 0.009 -18"><span class='ocrx_word' id='word_1_261' title='bbox 294 2474 470 2521; x_wconf 82' lang='lat' dir='ltr'><strong>nostrisque</strong></span> <span class='ocrx_word' id='word_1_262' title='bbox 525 2476 764 2510; x_wconf 87' lang='lat' dir='ltr'><strong>successorihus</strong></span> <span class='ocrx_word' id='word_1_263' title='bbox 811 2478 1037 2524; x_wconf 75' lang='lat' dir='ltr'><strong>praeiudicium</strong></span> 
     </span>
     <span class='ocr_line' id='line_1_59' title="bbox 292 2525 1041 2579; baseline 0.008 -22"><span class='ocrx_word' id='word_1_264' title='bbox 292 2525 454 2579; x_wconf 72' lang='lat' dir='ltr'><strong>generari;</strong></span> <span class='ocrx_word' id='word_1_265' title='bbox 477 2525 550 2571; x_wconf 80' lang='lat' dir='ltr'><strong>quin</strong></span> <span class='ocrx_word' id='word_1_266' title='bbox 575 2537 644 2559; x_wconf 87' lang='lat' dir='ltr'><strong>cum</strong></span> <span class='ocrx_word' id='word_1_267' title='bbox 669 2537 759 2559; x_wconf 88' lang='lat' dir='ltr'><strong>casus</strong></span> <span class='ocrx_word' id='word_1_268' title='bbox 779 2527 859 2572; x_wconf 80' lang='lat' dir='ltr'><strong>regis</strong></span> <span class='ocrx_word' id='word_1_269' title='bbox 879 2528 1041 2563; x_wconf 84' lang='lat' dir='ltr'><strong>Romano—</strong></span> 
     </span>
     <span class='ocr_line' id='line_1_60' title="bbox 294 2573 1039 2623; baseline 0.01 -17"><span class='ocrx_word' id='word_1_270' title='bbox 294 2585 361 2606; x_wconf 88' lang='grc' dir='ltr'><strong>ιιιιιι</strong></span> <span class='ocrx_word' id='word_1_271' title='bbox 380 2573 409 2608; x_wconf 93' lang='lat' dir='ltr'><strong>in</strong></span> <span class='ocrx_word' id='word_1_272' title='bbox 427 2574 644 2620; x_wconf 72' lang='lat' dir='ltr'><strong>imperatorem</strong></span> <span class='ocrx_word' id='word_1_273' title='bbox 662 2576 833 2610; x_wconf 76' lang='lat' dir='ltr'><strong>coronandi</strong></span> <span class='ocrx_word' id='word_1_274' title='bbox 849 2589 978 2612; x_wconf 57' lang='lat' dir='ltr'><strong>occurit</strong></span> <span class='ocrx_word' id='word_1_275' title='bbox 983 2587 1039 2623; x_wconf 81' lang='lat' dir='ltr'><strong>iet,</strong></span> 
     </span>
     <span class='ocr_line' id='line_1_61' title="bbox 292 2623 1040 2672; baseline 0.011 -17"><span class='ocrx_word' id='word_1_276' title='bbox 292 2623 395 2657; x_wconf 87' lang='lat' dir='ltr'><strong>omnia</strong></span> <span class='ocrx_word' id='word_1_277' title='bbox 418 2623 625 2659; x_wconf 77' lang='lat' dir='ltr'><strong>exhibeantur</strong></span> <span class='ocrx_word' id='word_1_278' title='bbox 647 2634 677 2659; x_wconf 90' lang='lat' dir='ltr'><strong>et</strong></span> <span class='ocrx_word' id='word_1_279' title='bbox 706 2626 780 2659; x_wconf 82' lang='lat' dir='ltr'><strong>fiant</strong></span> <span class='ocrx_word' id='word_1_280' title='bbox 808 2639 861 2672; x_wconf 90' lang='lat' dir='ltr'><strong>per</strong></span> <span class='ocrx_word' id='word_1_281' title='bbox 890 2640 1040 2663; x_wconf 88' lang='lat' dir='ltr'><strong>coronan-</strong></span> 
     </span>
     <span class='ocr_line' id='line_1_62' title="bbox 291 2671 1037 2717; baseline 0.008 -11"><span class='ocrx_word' id='word_1_282' title='bbox 291 2672 347 2707; x_wconf 87' lang='lat' dir='ltr'><strong>dos</strong></span> <span class='ocrx_word' id='word_1_283' title='bbox 369 2671 520 2708; x_wconf 77' lang='lat' dir='ltr'><strong>Romanis</strong></span> <span class='ocrx_word' id='word_1_284' title='bbox 542 2674 760 2717; x_wconf 65' lang='lat' dir='ltr'><strong>Pontificibus,</strong></span> <span class='ocrx_word' id='word_1_285' title='bbox 785 2677 864 2710; x_wconf 77' lang='lat' dir='ltr'><strong>sicut</strong></span> <span class='ocrx_word' id='word_1_286' title='bbox 881 2677 911 2712; x_wconf 88' lang='lat' dir='ltr'><strong>in</strong></span> <span class='ocrx_word' id='word_1_287' title='bbox 929 2678 1037 2715; x_wconf 82' lang='lat' dir='ltr'><strong>forma</strong></span> 
     </span>
    </p>
   </div>
   <div class='ocr_carea' id='block_1_8' title="bbox 1067 406 1073 914">
    <p class='ocr_par' dir='ltr' id='par_1_10' title="bbox 1067 406 1073 914">
     <span class='ocr_line' id='line_1_63' title="bbox 1067 406 1073 914; baseline 0 0"><span class='ocrx_word' id='word_1_288' title='bbox 1067 406 1073 914; x_wconf 95' lang='lat' dir='ltr'><strong> </strong></span> 
     </span>
    </p>
   </div>
   <div class='ocr_carea' id='block_1_9' title="bbox 1060 1977 1068 2663">
    <p class='ocr_par' dir='ltr' id='par_1_11' title="bbox 1060 1977 1068 2663">
     <span class='ocr_line' id='line_1_64' title="bbox 1060 1977 1068 2663; baseline 0 0"><span class='ocrx_word' id='word_1_289' title='bbox 1060 1977 1068 2663; x_wconf 95' lang='lat' dir='ltr'><strong> </strong></span> 
     </span>
    </p>
   </div>
   <div class='ocr_carea' id='block_1_10' title="bbox 1713 271 1775 302">
    <p class='ocr_par' dir='ltr' id='par_1_12' title="bbox 1713 271 1775 302">
     <span class='ocr_line' id='line_1_65' title="bbox 1713 271 1775 302; baseline 0 0"><span class='ocrx_word' id='word_1_290' title='bbox 1713 271 1775 302; x_wconf 69' lang='lat'><strong>221</strong></span> 
     </span>
    </p>
   </div>
   <div class='ocr_carea' id='block_1_11' title="bbox 1088 335 1842 1313">
    <p class='ocr_par' dir='ltr' id='par_1_13' title="bbox 1088 335 1842 1129">
     <span class='ocr_line' id='line_1_66' title="bbox 1088 335 1831 382; baseline 0.004 -15"><span class='ocrx_word' id='word_1_291' title='bbox 1088 347 1168 381; x_wconf 79' lang='lat' dir='ltr'><strong>quae</strong></span> <span class='ocrx_word' id='word_1_292' title='bbox 1191 335 1220 368; x_wconf 89' lang='lat' dir='ltr'><strong>in</strong></span> <span class='ocrx_word' id='word_1_293' title='bbox 1244 335 1380 369; x_wconf 77' lang='lat' dir='ltr'><strong>archivio</strong></span> <span class='ocrx_word' id='word_1_294' title='bbox 1413 335 1571 370; x_wconf 84' lang='lat' dir='ltr'><strong>Ecclesiae</strong></span> <span class='ocrx_word' id='word_1_295' title='bbox 1598 344 1629 369; x_wconf 83' lang='lat' dir='ltr'><strong>et</strong></span> <span class='ocrx_word' id='word_1_296' title='bbox 1663 335 1831 382; x_wconf 78' lang='lat' dir='ltr'><strong>pontificali</strong></span> 
     </span>
     <span class='ocr_line' id='line_1_67' title="bbox 1089 383 1833 432; baseline 0.005 -16"><span class='ocrx_word' id='word_1_297' title='bbox 1089 383 1246 418; x_wconf 86' lang='lat' dir='ltr'><strong>ordinario</strong></span> <span class='ocrx_word' id='word_1_298' title='bbox 1273 384 1454 419; x_wconf 85' lang='lat' dir='ltr'><strong>continetur</strong></span> <span class='ocrx_word' id='word_1_299' title='bbox 1480 385 1627 432; x_wconf 86' lang='lat' dir='ltr'><strong>superius</strong></span> <span class='ocrx_word' id='word_1_300' title='bbox 1654 385 1833 432; x_wconf 81' lang='lat' dir='ltr'><strong>descripta,</strong></span> 
     </span>
     <span class='ocr_line' id='line_1_68' title="bbox 1089 432 1833 480; baseline 0.004 -14"><span class='ocrx_word' id='word_1_301' title='bbox 1089 432 1239 467; x_wconf 83' lang='lat' dir='ltr'><strong>seriosius</strong></span> <span class='ocrx_word' id='word_1_302' title='bbox 1265 442 1312 468; x_wconf 83' lang='lat' dir='ltr'><strong>est</strong></span> <span class='ocrx_word' id='word_1_303' title='bbox 1338 446 1533 480; x_wconf 80' lang='lat' dir='ltr'><strong>expressum.</strong></span> <span class='ocrx_word' id='word_1_304' title='bbox 1555 435 1600 469; x_wconf 77' lang='lat' dir='ltr'><strong>Ad</strong></span> <span class='ocrx_word' id='word_1_305' title='bbox 1623 435 1765 471; x_wconf 89' lang='lat' dir='ltr'><strong>eiusdem</strong></span> <span class='ocrx_word' id='word_1_306' title='bbox 1781 448 1833 470; x_wconf 92' lang='lat' dir='ltr'><strong>au-</strong></span> 
     </span>
     <span class='ocr_line' id='line_1_69' title="bbox 1091 482 1834 524; baseline 0.004 -7"><span class='ocrx_word' id='word_1_307' title='bbox 1091 492 1151 517; x_wconf 87' lang='lat' dir='ltr'><strong>tem</strong></span> <span class='ocrx_word' id='word_1_308' title='bbox 1175 482 1335 518; x_wconf 84' lang='lat' dir='ltr'><strong>Ecclesiae</strong></span> <span class='ocrx_word' id='word_1_309' title='bbox 1358 483 1533 524; x_wconf 79' lang='lat' dir='ltr'><strong>Romanae,</strong></span> <span class='ocrx_word' id='word_1_310' title='bbox 1558 493 1693 520; x_wconf 88' lang='lat' dir='ltr'><strong>nostram</strong></span> <span class='ocrx_word' id='word_1_311' title='bbox 1716 493 1747 520; x_wconf 86' lang='lat' dir='ltr'><strong>et</strong></span> <span class='ocrx_word' id='word_1_312' title='bbox 1759 498 1834 520; x_wconf 88' lang='lat' dir='ltr'><strong>suc-</strong></span> 
     </span>
     <span class='ocr_line' id='line_1_70' title="bbox 1090 535 1835 570; baseline 0.001 -2"><span class='ocrx_word' id='word_1_313' title='bbox 1090 545 1250 568; x_wconf 88' lang='lat' dir='ltr'><strong>cessorum</strong></span> <span class='ocrx_word' id='word_1_314' title='bbox 1271 541 1445 568; x_wconf 89' lang='lat' dir='ltr'><strong>nostrorum</strong></span> <span class='ocrx_word' id='word_1_315' title='bbox 1469 535 1738 570; x_wconf 78' lang='lat' dir='ltr'><strong>conservationem</strong></span> <span class='ocrx_word' id='word_1_316' title='bbox 1758 535 1835 569; x_wconf 86' lang='lat' dir='ltr'><strong>iuris</strong></span> 
     </span>
     <span class='ocr_line' id='line_1_71' title="bbox 1091 583 1837 631; baseline 0.001 -14"><span class='ocrx_word' id='word_1_317' title='bbox 1091 591 1182 630; x_wconf 85' lang='lat' dir='ltr'><strong>atque</strong></span> <span class='ocrx_word' id='word_1_318' title='bbox 1204 583 1372 624; x_wconf 87' lang='lat' dir='ltr'><strong>cautelam,</strong></span> <span class='ocrx_word' id='word_1_319' title='bbox 1397 583 1546 618; x_wconf 91' lang='lat' dir='ltr'><strong>volumus</strong></span> <span class='ocrx_word' id='word_1_320' title='bbox 1570 596 1625 631; x_wconf 88' lang='lat' dir='ltr'><strong>per</strong></span> <span class='ocrx_word' id='word_1_321' title='bbox 1652 597 1706 620; x_wconf 62' lang='lat' dir='ltr'><strong>tos</strong></span> <span class='ocrx_word' id='word_1_322' title='bbox 1728 584 1766 619; x_wconf 92' lang='lat' dir='ltr'><strong>ab</strong></span> <span class='ocrx_word' id='word_1_323' title='bbox 1782 597 1837 619; x_wconf 88' lang='lat' dir='ltr'><strong>eo-</strong></span> 
     </span>
     <span class='ocr_line' id='line_1_72' title="bbox 1091 633 1837 689; baseline 0.001 -22"><span class='ocrx_word' id='word_1_324' title='bbox 1091 633 1162 667; x_wconf 88' lang='lat' dir='ltr'><strong>dem</strong></span> <span class='ocrx_word' id='word_1_325' title='bbox 1186 641 1246 667; x_wconf 90' lang='lat' dir='ltr'><strong>tam</strong></span> <span class='ocrx_word' id='word_1_326' title='bbox 1276 645 1348 680; x_wconf 82' lang='lat' dir='ltr'><strong>rege</strong></span> <span class='ocrx_word' id='word_1_327' title='bbox 1374 635 1567 689; x_wconf 82' lang='lat' dir='ltr'><strong>coronando,</strong></span> <span class='ocrx_word' id='word_1_328' title='bbox 1589 646 1681 681; x_wconf 88' lang='lat' dir='ltr'><strong>quam</strong></span> <span class='ocrx_word' id='word_1_329' title='bbox 1702 634 1837 681; x_wconf 89' lang='lat' dir='ltr'><strong>impera-</strong></span> 
     </span>
     <span class='ocr_line' id='line_1_73' title="bbox 1093 683 1838 731; baseline 0 -14"><span class='ocrx_word' id='word_1_330' title='bbox 1093 692 1157 717; x_wconf 88' lang='lat' dir='ltr'><strong>tore</strong></span> <span class='ocrx_word' id='word_1_331' title='bbox 1184 691 1343 727; x_wconf 85' lang='lat' dir='ltr'><strong>coronato,</strong></span> <span class='ocrx_word' id='word_1_332' title='bbox 1366 695 1513 730; x_wconf 83' lang='lat' dir='ltr'><strong>expresse</strong></span> <span class='ocrx_word' id='word_1_333' title='bbox 1536 683 1572 717; x_wconf 90' lang='lat' dir='ltr'><strong>iis</strong></span> <span class='ocrx_word' id='word_1_334' title='bbox 1595 684 1710 719; x_wconf 82' lang='lat' dir='ltr'><strong>nostris</strong></span> <span class='ocrx_word' id='word_1_335' title='bbox 1732 691 1838 731; x_wconf 88' lang='lat' dir='ltr'><strong>prote-</strong></span> 
     </span>
     <span class='ocr_line' id='line_1_74' title="bbox 1092 733 1837 780; baseline 0.001 -13"><span class='ocrx_word' id='word_1_336' title='bbox 1092 733 1215 768; x_wconf 89' lang='lat' dir='ltr'><strong>stationi</strong></span> <span class='ocrx_word' id='word_1_337' title='bbox 1253 741 1283 767; x_wconf 89' lang='lat' dir='ltr'><strong>et</strong></span> <span class='ocrx_word' id='word_1_338' title='bbox 1323 733 1451 768; x_wconf 89' lang='lat' dir='ltr'><strong>decreto</strong></span> <span class='ocrx_word' id='word_1_339' title='bbox 1480 734 1719 774; x_wconf 83' lang='lat' dir='ltr'><strong>consentiente</strong></span> <span class='ocrx_word' id='word_1_340' title='bbox 1742 733 1837 780; x_wconf 85' lang='lat' dir='ltr'><strong>recipi</strong></span> 
     </span>
     <span class='ocr_line' id='line_1_75' title="bbox 1094 782 1840 831; baseline 0.001 -15"><span class='ocrx_word' id='word_1_341' title='bbox 1094 790 1235 829; x_wconf 85' lang='lat' dir='ltr'><strong>patentes</strong></span> <span class='ocrx_word' id='word_1_342' title='bbox 1262 782 1368 818; x_wconf 87' lang='lat' dir='ltr'><strong>literas</strong></span> <span class='ocrx_word' id='word_1_343' title='bbox 1390 782 1657 831; x_wconf 80' lang='lat' dir='ltr'><strong>quadruplicatas,</strong></span> <span class='ocrx_word' id='word_1_344' title='bbox 1680 783 1719 818; x_wconf 90' lang='lat' dir='ltr'><strong>de</strong></span> <span class='ocrx_word' id='word_1_345' title='bbox 1743 783 1840 818; x_wconf 77' lang='lat' dir='ltr'><strong>verbo</strong></span> 
     </span>
     <span class='ocr_line' id='line_1_76' title="bbox 1093 832 1839 880; baseline -0.001 -13"><span class='ocrx_word' id='word_1_346' title='bbox 1093 832 1129 867; x_wconf 89' lang='lat' dir='ltr'><strong>ad</strong></span> <span class='ocrx_word' id='word_1_347' title='bbox 1159 832 1287 867; x_wconf 81' lang='lat' dir='ltr'><strong>verbum</strong></span> <span class='ocrx_word' id='word_1_348' title='bbox 1324 841 1463 867; x_wconf 86' lang='lat' dir='ltr'><strong>tenorem</strong></span> <span class='ocrx_word' id='word_1_349' title='bbox 1493 833 1706 880; x_wconf 85' lang='lat' dir='ltr'><strong>praesentium</strong></span> <span class='ocrx_word' id='word_1_350' title='bbox 1734 833 1839 867; x_wconf 86' lang='lat' dir='ltr'><strong>conti-</strong></span> 
     </span>
     <span class='ocr_line' id='line_1_77' title="bbox 1093 882 1841 930; baseline 0.001 -14"><span class='ocrx_word' id='word_1_351' title='bbox 1093 891 1214 923; x_wconf 73' lang='lat' dir='ltr'><strong>nentes,</strong></span> <span class='ocrx_word' id='word_1_352' title='bbox 1230 895 1289 917; x_wconf 89' lang='lat' dir='ltr'><strong>suo</strong></span> <span class='ocrx_word' id='word_1_353' title='bbox 1304 882 1398 930; x_wconf 82' lang='lat' dir='ltr'><strong>regali</strong></span> <span class='ocrx_word' id='word_1_354' title='bbox 1413 882 1549 930; x_wconf 90' lang='lat' dir='ltr'><strong>primum</strong></span> <span class='ocrx_word' id='word_1_355' title='bbox 1573 882 1687 930; x_wconf 79' lang='lat' dir='ltr'><strong>sigillo,</strong></span> <span class='ocrx_word' id='word_1_356' title='bbox 1708 895 1744 917; x_wconf 88' lang='lat' dir='ltr'><strong>ac</strong></span> <span class='ocrx_word' id='word_1_357' title='bbox 1759 889 1841 930; x_wconf 86' lang='lat' dir='ltr'><strong>post-</strong></span> 
     </span>
     <span class='ocr_line' id='line_1_78' title="bbox 1094 931 1841 980; baseline 0 -15"><span class='ocrx_word' id='word_1_358' title='bbox 1094 931 1222 966; x_wconf 92' lang='lat' dir='ltr'><strong>modum</strong></span> <span class='ocrx_word' id='word_1_359' title='bbox 1245 945 1299 966; x_wconf 90' lang='lat' dir='ltr'><strong>sua</strong></span> <span class='ocrx_word' id='word_1_360' title='bbox 1329 932 1484 980; x_wconf 86' lang='lat' dir='ltr'><strong>imperiali</strong></span> <span class='ocrx_word' id='word_1_361' title='bbox 1513 931 1596 966; x_wconf 85' lang='lat' dir='ltr'><strong>bulla</strong></span> <span class='ocrx_word' id='word_1_362' title='bbox 1627 945 1720 967; x_wconf 91' lang='lat' dir='ltr'><strong>aurea</strong></span> <span class='ocrx_word' id='word_1_363' title='bbox 1753 945 1841 967; x_wconf 85' lang='lat' dir='ltr'><strong>com-</strong></span> 
     </span>
     <span class='ocr_line' id='line_1_79' title="bbox 1093 981 1842 1029; baseline 0 -14"><span class='ocrx_word' id='word_1_364' title='bbox 1093 982 1248 1017; x_wconf 88' lang='lat' dir='ltr'><strong>munitas:</strong></span> <span class='ocrx_word' id='word_1_365' title='bbox 1272 994 1351 1029; x_wconf 86' lang='lat' dir='ltr'><strong>quas</strong></span> <span class='ocrx_word' id='word_1_366' title='bbox 1379 994 1433 1017; x_wconf 84' lang='lat' dir='ltr'><strong>vos</strong></span> <span class='ocrx_word' id='word_1_367' title='bbox 1466 981 1634 1023; x_wconf 56' lang='lat' dir='ltr'><strong>Albanum„</strong></span> <span class='ocrx_word' id='word_1_368' title='bbox 1661 982 1784 1017; x_wconf 88' lang='lat' dir='ltr'><strong>Ostien.</strong></span> <span class='ocrx_word' id='word_1_369' title='bbox 1811 989 1842 1016; x_wconf 91' lang='lat' dir='ltr'><strong>et</strong></span> 
     </span>
     <span class='ocr_line' id='line_1_80' title="bbox 1092 1031 1839 1077; baseline 0 -12"><span class='ocrx_word' id='word_1_370' title='bbox 1092 1031 1208 1071; x_wconf 86' lang='lat' dir='ltr'><strong>Lucas,</strong></span> <span class='ocrx_word' id='word_1_371' title='bbox 1225 1031 1300 1077; x_wconf 75' lang='lat' dir='ltr'><strong>duo,</strong></span> <span class='ocrx_word' id='word_1_372' title='bbox 1322 1039 1375 1066; x_wconf 91' lang='lat' dir='ltr'><strong>aut</strong></span> <span class='ocrx_word' id='word_1_373' title='bbox 1403 1031 1480 1066; x_wconf 85' lang='lat' dir='ltr'><strong>alter</strong></span> <span class='ocrx_word' id='word_1_374' title='bbox 1508 1040 1645 1066; x_wconf 87' lang='lat' dir='ltr'><strong>vestrum</strong></span> <span class='ocrx_word' id='word_1_375' title='bbox 1670 1031 1760 1066; x_wconf 88' lang='lat' dir='ltr'><strong>nobis</strong></span> <span class='ocrx_word' id='word_1_376' title='bbox 1785 1039 1839 1066; x_wconf 91' lang='lat' dir='ltr'><strong>aut</strong></span> 
     </span>
     <span class='ocr_line' id='line_1_81' title="bbox 1092 1081 1741 1129; baseline 0.002 -14"><span class='ocrx_word' id='word_1_377' title='bbox 1092 1093 1233 1116; x_wconf 77' lang='lat' dir='ltr'><strong>camerae</strong></span> <span class='ocrx_word' id='word_1_378' title='bbox 1255 1090 1380 1116; x_wconf 87' lang='lat' dir='ltr'><strong>nostrae</strong></span> <span class='ocrx_word' id='word_1_379' title='bbox 1404 1081 1537 1116; x_wconf 86' lang='lat' dir='ltr'><strong>fideliter</strong></span> <span class='ocrx_word' id='word_1_380' title='bbox 1563 1081 1741 1129; x_wconf 84' lang='lat' dir='ltr'><strong>assignetis.</strong></span> 
     </span>
    </p>

    <p class='ocr_par' dir='ltr' id='par_1_14' title="bbox 1092 1130 1842 1313">
     <span class='ocr_line' id='line_1_82' title="bbox 1140 1130 1842 1179; baseline -0.001 -14"><span class='ocrx_word' id='word_1_381' title='bbox 1140 1130 1280 1165; x_wconf 89' lang='lat' dir='ltr'><strong>Datum</strong></span> <span class='ocrx_word' id='word_1_382' title='bbox 1275 1145 1303 1165; x_wconf 90' lang='grc' dir='ltr'><strong>ιιι</strong></span> <span class='ocrx_word' id='word_1_383' title='bbox 1333 1131 1469 1178; x_wconf 88' lang='lat' dir='ltr'><strong>prioratu</strong></span> <span class='ocrx_word' id='word_1_384' title='bbox 1499 1131 1537 1165; x_wconf 89' lang='lat' dir='ltr'><strong>de</strong></span> <span class='ocrx_word' id='word_1_385' title='bbox 1555 1131 1721 1166; x_wconf 87' lang='lat' dir='ltr'><strong>Grausello</strong></span> <span class='ocrx_word' id='word_1_386' title='bbox 1745 1143 1842 1179; x_wconf 87' lang='lat' dir='ltr'><strong>prope</strong></span> 
     </span>
     <span class='ocr_line' id='line_1_83' title="bbox 1092 1179 1842 1226; baseline 0.001 -13"><span class='ocrx_word' id='word_1_387' title='bbox 1092 1179 1264 1215; x_wconf 83' lang='lat' dir='ltr'><strong>Malausan</strong></span> <span class='ocrx_word' id='word_1_388' title='bbox 1269 1180 1462 1225; x_wconf 57' lang='lat' dir='ltr'><strong>‚vasionen</strong></span> <span class='ocrx_word' id='word_1_389' title='bbox 1493 1180 1661 1226; x_wconf 78' lang='lat' dir='ltr'><strong>dioecesis,</strong></span> <span class='ocrx_word' id='word_1_390' title='bbox 1676 1180 1842 1216; x_wconf 81' lang='lat' dir='ltr'><strong>tertiode-</strong></span> 
     </span>
     <span class='ocr_line' id='line_1_84' title="bbox 1092 1229 1840 1277; baseline 0 -14"><span class='ocrx_word' id='word_1_391' title='bbox 1092 1229 1173 1263; x_wconf 88' lang='lat' dir='ltr'><strong>cimo</strong></span> <span class='ocrx_word' id='word_1_392' title='bbox 1201 1229 1349 1265; x_wconf 84' lang='lat' dir='ltr'><strong>kalendas</strong></span> <span class='ocrx_word' id='word_1_393' title='bbox 1383 1230 1473 1275; x_wconf 78' lang='lat' dir='ltr'><strong>iulii,</strong></span> <span class='ocrx_word' id='word_1_394' title='bbox 1510 1231 1710 1277; x_wconf 85' lang='lat' dir='ltr'><strong>pontificatus</strong></span> <span class='ocrx_word' id='word_1_395' title='bbox 1744 1230 1840 1264; x_wconf 81' lang='lat' dir='ltr'><strong>nostri</strong></span> 
     </span>
     <span class='ocr_line' id='line_1_85' title="bbox 1092 1291 1238 1313; baseline 0.007 -1"><span class='ocrx_word' id='word_1_396' title='bbox 1092 1291 1174 1313; x_wconf 90' lang='lat' dir='ltr'><strong>anno</strong></span> <span class='ocrx_word' id='word_1_397' title='bbox 1197 1292 1238 1313; x_wconf 78' lang='lat' dir='ltr'><strong>vr.</strong></span> 
     </span>
    </p>
   </div>
   <div class='ocr_carea' id='block_1_12' title="bbox 1140 1341 1791 1381">
    <p class='ocr_par' dir='ltr' id='par_1_15' title="bbox 1140 1341 1791 1381">
     <span class='ocr_line' id='line_1_86' title="bbox 1140 1341 1791 1381; baseline 0.002 -11"><span class='ocrx_word' id='word_1_398' title='bbox 1140 1341 1200 1371; x_wconf 85' lang='lat' dir='ltr'><strong>Dat.</strong></span> <span class='ocrx_word' id='word_1_399' title='bbox 1219 1341 1266 1371; x_wconf 87' lang='lat' dir='ltr'><strong>die</strong></span> <span class='ocrx_word' id='word_1_400' title='bbox 1289 1341 1322 1372; x_wconf 79' lang='lat' dir='ltr'><strong>to</strong></span> <span class='ocrx_word' id='word_1_401' title='bbox 1339 1341 1410 1371; x_wconf 90' lang='lat' dir='ltr'><strong>iunii</strong></span> <span class='ocrx_word' id='word_1_402' title='bbox 1432 1341 1517 1379; x_wconf 80' lang='lat'><strong>1311,</strong></span> <span class='ocrx_word' id='word_1_403' title='bbox 1536 1341 1637 1381; x_wconf 82' lang='lat' dir='ltr'><strong>pontif.</strong></span> <span class='ocrx_word' id='word_1_404' title='bbox 1656 1351 1732 1372; x_wconf 84' lang='lat' dir='ltr'><strong>anno</strong></span> <span class='ocrx_word' id='word_1_405' title='bbox 1755 1351 1791 1372; x_wconf 80' lang='lat' dir='ltr'><strong>vi.</strong></span> 
     </span>
    </p>
   </div>
   <div class='ocr_carea' id='block_1_13' title="bbox 1430 1500 1500 1536">
    <p class='ocr_par' dir='ltr' id='par_1_16' title="bbox 1430 1500 1500 1536">
     <span class='ocr_line' id='line_1_87' title="bbox 1430 1500 1500 1536; baseline -0.014 0"><span class='ocrx_word' id='word_1_406' title='bbox 1430 1500 1500 1536; x_wconf 82' lang='lat' dir='ltr'><strong>XII.</strong></span> 
     </span>
    </p>
   </div>
   <div class='ocr_carea' id='block_1_14' title="bbox 1090 1572 1843 1767">
    <p class='ocr_par' dir='ltr' id='par_1_17' title="bbox 1090 1572 1843 1767">
     <span class='ocr_line' id='line_1_88' title="bbox 1090 1572 1843 1619; baseline 0.005 -14"><span class='ocrx_word' id='word_1_407' title='bbox 1090 1572 1322 1606; x_wconf 76' lang='lat' dir='ltr'><strong>Monumentum</strong></span> <span class='ocrx_word' id='word_1_408' title='bbox 1347 1575 1488 1619; x_wconf 75' lang='lat' dir='ltr'><strong>praestiti</strong></span> <span class='ocrx_word' id='word_1_409' title='bbox 1512 1575 1550 1608; x_wconf 81' lang='lat' dir='ltr'><strong>ab</strong></span> <span class='ocrx_word' id='word_1_410' title='bbox 1574 1575 1690 1609; x_wconf 77' lang='lat' dir='ltr'><strong>Enrico</strong></span> <span class='ocrx_word' id='word_1_411' title='bbox 1724 1576 1785 1609; x_wconf 87' lang='lat' dir='ltr'><strong>VII</strong></span> <span class='ocrx_word' id='word_1_412' title='bbox 1812 1577 1843 1609; x_wconf 77' lang='lat' dir='ltr'><strong>in</strong></span> 
     </span>
     <span class='ocr_line' id='line_1_89' title="bbox 1139 1624 1843 1671; baseline 0.006 -16"><span class='ocrx_word' id='word_1_413' title='bbox 1139 1624 1349 1667; x_wconf 80' lang='lat' dir='ltr'><strong>imperatorem</strong></span> <span class='ocrx_word' id='word_1_414' title='bbox 1383 1625 1470 1657; x_wconf 81' lang='lat' dir='ltr'><strong>electo</strong></span> <span class='ocrx_word' id='word_1_415' title='bbox 1507 1625 1674 1658; x_wconf 79' lang='lat' dir='ltr'><strong>iuramenti</strong></span> <span class='ocrx_word' id='word_1_416' title='bbox 1706 1626 1843 1671; x_wconf 76' lang='lat' dir='ltr'><strong>fidelita-</strong></span> 
     </span>
     <span class='ocr_line' id='line_1_90' title="bbox 1139 1673 1843 1720; baseline 0.006 -15"><span class='ocrx_word' id='word_1_417' title='bbox 1139 1673 1188 1710; x_wconf 72' lang='lat' dir='ltr'><strong>cis,</strong></span> <span class='ocrx_word' id='word_1_418' title='bbox 1213 1680 1238 1706; x_wconf 83' lang='lat' dir='ltr'><strong>et</strong></span> <span class='ocrx_word' id='word_1_419' title='bbox 1274 1675 1525 1718; x_wconf 80' lang='lat' dir='ltr'><strong>confirmatarum</strong></span> <span class='ocrx_word' id='word_1_420' title='bbox 1552 1676 1628 1709; x_wconf 79' lang='lat' dir='ltr'><strong>Sedi</strong></span> <span class='ocrx_word' id='word_1_421' title='bbox 1649 1676 1843 1720; x_wconf 74' lang='lat' dir='ltr'><strong>Apostolicae</strong></span> 
     </span>
     <span class='ocr_line' id='line_1_91' title="bbox 1138 1723 1648 1767; baseline 0.004 -12"><span class='ocrx_word' id='word_1_422' title='bbox 1138 1723 1343 1767; x_wconf 74' lang='lat' dir='ltr'><strong>imperialium</strong></span> <span class='ocrx_word' id='word_1_423' title='bbox 1368 1724 1568 1758; x_wconf 79' lang='lat' dir='ltr'><strong>donationum</strong></span> <span class='ocrx_word' id='word_1_424' title='bbox 1592 1726 1648 1767; x_wconf 80' lang='grc'>(1).</span> 
     </span>
    </p>
   </div>
   <div class='ocr_carea' id='block_1_15' title="bbox 1090 1802 1841 1952">
    <p class='ocr_par' dir='ltr' id='par_1_18' title="bbox 1090 1802 1841 1952">
     <span class='ocr_line' id='line_1_92' title="bbox 1354 1802 1567 1834; baseline 0.019 -5"><span class='ocrx_word' id='word_1_425' title='bbox 1354 1802 1567 1834; x_wconf 70' lang='lat' dir='ltr'><strong>summum!</strong></span> 
     </span>
     <span class='ocr_line' id='line_1_93' title="bbox 1090 1869 1841 1910; baseline 0.007 -12"><span class='ocrx_word' id='word_1_426' title='bbox 1090 1869 1276 1899; x_wconf 67' lang='lat' dir='ltr'><strong>Prooemium.</strong></span> <span class='ocrx_word' id='word_1_427' title='bbox 1298 1886 1337 1891; x_wconf 97' lang='lat'><strong>—</strong></span> <span class='ocrx_word' id='word_1_428' title='bbox 1359 1870 1400 1899; x_wconf 82' lang='lat' dir='ltr'><strong>Ab</strong></span> <span class='ocrx_word' id='word_1_429' title='bbox 1424 1870 1549 1900; x_wconf 74' lang='lat' dir='ltr'><strong>ilenrico</strong></span> <span class='ocrx_word' id='word_1_430' title='bbox 1569 1873 1740 1910; x_wconf 82' lang='lat' dir='ltr'><strong>praestitum</strong></span> <span class='ocrx_word' id='word_1_431' title='bbox 1760 1873 1841 1903; x_wconf 77' lang='lat' dir='ltr'><strong>iula-</strong></span> 
     </span>
     <span class='ocr_line' id='line_1_94' title="bbox 1128 1909 1840 1952; baseline 0.007 -14"><span class='ocrx_word' id='word_1_432' title='bbox 1128 1915 1257 1939; x_wconf 89' lang='lat' dir='ltr'><strong>mentum</strong></span> <span class='ocrx_word' id='word_1_433' title='bbox 1305 1909 1444 1940; x_wconf 81' lang='lat' dir='ltr'><strong>(lementi</strong></span> <span class='ocrx_word' id='word_1_434' title='bbox 1485 1911 1538 1941; x_wconf 77' lang='lat' dir='ltr'><strong>PP.</strong></span> <span class='ocrx_word' id='word_1_435' title='bbox 1568 1928 1607 1934; x_wconf 90' lang='lat'>—</span> <span class='ocrx_word' id='word_1_436' title='bbox 1640 1913 1665 1942; x_wconf 81' lang='lat'><strong>1.</strong></span> <span class='ocrx_word' id='word_1_437' title='bbox 1698 1913 1840 1952; x_wconf 81' lang='lat' dir='ltr'><strong>Aliaeque</strong></span> 
     </span>
    </p>
   </div>
   <div class='ocr_carea' id='block_1_16' title="bbox 1126 1950 1840 2111">
    <p class='ocr_par' dir='ltr' id='par_1_19' title="bbox 1126 1950 1840 2111">
     <span class='ocr_line' id='line_1_95' title="bbox 1129 1950 1840 1990; baseline 0.006 -11"><span class='ocrx_word' id='word_1_438' title='bbox 1129 1950 1220 1980; x_wconf 78' lang='lat' dir='ltr'><strong>laetae</strong></span> <span class='ocrx_word' id='word_1_439' title='bbox 1254 1951 1440 1990; x_wconf 86' lang='lat' dir='ltr'><strong>sponsiones.</strong></span> <span class='ocrx_word' id='word_1_440' title='bbox 1468 1968 1507 1973; x_wconf 93' lang='lat'>—</span> <span class='ocrx_word' id='word_1_441' title='bbox 1536 1951 1563 1981; x_wconf 66' lang='lat'><strong>2).</strong></span> <span class='ocrx_word' id='word_1_442' title='bbox 1592 1951 1711 1982; x_wconf 89' lang='lat' dir='ltr'><strong>Henrici</strong></span> <span class='ocrx_word' id='word_1_443' title='bbox 1738 1953 1840 1983; x_wconf 88' lang='lat' dir='ltr'><strong>literae</strong></span> 
     </span>
     <span class='ocr_line' id='line_1_96' title="bbox 1127 1991 1837 2029; baseline 0.007 -10"><span class='ocrx_word' id='word_1_444' title='bbox 1127 2000 1216 2029; x_wconf 85' lang='lat' dir='ltr'><strong>super</strong></span> <span class='ocrx_word' id='word_1_445' title='bbox 1231 1991 1278 2020; x_wconf 85' lang='lat' dir='ltr'><strong>iis.</strong></span> <span class='ocrx_word' id='word_1_446' title='bbox 1295 1991 1440 2020; x_wconf 89' lang='lat' dir='ltr'><strong>—Tenor</strong></span> <span class='ocrx_word' id='word_1_447' title='bbox 1454 1992 1615 2021; x_wconf 76' lang='lat' dir='ltr'><strong>literarum.</strong></span> <span class='ocrx_word' id='word_1_448' title='bbox 1627 1993 1837 2024; x_wconf 80' lang='lat' dir='ltr'><strong>—Romanam</strong></span> 
     </span>
     <span class='ocr_line' id='line_1_97' title="bbox 1128 2030 1837 2064; baseline 0.004 -4"><span class='ocrx_word' id='word_1_449' title='bbox 1128 2030 1289 2061; x_wconf 79' lang='lat' dir='ltr'><strong>Ecclesiam</strong></span> <span class='ocrx_word' id='word_1_450' title='bbox 1305 2036 1333 2061; x_wconf 85' lang='lat' dir='ltr'><strong>et</strong></span> <span class='ocrx_word' id='word_1_451' title='bbox 1355 2032 1440 2061; x_wconf 80' lang='lat' dir='ltr'><strong>[idem</strong></span> <span class='ocrx_word' id='word_1_452' title='bbox 1458 2032 1633 2062; x_wconf 72' lang='lat' dir='ltr'><strong>catholicam</strong></span> <span class='ocrx_word' id='word_1_453' title='bbox 1653 2038 1837 2064; x_wconf 79' lang='lat' dir='ltr'><strong>servaturum</strong></span> 
     </span>
     <span class='ocr_line' id='line_1_98' title="bbox 1126 2072 1837 2111; baseline 0.006 -11"><span class='ocrx_word' id='word_1_454' title='bbox 1126 2081 1157 2100; x_wconf 82' lang='lat' dir='ltr'><strong>se</strong></span> <span class='ocrx_word' id='word_1_455' title='bbox 1176 2072 1340 2110; x_wconf 89' lang='lat' dir='ltr'><strong>pollicetur.</strong></span> <span class='ocrx_word' id='word_1_456' title='bbox 1357 2089 1395 2094; x_wconf 93' lang='lat'><strong>—-</strong></span> <span class='ocrx_word' id='word_1_457' title='bbox 1409 2072 1489 2107; x_wconf 81' lang='lat' dir='ltr'><strong>Quae</strong></span> <span class='ocrx_word' id='word_1_458' title='bbox 1509 2073 1678 2111; x_wconf 86' lang='lat' dir='ltr'><strong>promiserit</strong></span> <span class='ocrx_word' id='word_1_459' title='bbox 1693 2073 1837 2104; x_wconf 88' lang='lat' dir='ltr'><strong>Henricus</strong></span> 
     </span>
    </p>
   </div>
   <div class='ocr_carea' id='block_1_17' title="bbox 1126 2111 1838 2221">
    <p class='ocr_par' dir='ltr' id='par_1_20' title="bbox 1126 2111 1838 2221">
     <span class='ocr_line' id='line_1_99' title="bbox 1128 2111 1837 2151; baseline 0.006 -11"><span class='ocrx_word' id='word_1_460' title='bbox 1128 2112 1208 2140; x_wconf 78' lang='lat' dir='ltr'><strong>Rom.</strong></span> <span class='ocrx_word' id='word_1_461' title='bbox 1224 2111 1384 2142; x_wconf 72' lang='lat' dir='ltr'><strong>Ecclesiae.</strong></span> <span class='ocrx_word' id='word_1_462' title='bbox 1400 2129 1439 2134; x_wconf 92' lang='lat'><strong>—</strong></span> <span class='ocrx_word' id='word_1_463' title='bbox 1455 2112 1554 2142; x_wconf 85' lang='lat' dir='ltr'><strong>Eidem</strong></span> <span class='ocrx_word' id='word_1_464' title='bbox 1570 2113 1721 2151; x_wconf 82' lang='lat' dir='ltr'><strong>privilegia</strong></span> <span class='ocrx_word' id='word_1_465' title='bbox 1739 2115 1837 2144; x_wconf 82' lang='lat' dir='ltr'><strong>omnia</strong></span> 
     </span>
     <span class='ocr_line' id='line_1_100' title="bbox 1128 2152 1838 2193; baseline 0.006 -13"><span class='ocrx_word' id='word_1_466' title='bbox 1128 2152 1290 2190; x_wconf 65' lang='lat' dir='ltr'><strong>inipoeialia</strong></span> <span class='ocrx_word' id='word_1_467' title='bbox 1309 2154 1474 2182; x_wconf 74' lang='lat' dir='ltr'><strong>confirmat:</strong></span> <span class='ocrx_word' id='word_1_468' title='bbox 1498 2170 1535 2174; x_wconf 91' lang='lat'><strong>—-</strong></span> <span class='ocrx_word' id='word_1_469' title='bbox 1553 2153 1731 2193; x_wconf 83' lang='lat' dir='ltr'><strong>Etantiquas</strong></span> <span class='ocrx_word' id='word_1_470' title='bbox 1747 2154 1838 2184; x_wconf 86' lang='lat' dir='ltr'><strong>dona-</strong></span> 
     </span>
     <span class='ocr_line' id='line_1_101' title="bbox 1126 2197 1230 2221; baseline 0 0"><span class='ocrx_word' id='word_1_471' title='bbox 1126 2197 1230 2221; x_wconf 84' lang='lat' dir='ltr'><strong>tiones.</strong></span> 
     </span>
    </p>
   </div>
   <div class='ocr_carea' id='block_1_18' title="bbox 1085 2259 1838 2437">
    <p class='ocr_par' dir='ltr' id='par_1_21' title="bbox 1085 2259 1838 2437">
     <span class='ocr_line' id='line_1_102' title="bbox 1085 2259 1838 2296; baseline 0.004 -9"><span class='ocrx_word' id='word_1_472' title='bbox 1085 2259 1207 2287; x_wconf 82' lang='lat' dir='ltr'><strong>Clemens</strong></span> <span class='ocrx_word' id='word_1_473' title='bbox 1230 2261 1372 2296; x_wconf 81' lang='lat' dir='ltr'><strong>episcopus</strong></span> <span class='ocrx_word' id='word_1_474' title='bbox 1391 2267 1485 2289; x_wconf 84' lang='lat' dir='ltr'><strong>servus</strong></span> <span class='ocrx_word' id='word_1_475' title='bbox 1514 2268 1655 2290; x_wconf 82' lang='lat' dir='ltr'><strong>servorum</strong></span> <span class='ocrx_word' id='word_1_476' title='bbox 1683 2261 1739 2293; x_wconf 76' lang='lat' dir='ltr'><strong>Dei,</strong></span> <span class='ocrx_word' id='word_1_477' title='bbox 1775 2262 1838 2290; x_wconf 78' lang='lat' dir='ltr'><strong>cha-</strong></span> 
     </span>
     <span class='ocr_line' id='line_1_103' title="bbox 1127 2310 1836 2347; baseline 0.004 -10"><span class='ocrx_word' id='word_1_478' title='bbox 1127 2310 1236 2338; x_wconf 86' lang='lat' dir='ltr'><strong>rissimo</strong></span> <span class='ocrx_word' id='word_1_479' title='bbox 1260 2311 1287 2338; x_wconf 80' lang='lat' dir='ltr'><strong>in</strong></span> <span class='ocrx_word' id='word_1_480' title='bbox 1311 2310 1417 2339; x_wconf 86' lang='lat' dir='ltr'><strong>Christo</strong></span> <span class='ocrx_word' id='word_1_481' title='bbox 1437 2310 1492 2339; x_wconf 79' lang='lat' dir='ltr'><strong>filio</strong></span> <span class='ocrx_word' id='word_1_482' title='bbox 1515 2311 1626 2340; x_wconf 80' lang='lat' dir='ltr'><strong>Henrico</strong></span> <span class='ocrx_word' id='word_1_483' title='bbox 1654 2311 1714 2347; x_wconf 80' lang='lat' dir='ltr'><strong>regt</strong></span> <span class='ocrx_word' id='word_1_484' title='bbox 1744 2312 1836 2341; x_wconf 72' lang='lat' dir='ltr'><strong>Roma·</strong></span> 
     </span>
     <span class='ocr_line' id='line_1_104' title="bbox 1128 2360 1835 2396; baseline 0.004 -9"><span class='ocrx_word' id='word_1_485' title='bbox 1128 2365 1223 2388; x_wconf 87' lang='lat' dir='ltr'><strong>norum</strong></span> <span class='ocrx_word' id='word_1_486' title='bbox 1242 2360 1358 2393; x_wconf 84' lang='lat' dir='ltr'><strong>illustri.</strong></span> <span class='ocrx_word' id='word_1_487' title='bbox 1385 2361 1502 2389; x_wconf 80' lang='lat' dir='ltr'><strong>salutem</strong></span> <span class='ocrx_word' id='word_1_488' title='bbox 1521 2362 1551 2389; x_wconf 82' lang='lat' dir='ltr'><strong>et</strong></span> <span class='ocrx_word' id='word_1_489' title='bbox 1585 2361 1763 2396; x_wconf 76' lang='lat' dir='ltr'><strong>apostolicam</strong></span> <span class='ocrx_word' id='word_1_490' title='bbox 1792 2362 1835 2391; x_wconf 79' lang='lat' dir='ltr'><strong>be·</strong></span> 
     </span>
     <span class='ocr_line' id='line_1_105' title="bbox 1126 2409 1316 2437; baseline 0.005 -1"><span class='ocrx_word' id='word_1_491' title='bbox 1126 2409 1316 2437; x_wconf 80' lang='lat' dir='ltr'><strong>nedictionem.</strong></span> 
     </span>
    </p>
   </div>
   <div class='ocr_carea' id='block_1_19' title="bbox 1081 2472 1834 2673">
    <p class='ocr_par' dir='ltr' id='par_1_22' title="bbox 1081 2472 1834 2673">
     <span class='ocr_line' id='line_1_106' title="bbox 1132 2472 1832 2521; baseline 0.006 -15"><span class='ocrx_word' id='word_1_492' title='bbox 1132 2472 1164 2506; x_wconf 87' lang='grc' dir='ltr'><strong>Ιιι</strong></span> <span class='ocrx_word' id='word_1_493' title='bbox 1206 2472 1388 2507; x_wconf 89' lang='lat' dir='ltr'><strong>humilitatis</strong></span> <span class='ocrx_word' id='word_1_494' title='bbox 1422 2473 1546 2520; x_wconf 81' lang='lat' dir='ltr'><strong>spiritu,</strong></span> <span class='ocrx_word' id='word_1_495' title='bbox 1586 2486 1647 2521; x_wconf 84' lang='lat' dir='ltr'><strong>qua</strong></span> <span class='ocrx_word' id='word_1_496' title='bbox 1682 2475 1832 2510; x_wconf 88' lang='lat' dir='ltr'><strong>virtutum</strong></span> 
     </span>
     <span class='ocr_line' id='line_1_107' title="bbox 1082 2522 1834 2569; baseline 0.007 -14"><span class='ocrx_word' id='word_1_497' title='bbox 1082 2522 1304 2569; x_wconf 84' lang='lat' dir='ltr'><strong>comprobatur</strong></span> <span class='ocrx_word' id='word_1_498' title='bbox 1340 2523 1439 2568; x_wconf 85' lang='lat' dir='ltr'><strong>origo,</strong></span> <span class='ocrx_word' id='word_1_499' title='bbox 1478 2524 1558 2558; x_wconf 87' lang='lat' dir='ltr'><strong>sicut</strong></span> <span class='ocrx_word' id='word_1_500' title='bbox 1586 2524 1693 2559; x_wconf 84' lang='lat' dir='ltr'><strong>matris</strong></span> <span class='ocrx_word' id='word_1_501' title='bbox 1721 2525 1834 2560; x_wconf 87' lang='lat' dir='ltr'><strong>Eccle-</strong></span> 
     </span>
     <span class='ocr_line' id='line_1_108' title="bbox 1081 2572 1833 2614; baseline 0.007 -9"><span class='ocrx_word' id='word_1_502' title='bbox 1081 2572 1145 2606; x_wconf 87' lang='lat' dir='ltr'><strong>siae</strong></span> <span class='ocrx_word' id='word_1_503' title='bbox 1168 2572 1260 2611; x_wconf 80' lang='lat' dir='ltr'><strong>fitius,</strong></span> <span class='ocrx_word' id='word_1_504' title='bbox 1280 2585 1295 2606; x_wconf 92' lang='lat' dir='ltr'><strong>a</strong></span> <span class='ocrx_word' id='word_1_505' title='bbox 1318 2573 1454 2607; x_wconf 85' lang='lat' dir='ltr'><strong>Domino</strong></span> <span class='ocrx_word' id='word_1_506' title='bbox 1471 2573 1665 2614; x_wconf 79' lang='lat' dir='ltr'><strong>benedictus,</strong></span> <span class='ocrx_word' id='word_1_507' title='bbox 1683 2583 1754 2610; x_wconf 86' lang='lat' dir='ltr'><strong>tuae</strong></span> <span class='ocrx_word' id='word_1_508' title='bbox 1776 2575 1833 2610; x_wconf 74' lang='lat' dir='ltr'><strong>de-</strong></span> 
     </span>
     <span class='ocr_line' id='line_1_109' title="bbox 1083 2622 1831 2673; baseline 0.005 -18"><span class='ocrx_word' id='word_1_509' title='bbox 1083 2622 1213 2656; x_wconf 78' lang='lat' dir='ltr'><strong>votionis</strong></span> <span class='ocrx_word' id='word_1_510' title='bbox 1263 2634 1298 2656; x_wconf 90' lang='lat' dir='ltr'><strong>ac</strong></span> <span class='ocrx_word' id='word_1_511' title='bbox 1340 2622 1409 2656; x_wconf 85' lang='lat' dir='ltr'><strong>lidei</strong></span> <span class='ocrx_word' id='word_1_512' title='bbox 1453 2623 1538 2657; x_wconf 88' lang='lat' dir='ltr'><strong>zelus</strong></span> <span class='ocrx_word' id='word_1_513' title='bbox 1580 2624 1669 2658; x_wconf 88' lang='lat' dir='ltr'><strong>nobis</strong></span> <span class='ocrx_word' id='word_1_514' title='bbox 1711 2633 1739 2659; x_wconf 91' lang='lat' dir='ltr'><strong>et</strong></span> <span class='ocrx_word' id='word_1_515' title='bbox 1772 2626 1831 2673; x_wconf 90' lang='lat' dir='ltr'><strong>ipsi</strong></span> 
     </span>
    </p>
   </div>
   <div class='ocr_carea' id='block_1_20' title="bbox 1115 2692 1432 2727">
    <p class='ocr_par' dir='ltr' id='par_1_23' title="bbox 1115 2692 1432 2727">
     <span class='ocr_line' id='line_1_110' title="bbox 1115 2692 1432 2727; baseline 0.006 -10"><span class='ocrx_word' id='word_1_516' title='bbox 1115 2693 1154 2725; x_wconf 61' lang='lat' dir='ltr'><strong>ll)</strong></span> <span class='ocrx_word' id='word_1_517' title='bbox 1172 2693 1208 2718; x_wconf 64' lang='lat' dir='ltr'><strong>E&lt;</strong></span> <span class='ocrx_word' id='word_1_518' title='bbox 1230 2692 1332 2727; x_wconf 58' lang='lat' dir='ltr'><strong>aegest.</strong></span> <span class='ocrx_word' id='word_1_519' title='bbox 1353 2693 1432 2719; x_wconf 71' lang='lat' dir='ltr'><strong>Vatir.</strong></span> 
     </span>
    </p>
   </div>
   <div class='ocr_carea' id='block_1_21' title="bbox 1847 281 2004 310">
    <p class='ocr_par' dir='ltr' id='par_1_24' title="bbox 1847 281 2004 310">
     <span class='ocr_line' id='line_1_111' title="bbox 1847 281 2004 310; baseline -0.032 0"><span class='ocrx_word' id='word_1_520' title='bbox 1847 284 1894 310; x_wconf 78' lang='grc' dir='ltr'><strong>Αιι.</strong></span> <span class='ocrx_word' id='word_1_521' title='bbox 1918 281 1945 307; x_wconf 89' lang='lat' dir='ltr'><strong>C.</strong></span> <span class='ocrx_word' id='word_1_522' title='bbox 1962 281 2004 306; x_wconf 74' lang='grc'><strong>131</strong></span> 
     </span>
    </p>
   </div>
   <div class='ocr_carea' id='block_1_22' title="bbox 1875 2482 2005 2504">
    <p class='ocr_par' dir='ltr' id='par_1_25' title="bbox 1875 2482 2005 2504">
     <span class='ocr_line' id='line_1_112' title="bbox 1875 2482 2005 2504; baseline 0.008 -1"><span class='ocrx_word' id='word_1_523' title='bbox 1875 2482 2005 2504; x_wconf 62' lang='grc' dir='ltr'><strong>Ριῆφιιιιιιιη,</strong></span> 
     </span>
    </p>
   </div>
  </div>
 </body>
</html>
