2274 3265
99 295 280 323 An.c.1318

133 749 249 769 Exordium.

129 2079 185 2100 thee
218 2079 301 2099 Acade-

118 2112 157 2130 mia
177 2117 188 2130 a
203 2110 302 2130 Clemen-

119 2146 138 2162 te
155 2141 169 2161 ‘v‘
187 2145 266 2161 erecta.

801 290 940 315 tOANNEs
964 290 1020 312 xxi
1043 278 1150 320 (dit-tus
1179 278 1260 318 xxti)
1286 287 1332 308 ιϊ.

1721 272 1791 306 275

335 348 361 377 ϋ.
393 347 600 377 Laurentorum
634 345 796 384 privilegia.
824 362 864 368 —
890 346 916 374 7.
948 344 1049 374 Modus
1090 343 1208 385 statuit,
1232 341 1311 375 utin
1335 340 1459 374 civitate
1482 339 1637 386 praedicta
1662 346 1744 373 esset
1769 338 1845 372 Stu-

336 392 512 421 sacrameuti
529 390 564 419 ab
584 391 686 419 eodem
711 390 851 440 ¹episcopo
869 388 1049 439 praestandi.
1091 392 1177 426 ,lium
1209 390 1372 437 gp„(›1·3!s›‚
1408 389 1550 435 3111„thss
1584 390 1702 435 vigeret
1727 387 1841 422 ibidem

334 453 373 458 -
403 437 429 465 3·
462 435 660 465 ¹¹¹s³m⁰¹¹l¹¹m
693 434 791 464 ⁵¹m¹¹e
818 433 1009 463 ‘'m'stssndffln
1035 443 1048 462 ²¹
1093 441 1252 487 perpetuis
1287 439 1400 473 futuris
1428 439 1625 484 temporibus
1650 439 1679 472 in
1703 437 1843 484 qualibet

336 481 495 518 magistris.
506 497 545 501 —
561 480 589 509 9.
608 478 716 508 Puncta
730 478 932 508 examinandis
945 477 1050 507 danda.

341 561 452 589 loannes
485 561 627 596 opiscopus
658 566 754 588 servus
773 566 914 587 servorum
945 558 1005 591 Dei,

431 611 464 638 ad
484 610 644 645 perpetuam
675 608 716 637 roi
747 608 915 637 memoriam.

346 690 432 725 Inter
466 698 605 725 caeteras
641 701 753 729 curaS,
780 700 859 735 quas
887 688 980 723 nobis
1014 701 1050 723 ex

299 740 442 774 iniuncto
476 739 625 774 divinitus
648 738 842 785 apostolatus
864 738 968 773 officio
993 739 1052 772 im-

299 789 418 824 minere
441 788 668 835 conspicimus,
693 795 724 821 et
740 787 896 822 desideria
921 797 1052 827 cuneta,

300 839 330 873 in
353 837 469 885 quibus
497 837 559 883 iugi
583 836 787 871 meditatione
811 849 986 877 versamur,
1014 837 1050 871 ad

300 887 349 921 illa
383 886 549 934 praecipue
589 886 720 921 affectus
756 893 863 921 noster
889 886 1052 932 dirigitur,

301 944 489 983 nostraeque
516 936 631 970 mentis
659 935 792 969 intentio
820 935 982 970 ardentius
1005 937 1053 969 iu-

300 985 432 1026 citatur,
470 994 502 1019 ut
529 984 701 1019 catholicae
731 984 804 1019 fidei
840 984 1054 1031 professores,

300 1046 381 1082 quos
404 1046 492 1069 verae
516 1034 587 1068 fidei
612 1045 722 1068 verum
747 1033 852 1068 lumen
881 1034 1053 1077 illuminat,

300 1084 434 1130 gloriosa
455 1083 615 1117 literarum
643 1083 773 1117 scientia
798 1082 997 1120 imbuantur,
1026 1092 1054 1117 ct

301 1133 477 1167 efficiantur
514 1132 682 1166 laudabilis
729 1132 904 1178 sapientiae
943 1132 1055 1167 studiis

302 1181 429 1217 eruditi.
458 1181 650 1216 Huiusmodi
679 1181 762 1215 enim
791 1181 909 1215 donum
936 1182 1056 1227 impre-

303 1230 411 1266 tiabile
432 1231 532 1278 pretio
556 1231 642 1265 nullo
664 1230 867 1273 conceditur,
902 1230 957 1264 sed
981 1230 1057 1263 diri-

305 1281 387 1314 nitus
408 1280 576 1315 animabus
596 1279 757 1314 benevolis
777 1279 970 1326 indulgetur.
993 1278 1058 1313 Hu-

305 1329 440 1364 iusmodi
469 1328 689 1364 desiderabilis
711 1337 759 1363 est
781 1337 810 1363 et
832 1329 969 1375 gloriosa
983 1340 1058 1375 pos-

305 1379 414 1419 sessio,
456 1390 511 1426 per
537 1390 632 1426 quam
662 1377 824 1424 peliuntur
864 1378 1058 1424 ignorantiae

306 1428 478 1472 tenebrae,
505 1439 540 1462 ac
567 1428 683 1462 erroris
719 1426 862 1462 funditus
898 1427 1057 1461 eliminata

306 1477 456 1524 caligine,
483 1476 680 1512 studentium
718 1476 970 1511 commendanda
1007 1487 1059 1510 so-

307 1527 407 1566 lertia,
442 1538 517 1561 suos
548 1534 636 1561 actus
669 1533 699 1560 et
732 1538 826 1573 opera
863 1525 1003 1573 disponit
1031 1533 1060 1559 et

308 1576 431 1610 ordinat
454 1575 484 1610 in
505 1575 625 1610 lumine
647 1575 799 1610 veritatis.
823 1574 946 1610 Obboc
967 1574 1062 1620 igitur

310 1638 424 1672 magno
446 1626 525 1672 (nec
549 1625 687 1668 mirum)
718 1624 876 1659 desiderio
899 1624 1061 1667 ducimur,

309 1684 343 1709 ut
372 1676 530 1709 literarum
553 1674 671 1715 studia,
696 1674 725 1708 in
751 1675 868 1721 quibus
897 1674 1061 1719 margarita

310 1725 459 1759 scientiae
481 1724 655 1771 reperitur,
684 1723 839 1758 laudanda
864 1723 996 1758 ubilibet
1021 1723 1064 1756 in-

311 1782 470 1809 crementa
498 1774 674 1821 suscipiant
701 1781 730 1807 et
759 1773 951 1820 propensius
975 1773 1063 1806 inva-

312 1825 444 1863 lescant,
475 1824 504 1858 in
528 1823 589 1857 illis
612 1824 793 1870 praesertim
817 1822 907 1863 locis,
930 1834 1011 1869 quae
1027 1821 1063 1855 ad

311 1872 550 1920 multiplicanda
588 1872 751 1907 doctrinae
786 1872 906 1906 semina
937 1879 967 1905 et
994 1883 1066 1917 ger-

312 1923 397 1957 mina
435 1922 580 1957 salutaria
621 1920 844 1968 producenda,
886 1920 998 1955 idonea
1035 1927 1066 1954 et

314 1971 480 2007 commoda
510 1971 745 2018 dignoscantur.

364 2021 443 2069 §1-
480 2020 560 2056 Cum
603 2020 697 2067 igitur
735 2020 784 2053 fel.
822 2031 883 2053 rec.
918 2018 1068 2053 Clemens

316 2070 400 2118 Papa
428 2069 466 2111 V,
491 2069 714 2117 praedecessor
751 2077 867 2109 noster,
903 2067 1069 2103 attendens

318 2120 388 2154 fidei
417 2119 584 2167 puritatem
613 2126 641 2153 et
670 2118 870 2153 devotionem
900 2117 1068 2160 eximiam,

317 2181 411 2217 quam
434 2169 543 2203 civitas
558 2168 710 2203 Perusina
728 2167 892 2203 Ecclesiae
907 2166 1070 2201 Romanae

319 2218 501 2253 immediate.
529 2217 689 2257 subiecta,
716 2216 755 2251 al)
784 2217 857 2251 olim
895 2216 932 2250 ad
971 2216 1068 2262 ipsam

318 2267 493 2303 Ecclesiam
514 2267 716 2301 successione
738 2275 915 2313 temporum
934 2265 972 2299 dc
989 2265 1071 2299 bono

320 2317 349 2351 in
375 2317 487 2351 melius
509 2316 672 2351 studuerat
695 2324 915 2361 augmentare,
939 2315 1070 2360 dignum

320 2366 408 2400 duxit
436 2375 466 2400 et
495 2366 642 2412 aequitati
679 2377 854 2399 consonum
889 2364 1072 2407 extimavit,

322 2424 355 2450 nt
370 2416 526 2450 civitatem
543 2414 700 2458 eamdem,
723 2426 816 2461 quam
837 2413 939 2448 divina
963 2413 1073 2458 gratia,

322 2465 491 2500 multarum
522 2464 734 2511 praerogativa
762 2463 939 2497 bonitatum
962 2470 991 2497 ct
1015 2461 1073 2496 soe-

322 2515 484 2549 cuuditate
500 2515 648 2548 virtutum
663 2513 798 2559 gratiose
812 2512 946 2553 dotavit,
969 2511 1070 2545 Scien-

323 2565 436 2599 tiarum
455 2565 548 2599 etiam
578 2562 764 2597 muneribus
792 2561 967 2608 ampliaret,
990 2568 1020 2594 et
1043 2568 1076 2594 ut

324 2613 447 2648 favente
471 2613 538 2648 Deo
557 2625 593 2646 ex
611 2612 734 2647 civitate
754 2610 1003 2658 producerentur
1020 2609 1075 2643 viri

324 2663 456 2698 scientia
492 2661 669 2709 pollentes,
696 2660 881 2695 auctoritate
905 2658 1076 2706 apostolica

405 2720 479 2750 Ball,
500 2719 574 2749 Rom.
602 2719 656 2748 t'ol.
678 2717 725 2747 JV.
923 2716 959 2746 35

1093 490 1251 528 facultate,
1280 497 1372 536 prout
1397 489 1426 522 iu
1450 496 1549 534 apost.
1579 488 1676 522 literis
1706 486 1844 534 praede-

1093 539 1227 574 cessoris
1245 538 1387 573 eiusdem
1412 536 1524 572 exinde
1546 537 1698 571 confectis
1722 536 1846 583 plenius

1092 589 1205 623 dicitur
1232 587 1396 622 contineri.

1142 639 1162 686 S
1189 641 1221 673 2.
1264 637 1328 672 Nos
1373 638 1468 683 igitur
1502 637 1659 671 civitatem
1701 636 1844 671 eamdem

1095 697 1222 735 propter
1244 700 1318 721 suae
1340 687 1515 721 devotionis
1544 686 1703 731 iusignia,
1729 685 1848 732 quibus

1094 751 1128 773 se
1150 737 1350 785 Apostolicae
1378 736 1472 771 Sedis
1503 735 1600 782 gratia
1624 735 1751 782 diguam
1776 734 1848 768 retl-

1094 788 1150 829 dit,
1186 787 1344 822 uberioris
1372 786 1456 820 douo
1482 786 1599 830 gratiae
1628 784 1774 830 prosequi
1799 797 1848 817 eu-

1097 837 1228 884 pientes,
1251 849 1361 871 eorum
1391 834 1678 881 supplicationibus
1695 832 1848 877 inclinati,

1095 887 1280 922 auctoritate
1314 884 1487 933 apostolica
1510 883 1549 918 de
1575 883 1704 918 fratrum
1729 889 1850 916 nostro-

1096 949 1164 971 rum
1194 934 1336 970 consilio:

1144 985 1164 1032 g
1187 987 1218 1019 5.
1242 983 1420 1018 Venerabili
1449 982 1533 1017 fratri
1561 989 1668 1015 nostro
1696 980 1849 1027 episcopo
1877 993 1980 1014 Perusino
2002 996 2049 1021 effa<

1864 1031 1928 1050 acopo
1949 1026 1996 1045 data
2018 1025 2050 1044 [a-

1864 1057 1931 1076 cultts
1956 1056 2049 1076 lectores

1096 1083 1275 1122 Perusinis,
1311 1083 1362 1129 qui
1397 1089 1489 1116 erunt
1514 1092 1569 1127 pro
1601 1088 1760 1125 tempore,
1794 1088 1993 1111 tin-mmmmm·

1096 1034 1251 1069 Perusino
1273 1043 1301 1068 et
1324 1031 1564 1067 successoribus
1592 1031 1661 1064 eius
1689 1029 1850 1077 episcopis

1097 1132 1252 1180 pertiendi
1271 1132 1416 1178 personis
1435 1130 1472 1164 ad
1491 1130 1550 1164 boc
1571 1129 1694 1162 idoneis
1716 1127 1848 1162 docendi

1097 1182 1254 1216 licentiam
1280 1182 1362 1216 iuxta
1387 1179 1619 1224 infrascriptum
1651 1176 1781 1211 modum
1807 1176 1850 1210 li-

1099 1232 1203 1265 beram
1219 1230 1426 1265 concedimus
1450 1228 1641 1267 sat:ultateni·,
1664 1226 1851 1260 auctoritate

1100 1279 1256 1327 praedicta
1286 1288 1393 1313 tenore
1422 1277 1633 1324 praesentium
1658 1283 1850 1311 statuentes,

1099 1338 1133 1364 ut
1155 1329 1180 1363 si
1204 1329 1256 1375 qui
1282 1339 1431 1374 processu
1457 1325 1608 1372 temporis
1638 1325 1770 1366 suerint,
1797 1323 1850 1370 qui

1099 1378 1158 1413 sibi
1183 1378 1212 1412 in
1241 1377 1353 1412 eodem
1375 1375 1491 1411 Studio
1519 1373 1653 1409 docendi
1683 1373 1852 1411 licentiam,

1102 1435 1135 1462 ut
1160 1427 1239 1462 alios
1266 1426 1391 1461 crudire
1428 1424 1547 1459 valeant
1576 1423 1720 1470 petierint
1744 1423 1853 1468 imper·

1101 1476 1163 1517 tiri,
1192 1477 1222 1510 iu
1247 1476 1313 1510 iure
1336 1475 1489 1509 canonico
1511 1481 1542 1507 et
1568 1472 1651 1507 civili
1681 1471 1853 1506 examinari

1104 1525 1225 1573 possint
1259 1525 1381 1559 ibidem
1405 1533 1434 1558 et
1462 1524 1490 1557 in
1515 1522 1632 1557 eisdem
1657 1519 1856 1555 facultatibus

1103 1576 1263 1610 dumtaxat
1291 1574 1380 1608 titulo
1405 1572 1575 1618 magisterii
1603 1570 1755 1604 decorari.

1152 1624 1172 1671 ἓ
1195 1627 1226 1658 lt.
1250 1623 1290 1658 Et
1315 1630 1346 1657 ut
1368 1623 1516 1670 quotiens
1530 1621 1624 1667 aliqui
1649 1619 1763 1653 suerint
1788 1629 1856 1665 pro·
1885 1626 1907 1647 Ει
1929 1633 2057 1653 ptumam-

1105 1673 1272 1713 movendi,
1302 1679 1542 1720 praesententur
1576 1669 1677 1704 eidem
1706 1668 1856 1716 episcopo
1872 1659 1910 1709 ᾖξ’
1932 1665 2056 1678 “¹⁶¹¹¹'¹⁸'·

1105 1724 1158 1771 qui
1188 1735 1245 1771 pro
1273 1730 1416 1769 tempore
1439 1721 1544 1764 fuerit,
1569 1719 1614 1753 vel
1642 1719 1669 1752 ei
1693 1730 1788 1764 quem
1819 1716 1856 1751 ad

1107 1775 1166 1808 boc
1196 1773 1300 1807 dictus
1333 1773 1506 1818 episcopus
1545 1769 1670 1803 duxerit
1702 1768 1859 1814 deputan-

1106 1824 1201 1863 dum,
1230 1822 1283 1869 qui
1312 1821 1469 1867 magistris
1503 1818 1658 1854 facultatis
1686 1817 1790 1856 illius,
1828 1816 1858 1849 iu

1107 1884 1168 1919 qua
1190 1871 1380 1906 examinatio
1404 1870 1497 1905 suerit
1522 1868 1682 1905 facienda,
1718 1874 1779 1900 tam
1804 1877 1860 1900 re-

1107 1921 1257 1968 gentibus
1279 1933 1374 1967 quam
1405 1931 1465 1954 uon
1501 1916 1684 1964 regentibus
1718 1916 1861 1962 quinque

1109 1971 1155 2005 vel
1183 1979 1317 2018 quatuor
1339 1969 1376 2003 ad
1405 1969 1510 2002 minus
1542 1967 1571 2001 in
1608 1964 1719 2000 eodem
1746 1963 1861 1999 Studio

1111 2018 1328 2067 praesentibus
1351 2017 1545 2059 convocatis,
1565 2027 1619 2050 eos
1636 2014 1732 2060 gratis
1754 2021 1784 2048 et
1806 2012 1862 2046 dil-

1111 2069 1247 2104 licultate
1268 2079 1471 2114 quacumque
1494 2065 1631 2107 sublata,
1655 2063 1685 2096 iu
1706 2062 1863 2097 dictorum

1112 2119 1334 2164 magistrorum
1360 2116 1554 2163 praeseutia,
1577 2114 1615 2147 de
1646 2113 1794 2151 scientia,
1824 2110 1866 2144 sa-

1112 2168 1239 2207 cundia,
1270 2166 1364 2201 modo
1388 2164 1526 2210 legendi,
1549 2171 1578 2197 et
1605 2161 1694 2201 aliis,
1725 2172 1806 2207 quae
1833 2160 1863 2193 iu

1114 2216 1336 2264 promovendis
1364 2214 1400 2249 ad
1425 2215 1605 2248 doctoratus
1627 2210 1676 2245 sui
1705 2210 1864 2254 magistra

1114 2276 1164 2301 tus
1186 2266 1326 2301 officium
1350 2264 1565 2310 requiruntur,
1593 2259 1771 2295 examinare
1796 2266 1865 2291 stu-

1114 2317 1208 2351 deant
1231 2315 1427 2360 diligentius.

1163 2365 1183 2411 g
1211 2368 1242 2398 5.
1272 2363 1399 2397 Nullum
1423 2372 1527 2397 tamen
1551 2360 1603 2407 qui
1630 2357 1785 2393 doctorari
1810 2368 1866 2404 pe-

1115 2415 1197 2449 tierit
1222 2415 1252 2447 in
1282 2413 1349 2447 iurc
1375 2411 1456 2446 civili
1480 2409 1516 2445 ad
1541 2407 1721 2443 huiusmodi
1749 2406 1867 2441 exami—

1117 2464 1276 2498 nationem
1315 2461 1473 2500 admittat,
1510 2459 1569 2493 nisi
1600 2458 1653 2505 qui
1688 2456 1726 2491 ad
1761 2456 1866 2490 minus

1116 2525 1168 2548 sex
1193 2512 1282 2547 annis
1307 2510 1408 2545 civilia
1436 2510 1501 2543 iura
1529 2507 1705 2551 audiverit,
1733 2514 1763 2540 et
1789 2505 1868 2540 duo-

1119 2563 1177 2596 bus
1204 2561 1314 2596 saltem
1350 2572 1387 2593 cx
1419 2559 1466 2592 eis
1494 2557 1544 2591 illa
1573 2558 1602 2590 in
1626 2555 1732 2603 aliquo
1755 2554 1868 2590 Studio

1117 2611 1270 2658 generali,
1295 2621 1330 2643 ac
1352 2608 1610 2647 Institutionum,
1633 2605 1679 2639 vel
1703 2605 1784 2639 duos
1807 2603 1869 2638 Di—

1118 2670 1276 2707 gestorum
1295 2658 1341 2693 vet
1356 2657 1484 2693 Codicis
1503 2656 1599 2690 libros
1613 2654 1740 2702 publice
1759 2653 1870 2700 legerit

1860 283 1909 308 Αη.
1928 281 1957 307 C.
1975 280 2040 308 t3tt3

1889 2366 1919 2386 Αο
1926 2365 2018 2385 tauream
2029 2368 2063 2383 sun

1881 2398 1945 2418 coitis
1985 2396 2065 2420 tegibus

1881 2428 2012 2449 coticedendt
