2274 3265
210 249 258 274 Αῐι.
272 248 300 274 (ἶ.
323 247 389 274 1978

224 808 284 828 Urbis
309 813 359 827 sena
349 809 394 826 ntor

212 845 256 858 :me
266 836 396 858 1100111111Ρο-

212 875 249 895 pae
266 875 306 889 nnn
317 868 396 893 ⁹ligan-

211 902 255 921 ‹th

239 2169 322 2190 Poenae
334 2172 409 2190 contra

226 2207 287 2221 sneu-
303 2204 398 2226 agonten.
424 2214 430 2220 .

455 239 500 268 M

404 301 464 335 bus
489 308 519 334 01
553 312 605 345 per
633 300 737 333 omnia
765 299 823 333 sibi
863 299 1012 343 debetur,
1049 308 1153 346 optata

406 348 579 396 proveniat,
602 348 738 383 vitentur
767 348 824 382 iam
848 357 975 395 experta
1004 349 1153 395 pericula,

404 408 433 433 et
453 398 667 432 Romanorum
693 397 829 444 populus
851 397 890 431 ab
906 398 1153 452 opprimentium

406 455 566 496 protectus
584 446 764 481 incnisibus
779 446 896 487 sedeat,
914 446 1055 482 sedendo
1071 447 1157 493 quie—

405 505 469 532 scat
490 509 519 530 111
544 495 780 542 pulchritudine
805 495 900 542 pacis,
924 496 952 530 in
973 496 1157 530 taber-naeu

405 547 444 581 lis
466 545 613 585 fiduciae,
635 553 665 579 et
695 544 914 591 temporalium
944 545 1053 591 requie
1075 557 1155 590 opu-

406 595 505 635 lenta,
527 594 566 629 110
595 594 722 629 siatruni
749 602 927 628 nostrorum
945 594 1078 629 consilio
1101 594 1158 628 liae

408 643 613 698 irrefragabili
655 652 685 677 et
726 644 754 677 in
797 651 984 690 perpetuum
1030 643 1158 677 valitura

407 693 631 728 constitutione
666 692 839 735 sancimus,
875 700 908 726 ut
941 691 1158 745 quandocum-

409 755 470 789 que
502 751 531 776 et
566 741 826 788 quotiescumque
861 740 1014 775 senatoris
1048 740 1159 775 electio

410 791 456 825 vel
480 791 606 825 alterius
620 802 822 837 quocumque
840 790 966 824 nomine
981 798 1160 829 censeatur,

409 840 467 895 qni
490 851 692 886 quocumque
718 840 822 879 modo,
845 850 1048 885 quocumque
1070 837 1160 872 titulo

410 890 510 944 ipsuis
544 888 640 923 Urbis
677 887 788 923 debeat
831 899 964 934 piaeesse
1004 886 1161 932 regimini,

411 939 617 984 imposterum
642 937 829 980 imminebit,
853 936 959 970 nullus
978 936 1160 989 imperator,

411 999 465 1021 5011
489 999 542 1021 rex
560 984 791 1029 Romanorum,
810 994 863 1019 aut
881 984 964 1019 alius
981 985 1162 1030 imper-‘aton

411 1035 456 1070 vel
481 1048 544 1075 rex,
570 1035 729 1081 princeps,
758 1034 910 1073 marcliio,
938 1033 1016 1073 dux,
1043 1045 1162 1073 0011105,

410 1092 463 1118 aut
482 1083 570 1123 haro,
593 1082 639 1117 vet
663 1083 734 1129 quis
761 1083 890 1117 alterius
911 1081 1057 1116 notabilis
1079 1094 1165 1128 prae-

411 1132 621 1170 eminentiae,
650 1132 818 1178 potentiae,
834 1145 888 1166 5011
905 1131 1082 1178 potestatis,
1110 1143 1164 1165 ex-

411 1181 573 1217 cellentiae
598 1180 643 1215 vel
668 1181 827 1227 dignitatis
853 1181 965 1215 existat
994 1179 1097 1220 frater,
1127 1179 1165 1213 fi-

413 1231 484 1270 lius,
518 1230 562 1264 vel
604 1241 702 1276 nepos
730 1242 840 1264 eorum
874 1229 912 1263 ad
948 1238 1083 1275 tempus,
1119 1228 1164 1263 vel

415 1280 444 1313 in
470 1286 674 1326 perpetuum,
697 1290 753 1313 seu
776 1279 878 1325 quivis
905 1278 985 1312 alius
1009 1277 1087 1312 ultra
1109 1290 1166 1311 an-

415 1328 483 1362 nale
517 1328 653 1374 spatium
688 1328 799 1374 quovis
835 1326 947 1366 modo,
982 1327 1086 1360 colore
1118 1326 1165 1360 rel

414 1388 506 1411 causa
548 1388 603 1423 per
638 1388 671 1410 50
707 1376 753 1411 νο1
789 1389 843 1423 per
875 1375 965 1410 aliam
1000 1388 1165 1422 personam

415 1424 652 1473 quomodolibet
668 1425 937 1459 submittemlam
932 1437 962 1458 111
978 1432 1167 1463 senaim-,em

416 1475 626 1521 capitaneum,
651 1474 823 1519 patritium,
851 1481 904 1507 aut
926 1481 1093 1516 rectorem,
1122 1472 1166 1507 vel

416 1523 453 1557 ad
484 1523 624 1557 eiusdem
649 1522 742 1557 Urbis
770 1522 929 1569 regimen,
952 1534 1006 1556 seu
1030 1521 1167 1556 officium

418 1571 610 1616 nominetur,
632 1571 777 1617 eligatur,
805 1584 861 1606 5ου
896 1570 972 1605 alias
998 1570 1092 1605 etiam
1118 1583 1169 1605 as-

417 1628 578 1661 sumatur,
607 1619 728 1667 absque
757 1620 880 1654 licentia
909 1618 1001 1654 Sedis
1032 1619 1170 1666 Aposto-

419 1670 496 1704 licae
529 1669 675 1715 speciali,
715 1681 770 1716 per
807 1669 905 1716 ipsius
937 1667 1031 1703 Sedis
1066 1668 1171 1703 literas

419 1718 657 1753 concessionem
680 1717 824 1752 licentiae
847 1716 1027 1752 huiusmodi
1047 1718 1165 1763 specia-

420 1767 491 1802 liter
517 1767 742 1814 exprimentes:
770 1766 855 1814 quod
882 1767 907 1801 si
935 1778 1028 1801 secus
1055 1766 1170 1801 factum

421 1815 524 1856 fuerit,
560 1816 819 1856 nominationem,
854 1815 1042 1850 electionem
1066 1823 1096 1849 et
1122 1828 1173 1850 as-

421 1864 634 1911 sumptionem
663 1864 845 1900 huiusmodi
875 1865 1075 1899 decernimus
1103 1877 1172 1899 esse

422 1914 534 1957 nuttas,
562 1926 597 1948 ac
623 1926 729 1949 carere
752 1915 837 1949 omni
863 1914 974 1950 robore
998 1913 1171 1948 firmitatis:

421 1975 451 2002 et
473 1979 535 2001 non
563 1967 665 2001 solum
700 1966 929 2006 nominatores,
965 1965 1117 2001 electores
1143 1974 1173 2000 et

421 2024 651 2063 assumptores;
676 2029 782 2051 verum
805 2016 897 2051 etiam
927 2016 984 2062 ipsi
1009 2015 1174 2059 nominati,

422 2066 524 2110 electi,
552 2075 602 2101 aut
627 2066 792 2113 assumpti,
815 2066 839 2100 si
864 2064 1046 2100 huiusmodi
1071 2064 1175 2099 nomi-

423 2115 552 2159 nationi,
579 2115 738 2159 electioni,
765 2127 819 2150 seu
854 2114 1064 2161 assumptioni
1098 2126 1175 2148 con·

423 2165 590 2209 senserint,
620 2173 671 2200 aut
700 2177 732 2200 se
766 2165 804 2198 de
838 2164 915 2210 ipsis
937 2162 1176 2211 quomodolibet

424 2214 668 2255 intromiserim,
701 2214 900 2248 intendentes
927 2221 956 2248 et
990 2212 1177 2248 obedientes

424 2263 560 2304 eisdem,
596 2272 627 2298 et
654 2276 766 2298 01111105
798 2263 908 2297 dantes
944 2263 972 2296 in
1003 2262 1062 2296 hoc
1101 2261 1177 2307 ipsis

425 2312 692 2353 nominatoribus,
724 2312 927 2351 electoribuS,
967 2311 1176 2357 assumptori-

425 2364 495 2402 bus,
518 2370 571 2398 aut
595 2362 775 2407 nominatis,
797 2362 916 2405 electis,
938 2361 983 2396 vel
1007 2360 1177 2405 assumptis

425 2412 590 2457 auxilium,
612 2412 794 2450 consilium,
812 2411 860 2446 vel
894 2411 1029 2445 savorem
1051 2410 1178 2457 publice

427 2463 472 2498 vel
495 2463 629 2503 occulte,
646 2462 873 2508 cuiuscumque
895 2460 1068 2506 dignitatis,
1087 2471 1178 2514 prae-

426 2512 626 2568 eminentiae,
650 2511 852 2552 conditionis,
874 2518 928 2545 aut
947 2517 1046 2545 status
1072 2508 1180 2544 extite-

427 2561 500 2603 rint,
535 2574 571 2597 eo
606 2562 675 2609 ipso
710 2560 897 2597 sententiam
926 2558 1181 2595 excommunica-

428 2611 522 2646 tionis
562 2611 737 2646 11ι(’·ι;1111’1111
773 2622 808 2645 ac
851 2609 1055 2644 nibilominus
1094 2608 1179 2655 ipsos

987 246 1173 268 BULLARtnM
1199 246 1361 268 ROMANUM

1198 300 1385 340 nominatos,
1407 299 1525 334 electos
1547 311 1602 334 seu
1632 308 1812 346 assumptos
1830 302 1856 335 si
1876 313 1950 336 con-

1197 356 1241 383 tra
1283 357 1480 395 praesentem
1524 348 1783 383 constitutionem
1827 350 1949 395 praedi-

1198 398 1254 432 ctis
1289 396 1514 441 nominationi,
1548 397 1692 432 electioni
1739 397 1785 431 vel
1819 410 1950 433 assum-

1199 447 1294 493 ptioni
1318 445 1555 489 consenserint,
1582 454 1635 480 aut
1661 459 1696 480 se
1726 447 1951 493 quoquomodo

1200 496 1260 530 illis
1287 495 1493 541 ingesserint,
1531 503 1562 529 et
1593 507 1702 529 eorum
1739 504 1881 541 posteros
1920 496 1950 530 111

1201 552 1388 592 perpetuum
1425 544 1573 579 omnibus
1610 544 1728 584 feudis,
1771 544 1952 590 privilegiis,

1201 594 1408 637 libertatibus,
1432 593 1697 633 immunitatibus,
1720 593 1828 638 gratiis
1849 602 1880 628 et
1902 594 1955 628 lio-

1202 642 1344 683 noribus,
1372 655 1453 689 quae
1480 655 1496 677 a
1520 642 1689 689 praedicta,
1719 654 1775 676 sen
1805 641 1877 676 aliis
1907 651 1955 677 te-

1202 699 1277 725 nent
1304 691 1468 734 Ecclesiis,
1496 703 1667 726 censemus
1699 703 1769 726 esse
1802 691 1953 738 privatos:

1203 741 1242 774 ita
1277 740 1361 786 quod
1392 740 1454 780 illi,
1488 740 1525 774 ad
1554 752 1633 787 quos
1667 752 1779 774 eorum
1817 739 1956 783 collatio,

1202 790 1377 831 concessio,
1411 802 1465 823 sen
1490 788 1655 835 dispositio
1691 789 1838 835 pertinet,
1866 801 1957 824 resn-

1204 838 1308 871 mendi
1344 850 1398 879 ea,
1434 837 1608 877 retinendi,
1647 837 1861 881 concedendi,
1901 850 1956 873 sen

1203 885 1385 920 conferendi
1405 886 1485 927 aliis,
1507 894 1560 920 aut
1580 886 1619 921 de
1639 886 1716 933 ipsis
1737 887 1830 921 etiam
1854 886 1958 934 dispo-

1205 935 1314 979 nendi,
1355 942 1447 982 prout
1480 935 1518 969 ad
1560 947 1613 970 eos
1642 935 1793 981 pertinet,
1827 935 1957 970 liberam

1206 983 1341 1018 babeant
1370 991 1573 1030 potestatem:
1605 992 1634 1018 et
1657 996 1695 1018 ne
1725 984 1825 1018 taliter
1854 986 1958 1019 nomi—

1208 1033 1282 1073 nati,
1310 1032 1415 1073 electi,
1439 1032 1485 1068 vel
1512 1033 1665 1079 assumpti
1695 1032 1734 1067 de
1767 1045 1824 1068 sua
1861 1034 1960 1080 perti-

1208 1082 1295 1116 nacia
1342 1081 1387 1116 vel
1433 1089 1615 1128 contemptu
1656 1081 1778 1116 valeant
1817 1081 1960 1127 gloriari,

1208 1144 1265 1165 nos
1292 1130 1453 1177 quaelibet
1482 1130 1640 1170 mandata,
1670 1138 1848 1177 praecepta,
1875 1131 1961 1166 ordi-

1209 1180 1353 1214 nationes
1380 1187 1411 1214 et
1437 1187 1565 1223 statuta,
1599 1191 1680 1226 quae
1716 1179 1858 1223 fecerint,
1892 1191 1962 1214 om-

1209 1241 1327 1275 nesque
1351 1229 1535 1273 sententias,
1557 1240 1637 1275 quas
1660 1228 1801 1272 tulerint,
1824 1237 1855 1263 et
1874 1229 1964 1275 quid-

1208 1278 1285 1324 quid
1314 1278 1440 1324 penitns
1473 1278 1502 1312 in
1531 1277 1744 1312 contractibus
1783 1284 1814 1311 et
1842 1277 1963 1323 obliga-

1210 1326 1361 1367 tionibus,
1384 1327 1450 1362 sive
1475 1327 1504 1361 111
1528 1326 1787 1373 quibuscumque
1815 1326 1885 1361 aliis
1907 1327 1964 1362 Ur-

1212 1375 1258 1410 bis
1283 1375 1420 1415 nomine,
1449 1375 1495 1409 vel
1524 1383 1685 1422 tamquam
1715 1383 1889 1414 senatores,
1917 1388 1965 1410 ca-

1212 1425 1340 1471 pitanei,
1370 1424 1498 1471 patritii,
1521 1433 1573 1458 ant
1597 1433 1747 1466 rectores,
1775 1424 1821 1458 vel
1844 1423 1964 1458 officia—

1212 1475 1255 1507 les
1275 1474 1375 1520 ipsius
1398 1473 1531 1520 egerint,
1556 1474 1640 1507 irrita
1665 1485 1796 1519 prorsus
1819 1485 1857 1507 ex
1880 1485 1965 1507 nuuc

1211 1531 1242 1556 et
1269 1534 1366 1556 vacua
1395 1534 1593 1557 nunciamus.

1261 1571 1280 1618 S
1308 1574 1340 1606 5.
1368 1570 1492 1606 ludices
1521 1582 1593 1605 vero
1621 1578 1652 1604 et
1679 1570 1880 1611 tabelliones,
1911 1571 1964 1617 qui

1212 1632 1307 1667 snper
1322 1620 1360 1654 iis
1381 1628 1434 1654 aut
1448 1632 1558 1655 eorum
1577 1619 1737 1666 aliquibus
1758 1627 1865 1654 contra
1882 1631 1965 1666 prae-

1213 1669 1310 1703 sentis
1342 1668 1576 1704 constitutionis
1603 1669 1743 1703 edictum
1778 1668 1966 1715 patrocinari

1214 1718 1261 1752 vel
1285 1718 1494 1753 instrumenta
1515 1717 1672 1752 conficere
1699 1717 1778 1752 forte
1802 1729 1967 1763 praesum-

1216 1766 1346 1814 pserint,
1369 1767 1527 1801 iudicatus
1549 1774 1578 1801 et
1608 1766 1831 1801 tabellionatus
1857 1766 1970 1801 officiis

1215 1828 1248 1851 se
1276 1816 1419 1851 noverint
1446 1828 1516 1851 0550
1547 1816 1694 1862 privatos.
1723 1814 1969 1862 Contemptores

1215 1877 1355 1912 quoqne,
1383 1877 1439 1899 seu
1469 1864 1635 1899 violatores
1655 1864 1901 1911 praemissorum
1923 1864 1970 1900 vel

1217 1914 1392 1961 aliquorum
1422 1914 1467 1949 vel
1500 1913 1633 1948 alicuius
1658 1925 1766 1948 eorum
1791 1913 1829 1947 ab
1851 1913 1970 1948 huius—

1217 1964 1301 1999 modi
1322 1962 1672 2017 excommunicationis,
1696 1971 1915 2010 praeterquam
1937 1962 1968 1997 in

1218 2015 1327 2048 0101115
1345 2013 1489 2057 articulo,
1511 2012 1667 2048 sententia
1680 2011 1800 2047 absolvi
1819 2024 1883 2046 000
1899 2024 1971 2059 pos-

1217 2064 1292 2104 sint,
1320 2063 1381 2098 nisi
1412 2075 1467 2110 per
1487 2061 1669 2097 Romanum
1693 2060 1894 2101 Pontificem,
1923 2061 1968 2096 vel

1217 2113 1279 2148 de
1273 2113 1373 2160 ipsius
1389 2112 1481 2159 petita
1496 2118 1527 2146 et
1542 2112 1670 2146 obtenta
1689 2110 1813 2145 licentia
1829 2109 1968 2165 speciali.

1267 2163 1287 2209 S
1314 2165 1346 2197 4.
1369 2161 1438 2196 Non
1462 2160 1662 2196 obstantibus
1684 2159 1843 2206 aliquibus
1873 2159 1970 2206 privi-

1219 2212 1327 2256 legiis,
1356 2210 1572 2256 indulgentiis,
1602 2208 1871 2248 concessionibus,
1899 2220 1972 2243 con-

1218 2260 1451 2299 stitutionibus,
1477 2258 1766 2294 consuetudinibus
1793 2266 1823 2292 et
1846 2258 1971 2292 statutis

1218 2322 1417 2364 quacumque
1433 2308 1577 2343 firmitate
1598 2307 1727 2351 vallatis,
1749 2307 1875 2354 quaein
1893 2319 1972 2353 prae-

1221 2359 1324 2393 missis
1351 2358 1511 2400 omnibus,
1548 2357 1699 2392 nolumus
1732 2355 1892 2411 aliquibus
1925 2356 1971 2390 vel

1220 2408 1312 2443 alicui
1347 2407 1526 2453 suffr-agari:
1566 2406 1620 2441 sed
1656 2405 1759 2440 omnia
1792 2404 1896 2451 quoad
1920 2404 1971 2439 illa

1221 2458 1422 2492 decernimus
1445 2469 1506 2491 non
1537 2464 1655 2491 1011010

1269 2508 1289 2554 ,ξ
1317 2511 1347 2541 5.
1376 2506 1418 2541 Ut
1445 2513 1549 2541 autem
1579 2506 1662 2540 cives
1696 2503 1831 2548 romani,
1854 2503 1906 2551 qni
1935 2516 1972 2538 cx

1223 2557 1287 2603 ipsa
1316 2555 1401 2591 Urbe
1431 2555 1604 2590 naturalem
1638 2553 1766 2589 duxisse
1799 2560 1972 2588 noscuntur

1223 2606 1393 2652 0110100111,
1434 2613 1484 2640 aut
1519 2604 1620 2652 quivis
1650 2603 1721 2648 alii,
1757 2602 1811 2650 qui
1847 2602 1878 2637 in
1906 2602 1973 2649 ipsa

1967 248 2057 275 Amc.
2076 247 2144 274 1278

1993 1580 2136 1601 'tabellionum
2146 1586 2167 1600 a-

1980 1611 2098 1638 ltorumque
2113 1616 2165 1631 con-

1994 1642 2157 1662 invenientium

2034 1678 2110 1699 poena.

1995 2173 2126 2195 Ohntantiurn
2137 2175 2173 2194 de-

1987 2206 2067 2231 rogatio

1992 2516 2078 2539 Nobile·
2086 2516 2172 2539 Romnnt

1988 2547 2027 2569 hae
2049 2547 2097 2575 teg·
2112 2548 2172 2569 uct-

1988 2579 2080 2605 piantur.
