2274 3265
199 257 246 283 An.
265 257 282 280 (Ι
314 256 380 281 twa·

219 956 362 979 turini-centias

200 1018 270 1037 clivum

312 985 385 1012 >epul-

295 1020 383 1036 ruitan-

200 1051 254 1068 uhu<
275 1049 382 1071 ‘laminii'-

217 1497 272 1548 Βι·»ι1ιιι

204 1528 248 1547 itr

204 1535 276 1578 Esica<

205 1597 231 1612 eit

220 2085 268 2104 nm

227 2118 259 2135 5

206 2124 244 2167 lim·

207 2179 238 2197 ἀι
261 2178 278 2197 ia

288 1497 388 1517 nonnuHa

273 1535 294 1547 ie
343 1529 361 1547 ei
358 1533 388 1547 ius

268 1560 311 1577 <iae
329 1559 388 1578 addi-

299 2086 345 2105 iuh
335 2088 389 2106 uius-

286 2117 310 2136 bn
300 2123 340 2137 nna
364 2119 388 2138 ad

271 2147 388 2174 ¹«pplicmdi

281 2179 388 2200 cultatem.

444 247 513 277 'rto

396 311 503 355 xilegin
527 320 554 343 ct
585 309 702 343 indulta
734 308 900 354 parodriali
930 318 956 341 et
983 308 1051 341 aliis
1074 308 1142 342 Ec—

395 360 516 401 clesiis,
553 358 702 404 cappellis
729 366 756 390 et
790 357 940 391 altaribus
975 357 1142 411 praedictis

396 410 455 444 sub
478 408 630 442 ιοειιίιιιΙιι
652 407 725 440 dicti
748 406 855 440 Sauiti
880 407 921 440 So
928 406 1008 440 baldi
1032 406 1144 440 eiectis

397 472 451 505 per
478 469 696 504 quoscumque.
726 455 885 489 Romanos
904 463 931 488 et
961 455 1037 489 alios
1060 455 1145 489 l‘ou-

396 508 496 543 tilices
514 518 661 541 concessa
685 514 756 539 ante
776 505 896 538 obitum
918 504 967 538 sel
993 517 1054 538 raet
1070 504 1147 537 Gre-

396 557 473 603 gorii
504 556 606 602 Papae
637 554 676 589 Xl
702 554 953 601 piae-‹loecssoiis
982 553 1090 592 nostri,
1112 566 1146 587 ac

398 606 469 639 inde
498 613 614 648 secuta,
639 613 698 638 iata
724 603 875 637 1ι31ιιιιιιιι5
902 610 932 636 ct
959 610 1063 648 grata,
1098 602 1145 635 illa

397 655 582 689 anctoritate
618 653 787 699 apostolica
825 665 861 686 ex
899 660 980 685 certa
1016 651 1146 685 scientia

397 706 624 738 confirmamus
647 711 677 736 ct
689 701 903 748 approbamus
925 713 959 734 ac
976 700 1147 746 praesentis

397 754 504 800 scripti
527 752 699 799 patrocinio
722 751 976 789 comuiuuimus3
999 749 1149 796 supplen-

399 812 444 837 tes
466 815 576 836 omnes
597 801 753 844 desectus,
776 801 801 834 si
830 801 882 846 qui
920 799 1021 833 forsan
1052 800 1149 832 inter-

398 853 538 886 venerim
564 851 592 884 in
616 849 746 885 eisdem.

447 902 466 947 g
489 904 520 934 5.
550 899 589 934 Et
619 907 649 932 ut
677 898 712 933 ad
738 897 914 931 tenciribile
941 896 1147 943 sepulcluum

400 951 498 996 ipsius
513 949 620 983 Sancti
638 948 799 981 ardentius
819 959 853 980 ac.
870 946 1049 981 affluentius
1065 945 1148 979 cliri-

399 998 579 1033 stilidelium
602 997 738 1031 confluat
763 995 950 1037 multitudo,
963 1004 990 1029 et
1005 994 1148 1029 eiusdem

399 1048 504 1082 Sancti
527 1046 683 1081 celebrius
705 1046 825 1079 colatur
839 1044 1000 1083 festivitas,
1028 1052 1057 1077 et
1081 1045 1150 1078 eius

399 1109 512 1131 nomen
530 1095 686 1130 celebrius
700 1094 866 1135 recolatur,
880 1093 1061 1128 auctoritate
1076 1105 1150 1138 prffl-

398 1147 477 1180 dicta
495 1145 644 1180 omnibns
660 1156 734 1178 vere
759 1143 917 1190 poeniten
941 1150 969 1177 et
984 1142 1149 1185 confessis,

398 1197 451 1241 qui
476 1194 679 1249 sepulchrum
704 1194 772 1227 eius
794 1192 876 1238 apud
900 1192 1014 1226 dictam
1039 1191 1150 1226 Eccle-

400 1257 476 1278 siam
501 1257 529 1277 in
553 1243 694 1278 eiusdem
725 1242 792 1276 festi
824 1241 873 1274 «lie
902 1241 1014 1275 devote
1038 1241 1151 1275 risita-

400 1294 510 1329 v,erint
539 1293 699 1326 annuatim
715 1300 836 1338 septem
854 1303 953 1325 annos
972 1299 1002 1324 et
1021 1290 1149 1323 totidem

400 1342 618 1390 quadragenas
642 1341 680 1375 (le
709 1340 858 1374 iniunctis
880 1341 924 1374 eis
949 1339 1151 1386 poenitentiis

400 1391 643 1426 misericorditer
667 1390 852 1424 relaxamus.

450 1441 469 1487 ἓ
493 1444 523 1474 4
548 1440 585 1474 Et
610 1440 739 1493 insuper
757 1439 860 1472 omnia
877 1447 905 1472 et
928 1437 1049 1483 singula
1072 1437 1150 1471 bona

403 1489 527 1524 mobilia
555 1489 591 1523 id
632 1489 764 1522 incertas
791 1499 917 1529 causas,
949 1499 984 1521 ac
1011 1486 1047 1520 ad
1071 1499 1152 1533 qnae

404 1539 465 1573 veri
484 1539 636 1572 liaeredes
654 1550 714 1571 non
732 1544 914 1583 supersunt
931 1548 988 1569 nec
1007 1548 1062 1582 pro
1078 1544 1150 1570 ῑιηι

403 1600 477 1635 pore
499 1587 630 1633 legitimi
656 1587 857 1632 reperiuntur
879 1597 1098 1627 successores,
1121 1586 1150 1618 iu

404 1637 546 1683 parocbia
569 1644 621 1669 aut
645 1635 726 1681 apud
757 1643 908 1669 rectorem
931 1642 961 1667 et
989 1634 1153 1680 parochia-

403 1698 459 1720 nos
481 1685 621 1719 eiusdem
644 1684 804 1718 Ecclesiae
837 1682 1074 1730 quomodolibet
1102 1695 1152 1717 re-

404 1743 501 1782 perta,
528 1734 668 1781 deposita
686 1733 731 1767 iel
763 1733 879 1773 relicta,
908 1744 1030 1766 necnon
1059 1732 1150 1766 etiam

403 1784 465 1823 illa,
493 1796 572 1830 quae
600 1783 636 1818 ad
661 1782 780 1817 similes
807 1794 916 1816 causas
940 1781 968 1815 in
993 1781 1150 1828 praedicta

402 1833 559 1880 parocbia,
572 1833 656 1867 dicto
672 1831 880 1879 praecedente
896 1831 1153 1877 tempore,modo

403 1884 575 1929 praemisso
592 1883 737 1929 relinqui,
753 1882 879 1928 deponi,
898 1894 931 1915 ac
949 1880 1152 1927 deputariant

404 1932 528 1978 reperiri
557 1932 735 1977 contigerit,
765 1944 820 1978 pro
847 1931 961 1965 fabrica
989 1930 1153 1964 Ecclesiae

402 1981 507 2016 Sancti
534 1981 660 2016 Sebaldi
687 1981 834 2028 praedicti
864 1981 1063 2027 deputamus.

451 2037 465 2073 ς’
489 2035 519 2065 5.
550 2031 595 2065 Ac
623 2031 768 2065 volumus
795 2038 824 2064 et
854 2031 1038 2064 ordinamus
1067 2030 1151 2077 quod

404 2089 503 2115 rector
551 2093 585 2114 ac
620 2081 670 2115 alii
705 2081 733 2114 in
771 2080 909 2114 Ecclesia
945 2088 974 2114 et
1008 2080 1153 2126 parochia

405 2130 583 2177 praedictis,
601 2142 656 2177 pro
686 2138 825 2175 tempore
856 2130 885 2163 in
915 2129 1031 2163 divinis
1059 2131 1154 2164 mini-

403 2187 547 2218 strantes,
565 2179 712 2214 omnibus
739 2179 903 2225 utriusque
928 2191 1022 2213 sexus
1049 2179 1153 2213 honri-

405 2228 509 2267 nibus,
532 2229 614 2275 apud
639 2241 718 2275 quos
741 2229 910 2275 praemissa
947 2228 1025 2262 bona
1049 2229 1154 2263 consi-

404 2285 510 2319 stunt,
543 2286 662 2324 reperta
699 2286 772 2312 tunc
806 2278 947 2317 l'ueruut,
978 2286 1010 2311 ut
1033 2278 1081 2311 illa
1115 2278 1152 2312 ad

406 2327 552 2361 fabricam
581 2327 741 2362 Ecclesiae
771 2327 945 2374 praedictae
977 2328 1099 2362 tradant
1125 2336 1153 2362 et

404 2377 582 2422 assignent,
610 2378 640 2411 in
665 2377 882 2411 remissionem
918 2391 1047 2412 suorum
1083 2391 1154 2423 pec-

405 2427 561 2460 caminum
588 2427 616 2460 in
641 2428 706 2461 soro
731 2428 942 2473 poenitentiae
970 2428 1154 2462 auctoritate

405 2476 573 2521 apostolica
592 2477 767 2523 iniungant,
787 2489 883 2522 super
901 2477 1017 2524 quibus
1033 2477 1153 2511 eisdem

407 2525 527 2570 plenam
544 2534 572 2558 et
592 2525 719 2560 liberam
735 2527 940 2560 concedimus
957 2534 1064 2560 tenore
1082 2539 1153 2572 prae

406 2575 540 2608 sentium
569 2574 607 2607 de
635 2575 781 2621 specialis
803 2575 886 2609 douo
913 2576 1028 2621 gratiae
1057 2575 1154 2609 sacul-

408 2631 510 2661 tatem,
529 2636 590 2658 non
606 2624 803 2659 obstantibus
825 2625 1104 2660 constitutionibus
1127 2634 1154 2659 et

993 254 1177 276 immunita!
1204 254 1363 275 ΙΗΗΙᾸΝΙΙΜ

1185 306 1438 341 ordinationibus
1472 306 1655 352 apostolicis
1686 319 1722 340 ac
1756 306 1825 340 aliis
1858 319 1935 340 con-

1186 356 1289 389 trariis
1303 355 1574 401 quiliuscumque,
1585 356 1708 401 proviso
1721 362 1839 394 tamen,
1850 356 1935 401 quod

1187 405 1266 438 buna
1300 404 1450 438 tradenda
1480 413 1509 437 et
1541 404 1728 449 assignanda
1757 403 1936 438 huiusmodi

1187 454 1223 487 ad
1258 453 1405 488 fabricam
1428 452 1589 487 Ecclesiae
1618 452 1796 500 praedictae
1819 452 1937 498 integre¹

1187 510 1421 537 convertantur.

1236 554 1299 595 56.
1316 551 1399 586 Nulli
1424 563 1499 597 ergo
1514 551 1645 586 omniuo
1664 551 1828 585 lioniinum
1849 550 1941 586 liceat

1190 602 1269 635 lianc
1306 602 1450 647 pagiuam
1488 609 1666 635 nostrarum
1701 600 1940 641 declarationis

1188 650 1447 690 ‹onlirmationis,
1475 649 1732 696 approbationis,
1760 661 1942 684 commun-

1191 700 1299 743 tionis,
1322 699 1550 746 suppletionis,
1573 698 1784 738 relaxationis,
1809 699 1943 745 deputa-

1191 749 1294 788 tionis,
1317 748 1498 788 soluntatis,
1525 748 1733 783 ordinationis
1756 755 1787 782 et
1815 760 1944 782 conces-

1190 798 1288 832 sionis
1317 797 1500 843 insringere,
1527 805 1580 831 etc.

1241 845 1354 880 Datum
1380 846 1499 881 Romae
1514 846 1597 893 apud
1613 847 1748 881 Sanctos
1763 845 1943 893 Apostolos,

1190 896 1324 942 septimo
1346 895 1495 930 kalendas
1517 895 1637 942 aprilis,
1661 896 1862 943 pontificatus
1885 908 1944 930 no-

1191 954 1244 979 stri
1273 958 1357 979 anno
1381 954 1499 979 octavo.

1231 1006 1292 1037 Dat.
1309 1007 1356 1037 die
1372 1006 1410 1036 26
1425 1007 1521 1036 martii
1548 1007 1632 1042 1425,
1652 1011 1730 1045 pont.
1750 1016 1828 1036 anno
1845 1015 1905 1035 vui.

1533 1159 1601 1194 XV.

1194 1242 1402 1285 Bei'nteyratt'o
1419 1242 1540 1285 antiqui
1560 1242 1656 1286 officii
1676 1249 1700 1274 el
1728 1242 1948 1274 iurisdictionis

1242 1293 1462 1334 iiiaqistrorum
1494 1292 1615 1323 viarum
1641 1291 1729 1324 Urbis
1751 1292 1872 1335 eiusque
1897 1292 1950 1324 di-

1242 1348 1375 1373 strtctus.

1464 1417 1677 1447 SUMMARtUM

1194 1476 1361 1506 Exordium.
1382 1492 1419 1496 —
1435 1475 1546 1504 Causae
1569 1474 1657 1504 liuius
1678 1475 1747 1504 dicti
1770 1476 1949 1505 restituendi

1234 1520 1331 1550 oflicii.
1354 1537 1392 1540 —
1414 1519 1441 1548 ⁹2,
1474 1518 1661 1548 Restituitur.
1688 1535 1727 1540 —
1757 1519 1784 1548 3.
1818 1518 1948 1557 Magistri

1234 1568 1379 1593 creantur.
1410 1579 1449 1584 —-
1476 1563 1504 1592 4.
1526 1562 1628 1597 Qualis
1658 1571 1759 1591 eorum
1793 1563 1831 1592 sit
1854 1563 1948 1592 iuris-

1234 1609 1333 1638 dictio.
1362 1624 1401 1629 —
1429 1607 1455 1636 5.
1479 1606 1589 1635 Notarii
1613 1607 1656 1635 eis
1676 1607 1745 1636 dati.
1775 1624 1812 1628 —
1835 1607 1862 1636 6.
1881 1606 1951 1637 Offi-

1233 1652 1358 1682 cialibus
1386 1653 1509 1680 caeteris
1543 1651 1722 1689 praecipitur
1744 1655 1776 1680 ut
1807 1651 1850 1680 eis
1880 1650 1951 1680 obe-

1234 1697 1323 1726 diant.
1355 1712 1395 1717 —-
1428 1695 1454 1724 7.
1490 1694 1642 1733 Syndicari
1673 1699 1700 1723 et
1732 1695 1884 1724 molestari
1920 1696 1948 1725 in

1234 1741 1330 1770 oflicio
1362 1749 1419 1769 non
1453 1738 1571 1768 debent.
1602 1755 1640 1760 —
1673 1739 1700 1768 8.
1727 1738 1947 1769 Contrariorum

1235 1784 1396 1822 derogatio.

1194 1861 1330 1890 Martinus
1350 1861 1492 1897 episcopus
1524 1868 1619 1890 servus
1657 1869 1798 1891 servorum
1816 1862 1881 1895 Dei.
1916 1864 1950 1891 ad

1238 1912 1402 1947 perpetuam
1421 1910 1461 1939 rei
1480 1911 1648 1944 memoriam.
1667 1911 1777 1940 dilectis
1795 1911 1861 1941 filiis
1876 1913 1950 1942 nobi-

1239 1961 1311 1990 libus
1329 1961 1397 1989 viris
1416 1960 1560 1996 Baptistae
1579 1960 1652 1990 Petri
1664 1961 1809 1994 matthaei.
1826 1963 1855 1990 et
1873 1963 1951 1991 nocio

1240 2011 1271 2040 de
1288 2012 1418 2044 stinchis.
1438 2011 1542 2041 civibus
1572 2013 1707 2045 Romanis,
1742 2011 1849 2041 viarum
1872 2013 1950 2042 Urbis

1239 2064 1350 2092 nostrae
1366 2063 1438 2091 Rom.
1453 2063 1609 2098 magistris
1630 2063 1750 2092 salutem
1767 2064 1795 2091 et
1818 2062 1950 2098 apostoti-

1240 2119 1299 2140 cam
1313 2112 1536 2141 benedictionem.

1246 2179 1311 2214 Etsi
1337 2179 1366 2213 in
1390 2187 1576 2214 cunctarum
1596 2179 1681 2213 orbis
1701 2181 1948 2227 provinciarum,

1198 2229 1281 2262 iuxta
1305 2229 1510 2264 commissum
1531 2229 1620 2264 nobis
1642 2229 1779 2276 desuper
1795 2230 1947 2271 officium,

1196 2278 1308 2313 decore
1324 2287 1415 2326 atque
1436 2278 1577 2313 florentia
1593 2279 1799 2324 delectemur,
1814 2280 1946 2328 dignum

1198 2336 1300 2362 tamen
1327 2340 1388 2362 non
1413 2336 1571 2362 immerito
1599 2336 1782 2375 reputamus
1809 2338 1839 2364 et
1871 2343 1949 2364 con-

1196 2391 1330 2423 gruum,
1360 2386 1390 2411 ut
1420 2377 1513 2412 Urbis
1550 2386 1674 2413 nostrae
1706 2378 1817 2418 Rom.
1852 2392 1946 2427 quam

1196 2428 1364 2474 Principes
1394 2427 1607 2474 apostolorum
1633 2427 1761 2472 Petrus,
1783 2438 1812 2466 et
1836 2430 1865 2463 in
1879 2442 1949 2464 sor-

1197 2485 1258 2511 tem
1282 2477 1415 2511 similem
1441 2485 1568 2512 iocatus
1591 2477 1721 2517 Pautus,
1750 2479 1821 2513 lidei
1845 2479 1950 2513 ortho-

1197 2526 1295 2560 doxae
1324 2527 1485 2566 cardines,
1516 2527 1634 2574 aliique
1668 2528 1824 2563 victoriosi
1854 2529 1948 2563 innu-

1199 2588 1272 2609 meri
1307 2585 1458 2623 martyres
1490 2577 1536 2610 sui
1573 2577 1736 2624 sanguinis
1766 2579 1948 2623 aspersione

1199 2625 1401 2665 inundarunt,
1424 2626 1557 2673 amplior
1581 2638 1637 2661 nos
1661 2639 1734 2661 cura
1755 2628 1947 2674 perstringit,

1955 252 2005 278 An.
2019 250 2047 278 C.
2068 251 2136 277 ¹425

1989 569 2108 591 clausulae.

1994 2193 2115 2214 Exordium.

2257 196 2260 204 -
2245 24 2261 175 ‘auh-25*
