2274 3265
902 276 999 298 mmx-
1026 274 1234 297 unanimam
1716 265 1785 297 787»

421 329 582 361 IOANNES
605 329 666 361 XXI
689 330 791 361 dit-tm
814 330 901 361 XXII.

288 426 308 458 I.
332 426 434 466 Quod,
456 432 585 459 vacante
602 427 745 459 Romano
767 426 914 468 imperio,
932 426 1039 457 nullus

375 480 515 507 assumat
531 485 647 507 nomon
667 474 773 506 vicarii
790 474 946 512 ciusdem,
965 484 1037 505 cum

374 523 405 555 id
425 523 647 555 tantummodo
675 523 712 554 ad
735 523 913 554 Romanum
941 522 1038 564 pcrti-

376 577 448 603 neat
467 571 668 610 Pontificem,
692 571 765 603 234.

288 620 322 651 ll.
350 619 553 652 tlanonizatio
584 619 616 651 B.
644 619 806 658 Luam-ici,
828 618 930 651 Caroli
957 618 1040 660 regis

374 667 500 700 Siciliae
534 666 612 706 tilii,
639 672 669 699 et
693 666 835 709 episcopi
855 666 1037 705 Tliolosani,

375 716 508 759 eiusque
528 715 700 758 adscriptio
722 716 752 747 in
774 726 946 747 nunwrum
972 727 1040 748 san-

376 770 500 796 ctorum
521 766 754 804 comessorum,
773 775 847 796 cum
868 764 1040 797 festivitatis

376 813 572 845 institutione
590 824 647 856 pro
668 813 718 845 die
739 813 779 846 19
800 813 924 853 aug-usti
950 819 1040 856 ‹piot-

375 861 466 894 annis
487 861 710 901 celebrandae,
733 861 808 894 236.

286 911 334 943 III.
363 911 495 943 Indictio
524 910 727 943 induciarum
755 911 836 943 inter
861 912 990 953 Angliae
1012 916 1038 943 ct

376 959 499 992 Scotiae
523 970 625 1002 reges⁷
648 960 706 992 sub
731 960 842 992 cadem
864 971 966 1003 poena
987 972 1039 993 cx-

375 1008 603 1041 communicat.
634 1013 745 1040 contra
769 1008 933 1048 violantes,
963 1008 1037 1041 241.

288 1056 333 1088 IV.
358 1056 482 1089 Erectio
503 1056 706 1099 episcopatus
728 1056 884 1095 Castreu.‚
907 1056 1040 1098 eiusque

376 1105 547 1138 disiunctio
578 1105 616 1137 ab
637 1105 777 1137 Ecclesia
802 1105 940 1144 Alhien„
963 1106 1037 1138 242.

288 1154 320 1185 Y.
344 1153 469 1186 Erectio
489 1153 648 1186 Ecclesiae
669 1154 706 1186 de
723 1154 837 1186 Sancto
855 1154 947 1186 Floro
967 1165 1040 1186 cum

376 1202 590 1234 disiunctione
611 1202 696 1234 illius
716 1202 754 1234 ab
771 1203 957 1245 episcopatu
976 1203 1042 1236 Cla-

379 1250 589 1289 romontensi,
612 1250 686 1282 0244.

289 1299 332 1331 VI.
357 1298 470 1331 Divisio
491 1298 695 1341 episcopatus
715 1299 885 1331 Tholosan.
915 1299 946 1330 in
966 1310 1042 1341 qua-

376 1352 450 1379 tuor
465 1347 542 1379 alias
562 1346 718 1379 Ecclesias
737 1347 967 1389 suffraganeas,
986 1348 1042 1380 sci-

378 1395 452 1427 licet
478 1395 714 1433 Montisalban„
743 1395 774 1426 S.
798 1395 922 1438 Papuli,
946 1396 1042 1428 Lum-

377 1442 518 1475 briacen.
553 1449 584 1475 et
615 1443 738 1482 niven„
766 1443 899 1485 eiusque
924 1444 1042 1476 erectio

377 1491 409 1523 in
437 1491 715 1534 metropolitanam
750 1491 937 1531 Ecclesiam,
965 1491 1039 1525 245.

288 1540 348 1572 VII.
372 1539 485 1572 Divisio
505 1540 708 1583 episcopatus
724 1540 908 1579 pictavien„
927 1552 963 1573 ac
972 1541 1044 1573 Mal-

379 1588 500 1621 leacen.
529 1593 560 1620 et
581 1588 801 1620 Linconiensis
826 1588 1041 1621 Ecclesiarum

379 1635 506 1669 Ordinis
515 1636 621 1669 Sancti
631 1636 793 1668 Benedicti
804 1636 834 1668 in
846 1637 1044 1669 cathedrales

378 1685 536 1718 Ecclesias
555 1685 686 1723 erectim
710 1684 784 1717 247.

292 1734 364 1765 VIII.
388 1732 631 1766 Dismembratio
652 1732 812 1765 Ecclesiae
832 1733 996 1775 Agenaen.
1016 1738 1045 1764 ct

380 1782 498 1814 erectio
524 1782 614 1814 villae
635 1782 673 1814 de
697 1782 874 1815 Condomio
901 1782 1044 1814 eiusdem

380 1830 535 1863 dioecesis
555 1831 587 1862 in
604 1830 824 1873 episcopatum
835 1830 1046 1863 Condomien-

380 1889 459 1918 sem,
482 1878 557 1911 249.

293 1928 342 1960 lx.
371 1926 495 1959 Erectio
523 1927 726 1970 episcopatus
756 1927 939 1965 X'abrensis,
969 1927 1042 1959 249.

293 1976 327 2008 X.
343 1976 459 2008 Contra
475 1975 664 2014 haereticos,
683 1976 729 2007 vel
744 1976 782 2008 de
799 1976 922 2008 haeresi
938 1987 1047 2018 suspe-

381 2030 447 2056 ctos
467 2030 497 2057 et
517 2024 646 2056 iudaeos
673 2024 710 2055 ad
736 2023 831 2056 tidem
857 2024 1046 2056 catholicam

382 2082 566 2112 conversos,
602 2072 640 2105 ab
674 2082 775 2114 eaque
813 2077 1045 2114 apostatantes,

381 2121 525 2163 quamvis
562 2120 599 2152 ad
635 2119 808 2152 Ecclesiam
843 2120 1046 2160 confugiant,

383 2180 450 2202 esse
476 2169 730 2212 procedendum,
753 2168 827 2201 250.

296 2219 343 2251 XI.
369 2217 612 2250 Dismembratio
629 2217 832 2259 episcopatus
849 2217 1046 2255 Narbonem„

384 2273 413 2299 et
446 2266 564 2299 erectio
599 2265 790 2297 cathedralis
828 2265 987 2297 Ecclesiae
1018 2265 1048 2295 in

384 2317 455 2348 villa
489 2316 527 2349 de
560 2316 684 2348 Limoso
719 2315 860 2347 eiusdem
896 2314 1050 2346 dioecesis

385 2375 458 2397 cum
484 2364 702 2397 iurisdictione
726 2369 755 2395 et
776 2363 900 2395 iuribus
925 2363 1049 2394 ordina-

387 2414 454 2453 riis⁷
477 2413 551 2446 251.

298 2459 360 2490 XII.
389 2457 611 2490 Ordinationes
631 2462 661 2489 et
680 2461 794 2488 statuta
817 2466 873 2498 pro
894 2455 978 2487 bono
1000 2465 1048 2486 re-

386 2502 505 2544 gimine
530 2503 664 2533 fratrum
687 2500 813 2532 Ordinis
838 2499 1049 2533 Grandimon-

386 2552 465 2585 ten,
484 2546 617 2587 eiusque
635 2545 835 2587 prioratuum
848 2543 1050 2584 allorumque

388 2591 534 2623 locorum
556 2589 594 2621 ad
615 2588 765 2621 eumdem
785 2587 935 2620 Ordinem
957 2587 1052 2629 perti—

388 2644 462 2667 nen.
486 2632 642 2669 definitio,
670 2632 744 2665 252.

1082 328 1157 360 XIII.
1196 328 1360 360 ljaiiiuatio
1392 334 1495 361 sectae
1526 329 1748 368 Bizochorum,
1776 329 1833 361 Be-

1169 375 1361 414 eninm-uni,
1393 376 1657 416 Fraticellorum,
1697 377 1833 419 pseudo-

1170 425 1302 455 fratrum
1324 424 1354 456 S.
1380 424 1538 456 Francisci
1555 424 1593 456 de
1610 424 1738 464 Assisio‚
1757 424 1831 457 261.

1083 471 1155 503 XIV.
1170 471 1292 503 Erectio
1305 471 1520 504 Ecclesiarum
1534 472 1673 505 Electen.
1688 478 1716 505 et
1728 472 1834 505 Sancti

1170 520 1271 551 I’ontii
1299 521 1562 558 'I'li‹.=1·111‹›larmu,
1591 532 1626 553 ac
1650 521 1834 564 suppressio

1170 568 1372 610 episcopatus
1394 568 1566 607 Limosen.‚
1590 568 1664 603 268.

1083 616 1142 647 ΧΥ.
1175 616 1263 654 Quod
1291 616 1437 659 hospitali
1464 622 1494 648 et
1520 613 1675 656 Religioni
1697 617 1833 649 militum

1171 664 1200 696 S.
1239 664 1364 696 loannis
1389 664 1679 707 llici-osolymitani,
1707 665 1835 697 habenti

1171 713 1297 745 animlia
1323 713 1553 746 beneficiorum
1577 714 1755 746 vacantium
1783 725 1835 745 ac-

1171 766 1315 793 crescant
1334 762 1468 801 fructus,
1486 772 1567 804 quos
1588 762 1641 794 illa
1656 761 1836 794 obtinentes

1170 814 1200 841 ct
1220 821 1283 842 non
1310 809 1486 842 residentes
1507 809 1672 852 psa-cipere
1695 814 1834 852 possent,

1171 858 1244 891 2270.

1084 907 1156 938 xx‘l.
1188 906 1301 938 Divisio
1326 905 1508 949 provinciae
1534 906 1781 939 'I'arraconensis
1806 907 1836 938 in

1171 955 1261 993 duas,
1288 960 1318 987 et
1338 954 1456 987 erectio
1477 955 1636 987 Ecclesiae
1661 955 1835 987 Caesarau-

1171 1008 1295 1043 gustam.
1320 1002 1351 1035 in
1373 1003 1665 1045 metropolitanam,
1689 1003 1763 1036 271.

1084 1052 1170 1083 XVII.
1194 1052 1236 1083 Dc
1256 1051 1414 1083 lectorum
1431 1051 1468 1083 ad
1481 1051 1629 1083 Studium
1643 1050 1835 1083 Perusinum

1172 1100 1363 1132 admissione
1376 1104 1406 1132 et
1421 1099 1618 1132 scholarium
1636 1099 1837 1143 promotione

1172 1149 1209 1180 ad
1235 1148 1449 1186 doctoratum,
1473 1148 1547 1180 272.

1084 1197 1185 1229 XVIII.
1215 1196 1379 1229 Ordinatio
1405 1195 1507 1228 Studii
1530 1195 1560 1227 in
1587 1195 1683 1235 Urbe,
1705 1196 1838 1238 eiusque

1171 1243 1411 1287 privilegiorum
1432 1243 1647 1283 confirmatio,
1670 1244 1745 1277 275.

1084 1293 1161 1325 XIX.
1190 1292 1380 1325 Tutellensis
1408 1291 1568 1324 Ecclesiae
1602 1292 1712 1324 divisio
1739 1303 1757 1324 a
1782 1292 1838 1324 Le-

1173 1340 1358 1379 moviccnsi,
1386 1346 1416 1372 et
1444 1340 1514 1372 novi
1540 1340 1743 1384 episcopatus
1767 1351 1837 1372 ere-

1173 1389 1247 1428 ctio,
1270 1399 1343 1421 cum
1365 1388 1531 1427 dioecesis,
1555 1388 1686 1431 capituli
1708 1394 1736 1420 et
1753 1399 1839 1420 men-

1172 1448 1224 1469 sae
1249 1437 1476 1479 assignatione,
1499 1436 1573 1469 277.

1086 1487 1148 1519 XX.
1172 1485 1328 1518 Institutio
1349 1484 1475 1516 Militiae
1501 1485 1569 1516 Iesu
1590 1484 1705 1516 Christi
1732 1484 1762 1516 in
1789 1495 1838 1516 re-

1173 1534 1243 1577 gnis
1262 1533 1475 1575 Pol-tugalliae
1491 1538 1519 1566 et
1537 1532 1760 1575 Algarbiorum
1781 1533 1840 1565 sub

1175 1581 1313 1625 regulari
1339 1581 1538 1613 observantia
1563 1580 1689 1614 Ordinis
1713 1580 1840 1613 Militiae

1175 1632 1212 1664 de
1223 1631 1397 1670 Calatrava,
1416 1630 1626 1672 eiusdemque
1645 1628 1772 1662 Ordinis
1790 1640 1839 1661 as-

1174 1679 1308 1722 signatio
1329 1679 1451 1721 primae
1472 1679 1587 1711 domus
1613 1678 1692 1710 facta
1712 1688 1770 1720 per
1789 1688 1839 1709 re-

1175 1740 1246 1769 gem
1272 1727 1304 1759 in
1329 1727 1436 1760 Castro
1471 1726 1508 1758 dc
1538 1725 1657 1758 Marino
1692 1725 1840 1758 Silvensis

1176 1775 1341 1815 dioecesis,
1365 1775 1440 1807 277.

1088 1827 1164 1859 XXI.
1188 1823 1483 1858 Excommunicatio
1510 1828 1620 1855 contra
1640 1822 1841 1855 extrahentes

1177 1879 1206 1906 et
1226 1872 1465 1905 introducentes
1485 1870 1644 1910 victualia,
1667 1881 1791 1903 merces
1810 1876 1839 1902 et

1177 1922 1237 1954 alia
1257 1921 1288 1952 in
1309 1920 1428 1952 ducatu
1449 1918 1625 1958 Ferrariae‚
1648 1918 1769 1961 absque
1789 1918 1842 1951 Se-

1178 1970 1225 2001 dis
1244 1968 1443 2011 Apostolicac
1462 1967 1648 1999 officialium
1669 1966 1797 1998 licentia
1813 1972 1842 1998 et

1178 2014 1281 2055 signo,
1304 2012 1378 2044 284.

1090 2059 1180 2091 XXII.
1203 2056 1392 2090 Constitutio
1415 2064 1591 2098 poenarum
1610 2059 1721 2086 contra
1741 2054 1842 2086 offen-

1179 2102 1288 2133 dentes
1308 2100 1354 2132 vel
1376 2099 1445 2131 aliis
1464 2098 1627 2141 quibusvis
1651 2097 1754 2130 modis
1774 2107 1843 2140 per-

1178 2145 1342 2177 turbantes
1376 2148 1531 2175 rectorem
1566 2142 1840 2180 Beneventanum,

1179 2190 1311 2230 eiusque
1336 2187 1488 2219 officiales
1512 2191 1542 2218 et
1562 2185 1735 2225 ministros,
1763 2184 1837 2218 285.

1091 2234 1195 2267 XXIII.
1211 2231 1390 2265 Rosci-vatio
1408 2230 1622 2263 Ecclesiarum
1639 2229 1843 2271 aliorumque

1181 2276 1430 2313 beneficiorum,
1458 2275 1489 2306 in
1515 2273 1657 2306 dominio
1682 2273 1843 2305 Romanae

1181 2320 1339 2353 Ecclesiae
1355 2318 1608 2357 consistentium,
1620 2317 1658 2349 ad
1674 2327 1756 2359 quae
1772 2317 1843 2358 quis

1180 2364 1341 2397 consuevit
1355 2374 1411 2406 per
1422 2362 1610 2394 electionem
1623 2361 1753 2399 assumi,
1765 2359 1827 2393 287
1834 2387 1839 2391 .

1092 2409 1193 2442 XXIV.
1225 2408 1405 2440 Mandatum
1438 2404 1687 2448 archiepiscopis
1716 2409 1746 2436 et
1774 2404 1842 2446 epi—

1181 2452 1284 2495 scopis
1310 2450 1457 2492 Angliae,
1481 2455 1515 2481 ut
1544 2460 1597 2481 eos
1632 2448 1759 2491 publice
1786 2448 1841 2480 de-

1182 2496 1335 2528 nuncient
1346 2494 1650 2531 excommunicatos,
1661 2492 1720 2534 qui
1733 2496 1844 2524 contra

1182 2540 1270 2573 Sedis
1295 2538 1493 2581 Apostolicae
1519 2535 1767 2580 prohibitionem
1788 2535 1842 2567 Hi-

1182 2584 1325 2616 berniam
1342 2582 1439 2615 armis
1450 2579 1778 2624 Impetere‚caedihus
1804 2590 1843 2611 ue
1893 2611 1902 2617 ,

1182 2634 1211 2660 et
1227 2627 1346 2670 rapinis
1368 2626 1500 2658 miscere
1521 2624 1590 2656 ausi
1609 2624 1747 2663 fuerant,
1765 2622 1784 2655 2
1810 2623 1840 2655 7.
