2274 3265
116 242 161 267 An.
181 241 207 266 C,
229 241 294 266 ¹35¹}

910 237 1102 259 uENEtittl'th

1125 238 1165 259 xii
1192 238 1238 259 rr.
1724 228 1792 259 399

307 306 352 337 sa,
379 293 417 327 de
451 293 584 328 consilio
618 292 845 340 praedictorum
888 291 1053 325 duodecim
1094 291 1205 325 sistere
1218 291 1297 325 circa
1311 291 1416 334 dubia,
1431 304 1510 338 quae
1526 293 1602 326 liunt
1620 292 1704 326 iuxta
1726 292 1840 339 ipsum,

308 342 453 388 praefatis
470 343 612 377 ministro
628 339 864 388 provincialivel
881 340 1053 385 guardiano
1094 348 1121 373 et
1157 341 1236 374 circa
1281 340 1361 374 dicta
1398 349 1576 375 sani-torum
1618 341 1839 376 catholicorum

307 392 510 432 mandaverit,
534 393 562 426 in
587 392 637 427 tali
666 404 737 425 casn
761 390 896 424 debeant
924 390 960 423 ad
985 402 1052 424 nia-

305 441 465 486 gisterinm
490 449 695 488 praesentare.
712 441 792 475 Cum
815 447 918 474 autem
942 439 1052 473 liuius—

307 491 390 524 modi
420 492 527 525 l'ratres
554 491 706 536 assumpti
746 489 858 524 l'ueriut
886 488 922 522 ad
952 490 1052 534 magi-

305 541 446 579 sterium,
468 548 498 575 et
522 541 551 574 in
575 538 781 573 Universitate
796 551 850 573 sua
865 538 1051 584 perfecerim

305 601 431 624 cursum
454 602 559 630 suum,
583 590 656 623 liant
683 590 814 624 lectores
828 587 900 623 alibi
921 588 949 622 iu
974 588 1050 623 locis

304 638 510 679 solemnibus,
534 648 567 672 ut
590 638 619 672 iu
649 638 763 673 lectura
793 638 911 673 valeant
936 638 1051 672 utiliter

303 689 461 735 occupari.
487 688 565 722 Aliis
582 697 686 722 autem
710 688 919 723 conventibus
935 687 1048 722 liaben-

303 737 386 771 tibus
413 749 446 772 ea
471 737 586 778 studia,
609 750 688 784 quae
711 739 740 772 in
757 738 876 772 Ordine
892 738 1047 784 generalia

303 796 534 834 nuncupantur,
556 787 710 833 generalis
738 788 879 822 minister
906 788 934 821 in
963 788 1048 834 eapi-

303 835 367 870 tulo
402 837 540 883 generali
581 837 619 871 de
661 837 782 871 idoneis
817 837 985 872 lectoribus
1019 846 1049 871 et

303 885 482 920 baccalariis
517 886 686 933 provideat,
723 887 761 921 de
795 887 926 921 consilio
954 887 1048 920 mini-

300 944 434 969 strorum
455 944 484 970 et
508 937 739 983 magistrorum,
755 937 806 982 qui
827 945 916 970 erunt
935 937 963 969 in
979 936 1048 971 loco

300 984 373 1018 dicti
401 986 529 1031 capituli
553 986 716 1031 generalis.
736 985 795 1020 Ubi
819 995 923 1019 autem
948 999 982 1019 ex
1005 986 1049 1020 iu-

300 1033 414 1068 cidenti
430 1048 522 1069 causa
540 1035 670 1069 baberet
699 1036 792 1069 alicui
819 1036 863 1069 vel
888 1035 1047 1082 aliquibus

299 1084 412 1117 studiis
424 1093 508 1118 extra
526 1085 671 1131 generale
682 1085 853 1131 capitulum
872 1086 1046 1131 providere,

301 1134 460 1178 provideat
482 1134 520 1168 de
542 1135 674 1169 consilio
697 1134 805 1168 decem
840 1134 1045 1169 discretorum

300 1182 441 1226 fratrum,
469 1184 508 1218 de
531 1184 710 1222 idoneitate,
732 1183 915 1217 sufficieutia
939 1197 1047 1230 perso-

300 1244 408 1266 narum
426 1234 566 1267 notitiam
581 1232 777 1272 habentium,
794 1241 824 1266 et
843 1232 1047 1267 nibilominus

298 1282 336 1314 de
364 1281 496 1316 consilio
520 1283 654 1316 ministri
671 1282 872 1328 provincialis
895 1290 924 1315 et
943 1291 1047 1316 custo-

298 1331 358 1369 dis,
386 1331 424 1364 de
447 1332 537 1365 cuius
562 1331 720 1378 provincia
745 1331 790 1365 vel
819 1332 960 1365 custodia
989 1332 1046 1365 erit

298 1380 391 1414 frater
412 1381 448 1414 ad
465 1380 622 1427 praedicta
641 1380 827 1423 sumendus,
842 1380 865 1414 si
879 1381 1046 1415 commode

297 1441 406 1463 eorum
436 1430 640 1477 praesentiam
671 1431 767 1477 possit
790 1429 915 1464 babere.
940 1430 1046 1465 Gene—

298 1479 350 1512 rali
374 1489 478 1514 autem
499 1488 528 1514 et
555 1479 798 1526 provincialibus
826 1479 989 1523 ministris,
1011 1492 1046 1514 ac

297 1529 496 1573 custodibus,
517 1529 707 1574 guardianis,
730 1528 963 1567 dilliuitoribus,
980 1542 1046 1563 ma-

297 1578 402 1623 gistris
425 1588 454 1613 et
488 1579 633 1613 discretis
670 1591 705 1613 ac
740 1578 928 1613 electoribus
957 1592 1046 1625 prae-

297 1628 399 1672 dictis,
438 1638 468 1663 et
494 1629 562 1662 aliis
600 1628 864 1676 quibuscumque,
897 1628 934 1662 ad
968 1641 1046 1675 quos

298 1677 355 1710 boe
391 1678 586 1724 pertinuerit.
624 1679 652 1712 iu
682 1678 793 1712 virtute
821 1687 946 1712 sauctae
968 1678 1045 1711 obe—

298 1726 432 1761 dientiae
459 1728 599 1762 districte
628 1728 849 1774 praecipinms,
873 1740 910 1761 ne
939 1728 968 1761 in
989 1728 1045 1761 eli—

298 1776 410 1821 gendis
434 1778 478 1811 vel
501 1777 712 1820 assumendis,
734 1790 787 1811 seu
806 1777 977 1816 mitteudiS,
993 1786 1046 1812 aut

298 1827 485 1872 deputandis
507 1839 561 1861 seu
586 1827 806 1873 promovendis
834 1827 863 1860 in
881 1826 1044 1869 parisien„

298 1874 468 1915 Oxonien.,
483 1875 730 1921 Cantabrigieu.,
752 1876 816 1909 sive
837 1877 865 1908 in
890 1876 957 1909 aliis
980 1885 1046 1909 stu-

297 1924 358 1957 diis
384 1926 572 1971 supradictis
595 1926 761 1970 magistris,
786 1925 953 1959 lectoribus
989 1938 1043 1959 seu

299 1973 477 2008 baccalariis
505 1975 550 2009 vel
573 1974 781 2017 scholaribus,
812 1983 862 2008 aut
886 1975 914 2007 in
941 1976 1046 2020 prori-

296 2023 438 2057 siouibus
460 2024 578 2058 eisdem
596 2024 710 2058 studiis
730 2024 890 2064 faciendis,
918 2024 1045 2071 deipsis

297 2072 347 2106 vel
375 2073 479 2120 aliquo
529 2087 583 2108 seu
626 2073 783 2120 aliquibus
814 2073 1042 2119 praedictorum

297 2122 401 2156 miuus
415 2122 606 2158 sufficientes
629 2132 802 2170 proponant
825 2123 961 2157 scienter
977 2136 1044 2157 ma·

296 2172 343 2217 gis
365 2171 590 2207 sufficientibus
615 2172 698 2213 odio,
722 2173 817 2218 gratia
848 2172 893 2206 rel
922 2173 1043 2214 l'iivore3

298 2221 444 2268 praedicti
472 2234 544 2257 vero
566 2222 718 2267 magistri,
747 2222 877 2256 lectores
912 2230 941 2255 et
971 2222 1043 2256 bac-

297 2271 399 2305 calarii
428 2271 567 2317 legentes
600 2271 786 2318 theologiam
822 2272 914 2306 dictis
942 2271 1043 2318 pbilo-

297 2321 466 2366 sophorum
491 2334 552 2356 uon
569 2322 700 2355 multum
725 2322 876 2361 insistant,
892 2322 946 2355 sed
963 2334 1043 2368 quae

298 2370 470 2416 theologice
502 2379 631 2418 possunt
675 2373 810 2414 tractari,
852 2380 1043 2418 pertractent

297 2419 482 2465 theologice,
517 2430 547 2455 et
582 2420 674 2455 dictis
706 2421 926 2455 communibus
961 2422 1043 2455 anti-

295 2481 428 2515 quorum
446 2480 474 2504 et
497 2469 740 2517 approbatorum
763 2470 937 2511 doctorum,
953 2480 1041 2517 prout

296 2519 470 2553 seeundum
507 2519 607 2554 Deum
640 2528 669 2554 et
705 2520 860 2554 veritatem
885 2529 1041 2566 poterunt,

296 2581 329 2602 se
347 2569 554 2604 conforment.
569 2569 706 2615 Magistri
721 2582 846 2616 qnoque
868 2578 898 2604 et
911 2570 1042 2605 lectores

297 2617 347 2652 alii
376 2619 514 2666 legentes
537 2627 654 2653 textum
680 2618 810 2661 Bibliae,
836 2619 969 2654 debeant
991 2620 1041 2654 in—

1095 389 1278 433 l'atrum,ac
1298 390 1472 435 glossarum
1485 391 1712 425 ordinariarum
1730 390 1840 425 Biblia—

1095 447 1294 473 memoratae.
1311 438 1400 472 Circa
1417 439 1524 473 fratres
1545 439 1699 487 siquidem
1726 449 1785 475 tam
1801 440 1839 475 ad

1093 488 1247 523 parisien.
1276 501 1368 534 quam
1397 488 1434 521 ad
1463 489 1518 523 alia
1554 489 1709 534 generalia
1737 489 1839 524 studia

1092 538 1220 572 Ordinis
1255 537 1510 572 transmittendos
1541 539 1666 583 provide
1693 539 1840 574 «luximus

1091 588 1306 627 statuendum,
1334 587 1418 634 quod
1448 587 1502 627 illi,
1522 587 1574 634 qui
1597 587 1635 622 ad
1659 587 1839 623 huiusmodi

1091 638 1191 671 studia
1231 646 1315 671 extra
1355 650 1429 671 suas
1468 637 1644 683 provincias
1670 638 1708 672 de
1736 638 1840 673 debito

1091 687 1356 725 transmittuntur,
1386 699 1441 733 per
1467 699 1522 721 sua
1551 687 1752 733 'n‘ovincialia
1781 700 1841 722 ca-

1092 738 1185 783 pitula
1205 737 1379 783 eligantur:
1395 736 1548 771 electores
1573 745 1677 771 autem
1695 737 1840 772 meliores

1090 795 1120 820 et
1143 787 1240 833 inagis
1261 786 1298 821 ad
1323 787 1382 821 boc
1399 786 1528 821 idoneos
1542 786 1658 831 eligere
1674 786 1704 820 in
1729 787 1841 821 virtute

1089 845 1214 871 sauctae
1241 836 1438 870 obedientiae
1467 844 1654 877 teneantur3
1683 835 1725 870 illi
1756 849 1840 876 vero,

1090 887 1141 932 qui
1166 888 1204 920 de
1226 885 1322 932 gratia
1351 885 1389 920 ad
1428 885 1610 920 huiusmodi
1638 885 1741 921 studia
1766 895 1841 921 sunt

1091 935 1252 977 mittendi,
1276 948 1338 969 uon
1380 936 1540 970 mittantur
1577 935 1644 969 sine
1683 935 1841 982 generalis

1090 985 1220 1019 ministri
1250 985 1371 1019 licentia
1395 985 1534 1031 speciali,
1562 993 1592 1019 et
1613 984 1681 1019 siue
1707 985 1754 1020 sui
1780 985 1840 1020 mi-

1089 1035 1176 1069 nistri
1199 1043 1230 1069 et
1245 1034 1446 1080 provincialis
1460 1034 1589 1080 capituli
1613 1034 1840 1081 approbatione

1091 1084 1311 1130 praecedente:
1348 1084 1431 1118 missi
1467 1096 1539 1118 vero
1569 1083 1634 1118 sive
1668 1083 1708 1118 de
1739 1085 1838 1130 gratia

1088 1134 1153 1167 sive
1175 1134 1213 1167 de
1240 1133 1356 1172 debito,
1392 1133 1416 1167 si
1452 1133 1567 1168 suerint
1599 1133 1703 1167 miuus
1732 1133 1837 1168 idonei

1088 1182 1125 1215 ad
1153 1183 1316 1217 scientiam
1339 1183 1575 1228 capessendam,
1599 1182 1644 1217 vel
1668 1182 1747 1217 male
1763 1195 1840 1218 cou-

1089 1242 1251 1266 versentur
1279 1231 1405 1269 ibidem,
1433 1245 1489 1267 seu
1527 1232 1610 1278 pacis
1637 1241 1669 1266 et
1700 1244 1839 1267 conven-

1089 1290 1175 1314 tuum
1205 1294 1259 1315 seu
1282 1280 1474 1315 studentium
1512 1282 1625 1315 luerint
1651 1281 1838 1321 turbatores,

1089 1343 1137 1376 pei
1179 1331 1370 1370 ministrum,
1401 1331 1444 1364 rel
1472 1330 1677 1376 guardianum
1715 1331 1745 1365 in
1768 1332 1838 1366 eius

1087 1380 1239 1419 absentia,
1268 1380 1306 1414 de
1337 1380 1471 1415 consilio
1504 1379 1625 1414 consilii
1664 1389 1838 1415 conventus

1088 1429 1159 1467 loci,
1183 1431 1211 1463 in
1236 1442 1299 1476 quo
1314 1429 1504 1471 studuerint,
1523 1429 1560 1464 ad
1583 1442 1692 1464 eorum
1710 1431 1838 1477 provin-

1086 1479 1149 1513 cias
1173 1480 1380 1513 reniittantur.
1404 1478 1562 1513 Numerus
1584 1488 1688 1514 autem
1712 1479 1838 1514 studen-

1089 1528 1164 1562 tium
1188 1528 1227 1563 de
1249 1528 1345 1575 gratia
1370 1529 1624 1575 recipiendorum
1650 1529 1679 1563 iu
1703 1529 1837 1575 singulis

1087 1578 1294 1612 conventibus
1328 1578 1429 1613 studia
1462 1578 1618 1624 generalia
1650 1578 1837 1613 habentibus

1087 1635 1208 1662 taxetur
1245 1628 1274 1662 in
1313 1628 1449 1673 capitulo
1488 1628 1624 1673 generali
1660 1628 1835 1663 secundum

1087 1685 1199 1711 statum
1228 1686 1258 1711 et
1284 1677 1497 1712 conditionem
1534 1687 1748 1712 conventuum
1775 1690 1836 1712 eo-

1087 1726 1244 1767 rumdem,
1286 1727 1363 1761 ultra
1391 1740 1484 1774 quem
1513 1740 1677 1761 numerum
1712 1727 1834 1762 nullum

1088 1776 1226 1822 recipere
1248 1786 1421 1811 teneantur.
1446 1776 1493 1810 Ad
1512 1777 1705 1823 praedictum
1729 1786 1834 1811 autem

1087 1825 1239 1860 Parisieu.
1269 1825 1417 1860 Studium
1440 1826 1478 1860 de
1502 1826 1638 1873 singulis
1665 1826 1835 1873 provinciis

1087 1887 1148 1909 non
1173 1875 1293 1921 possint
1314 1876 1410 1911 semel
1435 1876 1525 1916 mitti,
1549 1877 1593 1910 vel
1614 1876 1643 1910 in
1667 1888 1704 1911 eo
1727 1875 1834 1922 recipi,

1088 1925 1144 1958 nisi
1168 1925 1231 1958 duo
1253 1926 1416 1960 studentes
1438 1925 1475 1960 de
1497 1925 1607 1971 gratia,
1627 1938 1685 1960 nec
1708 1926 1757 1960 isti
1780 1938 1834 1960 seu

1086 1974 1135 2008 alii
1159 1974 1197 2008 de
1212 1974 1320 2009 debito
1340 1975 1426 2009 missi
1449 1976 1569 2021 possint
1585 1987 1641 2022 pro
1663 1975 1836 2009 lectoribus

1087 2023 1235 2063 revocari,
1258 2023 1359 2059 donec
1380 2024 1556 2059 studuerint
1579 2025 1724 2071 perduos
1735 2037 1836 2059 annos

1086 2072 1219 2113 ibidem,
1242 2086 1312 2107 cuin
1335 2083 1438 2108 autem
1466 2074 1629 2109 studentes
1652 2075 1680 2108 iu
1708 2086 1836 2120 genera-

1087 2121 1167 2156 libus
1189 2123 1301 2157 studiis
1328 2124 1498 2158 constituto
1526 2132 1667 2171 tempore
1698 2125 1735 2158 ad
1762 2135 1835 2158 suas

1087 2172 1231 2207 redibunt
1259 2174 1444 2219 provinciaS,
1473 2172 1697 2208 testimoniales
1730 2173 1834 2208 literas

1084 2222 1247 2266 guardiam
1270 2231 1300 2256 et
1324 2223 1449 2257 lectoris
1477 2223 1549 2263 loci,
1569 2223 1599 2257 in
1622 2235 1684 2271 quo
1710 2223 1835 2257 studue-

1085 2272 1157 2315 rint,
1196 2272 1234 2306 de
1274 2284 1328 2306 sua
1360 2273 1596 2307 conversatione
1635 2282 1664 2307 et
1693 2272 1833 2320 prosectu

1083 2321 1271 2356 autdefectu
1296 2322 1325 2356 in
1349 2322 1453 2356 studio
1469 2334 1577 2357 secum
1598 2331 1733 2369 portent,
1755 2334 1834 2369 quas

1083 2372 1150 2405 suis
1173 2371 1322 2406 ministris
1349 2371 1516 2406 ostendere
1539 2380 1715 2407 teneantur.
1743 2371 1781 2406 Et
1801 2380 1833 2406 ut

1085 2421 1264 2466 proficiendi
1292 2421 1417 2456 occasio
1450 2421 1650 2456 studentibus
1685 2421 1833 2468 praebea-

1084 2478 1145 2514 tur,
1173 2470 1321 2517 praedicti
1357 2471 1548 2517 guardianns
1583 2481 1612 2506 et
1650 2471 1746 2506 lector
1768 2483 1830 2506 non

1083 2520 1157 2555 dent
1181 2520 1361 2554 huiusmodi
1381 2520 1584 2556 studentibus
1606 2521 1831 2555 tertimoniales

1083 2569 1199 2610 literas,
1222 2582 1279 2604 nec
1304 2570 1383 2604 sicut
1410 2570 1518 2605 fratres
1544 2571 1583 2606 de
1605 2570 1737 2605 consilio
1758 2570 1831 2614 loci,

1083 2619 1111 2653 in
1135 2632 1197 2667 quo
1219 2619 1409 2664 studuerint,
1425 2621 1470 2654 rel
1488 2622 1585 2656 maior
1604 2632 1675 2668 pars
1697 2632 1830 2656 numero

1860 234 1907 260 λη.
1926 235 1954 261 C.
1972 235 2038 260 ¹556

1976 299 1992 316 Ο
