2274 3265
219 263 308 288 1¹tn.(',.
331 264 395 289 ¹285

240 981 387 1002 §lonastorium

221 1015 318 1033 donatum
360 1016 406 1031 cum

223 1051 232 1063 n
258 1044 316 1063 nisus
340 1043 406 1068 perti-

221 1076 306 1096 nuntiis>

247 2017 281 2038 FF.
294 2016 385 2037 Minore·
395 2015 414 2034 iu

234 2049 353 2070 monialium
377 2047 416 2067 ob-

233 2083 326 2108 ‹nquiam
351 2081 417 2101 desti-

463 252 507 283 84

984 258 1170 281 numanum
1199 258 1357 280 {tonarium

412 329 550 363 congruo
594 314 766 362 providere,
797 314 1019 348 monasterium
1049 312 1152 348 Sancti
1198 313 1276 346 idem
1310 311 1532 347 monasterium
1561 310 1667 346 Sancti
1703 311 1844 346 Silvestri
1887 325 1941 346 re-

412 365 552 401 Silv‹=stri
577 365 606 398 in
630 364 739 410 Capite
755 363 792 397 de
813 363 897 398 Urbe
919 363 957 398 ad
980 363 1153 398 Romanam

413 415 584 450 Ecclesiam
614 414 700 448 nullo
725 413 825 448 medio
854 413 1024 460 pertinens,
1048 412 1155 447 liacte-

415 478 472 499 nus
499 464 618 499 ordinis
646 464 751 498 Sancti
768 463 942 503 Benedicti,
971 474 1081 497 vacans
1102 474 1156 508 per

415 514 645 550 translationem
669 513 716 547 sui
740 512 860 548 abbatis
875 513 911 546 ad
931 511 1154 546 monasterium

415 564 517 600 Sancti
542 563 700 598 Laurentii
723 563 796 597 soris
819 574 924 597 muros
946 561 1041 596 Urbis
1070 561 1155 595 ordi-

415 615 464 648 nis
499 613 682 661 supradicti,
722 612 884 647 monachis
921 611 1018 658 ipsius
1049 622 1158 644 mona-

415 664 499 698 sterii
522 663 626 698 Sancti
650 661 790 697 Silvestri
818 661 903 702 alibi,
927 669 1015 708 prout
1050 672 1157 694 eorum

416 714 506 749 saluti
547 712 693 759 expedire
733 713 910 758 putavimus
927 738 934 751 ,
975 709 1158 743 collocatis:

416 763 498 811 qnod
517 763 643 810 quidem
662 761 882 795 monasterinm
900 759 1002 795 Sancti
1018 759 1158 793 Silvestri

419 826 478 847 non
502 812 591 847 facile
615 819 733 859 poterat
762 810 800 844 de
836 809 981 857 personis
1019 806 1159 842 eiusdem

418 862 538 897 ordinis
558 860 729 899 reformari,
749 861 821 907 qnia
846 860 948 906 ipsum
980 856 1162 891 considera-

418 913 520 946 vimus
539 910 719 945 habitationi
745 917 874 952 vestrae,
895 920 952 942 nec
974 919 1035 941 non
1052 906 1162 940 obscr—

421 960 533 996 vationi
557 959 696 993 eiusdem
722 959 812 992 vestri
841 957 959 991 ordinis
974 967 1161 1002 congruum,

423 1010 508 1045 vobis
531 1009 568 1042 d(-
596 1008 723 1044 fratrum
753 1016 929 1041 nostrorum
953 1005 1086 1040 consilio
1127 1016 1164 1038 ex

423 1059 547 1107 speciali
570 1058 665 1105 gratia
689 1070 759 1092 cum
780 1056 937 1095 domibus,
969 1055 1077 1094 hortis,
1114 1053 1163 1087 vi-

425 1109 490 1143 neis
509 1137 516 1147 ,
540 1108 640 1146 terris,
680 1106 834 1142 casalibus
851 1134 858 1147 ,
890 1103 1142 1152 possessionibus
1157 1131 1164 1141 ,

424 1157 561 1193 vassallis
584 1165 612 1191 et
641 1156 788 1191 omnibus
811 1156 878 1190 aliis
901 1155 1003 1197 bonis,
1040 1153 1165 1201 privile·

420 1209 493 1255 giis,
527 1205 777 1240 immunitatibus
816 1214 845 1240 et
878 1203 1066 1252 quibuslibet
1102 1202 1166 1236 suis

423 1256 621 1306 pertinentiis
649 1263 679 1290 et
713 1255 833 1290 iuribus
864 1254 1011 1289 duximus
1050 1264 1166 1287 conce-

421 1306 573 1342 dendum:
596 1314 767 1340 statuentes
796 1306 898 1352 ipsum
936 1302 1160 1338 monasterium

421 1356 528 1392 Sancti
548 1355 688 1390 Silvestri
720 1355 749 1388 in
782 1353 891 1401 Capite
928 1352 1048 1387 ordinis
1076 1351 1169 1386 Soro-

423 1419 490 1441 rum
514 1405 670 1439 Minorum
694 1404 890 1439 Inclusarum
915 1403 952 1437 de
974 1411 1096 1437 caetero
1118 1413 1158 1434 no

424 1455 631 1490 minandum:
656 1463 684 1488 et
713 1453 797 1501 quod
835 1453 916 1487 idem
957 1452 1033 1487 ordo
1070 1458 1169 1484 voster

425 1504 500 1539 inibi
534 1504 692 1552 perpetuis
727 1502 921 1549 temporibus
959 1501 1168 1543 observetur,

423 1562 453 1589 et
475 1563 535 1588 tam
560 1566 625 1594 vos,
652 1565 745 1600 qnam
776 1553 862 1587 vobis
885 1553 914 1586 in
947 1551 1057 1585 eodem
1100 1561 1170 1584 mo—

425 1603 560 1638 nasterio
591 1615 794 1637 successurae
834 1601 929 1636 libere
966 1601 1008 1635 uti
1044 1599 1170 1647 possitis

425 1653 571 1688 omnibus
598 1652 779 1699 privilegiis,
819 1650 1030 1698 indulgentiis,
1056 1649 1171 1683 immu-

427 1701 577 1737 nitatibus
599 1710 628 1736 et
650 1702 755 1748 gratiis
785 1700 887 1736 eidem
929 1700 1028 1734 ordini
1072 1706 1171 1733 vestro

427 1753 465 1787 ab
486 1751 665 1799 Apostolica
694 1751 778 1786 Sede
815 1750 982 1785 concessis:
1020 1757 1049 1785 et
1088 1748 1171 1782 idem

428 1801 651 1836 monasterium
685 1800 716 1835 S.
752 1799 894 1835 Silvestri
930 1798 1019 1834 nobis
1053 1806 1082 1833 et
1114 1797 1170 1845 ipsi

429 1851 587 1885 Ecclesiae
610 1850 769 1885 Romanae
792 1849 965 1885 subiectum
994 1846 1173 1883 immediate

430 1908 598 1943 remaneat,
620 1900 699 1934 sient
722 1909 796 1935 erat.

479 1951 498 1997 S
520 1954 551 1985 5.
571 1949 725 1984 Volumus
746 1962 893 1998 qnoque,
922 1948 1004 1997 quod
1043 1955 1174 1995 quatuor

432 2005 539 2038 fratres
553 2002 673 2037 ordinis
689 2001 858 2044 Minoi-um,
871 1998 1063 2047 experientia
1083 1997 1174 2043 longa

433 2055 564 2104 probati,
598 2061 746 2100 perpetuo
770 2053 798 2086 in
836 2051 946 2085 eodem
986 2048 1175 2083 monasterio

432 2118 572 2140 seorsum
596 2103 745 2139 continue
768 2110 913 2136 maneant
936 2099 972 2134 ad
1001 2099 1103 2133 divina
1127 2109 1176 2131 ce-

431 2155 578 2190 lebranda
612 2153 699 2188 vobis
733 2152 854 2195 officia,
897 2159 927 2184 et
971 2147 1175 2183 ministranda

431 2204 640 2240 ecclesiastica
664 2210 868 2238 sacramenta:
893 2199 1042 2247 quodque
1073 2197 1176 2231 omnia

432 2263 461 2289 et
482 2255 602 2301 singula
631 2266 678 2296 ea,
697 2265 776 2300 quae
800 2250 887 2285 vobis
913 2263 950 2285 ex
980 2247 1177 2282 institutione

434 2314 551 2340 vestrae
580 2304 703 2351 regulae
727 2311 787 2337 tam
812 2301 890 2335 circa
914 2299 1099 2334 electionem
1122 2296 1177 2330 ab·

433 2356 576 2400 batissae,
599 2366 691 2403 quam
723 2352 802 2386 circa
840 2360 1057 2399 quaecumque
1098 2347 1177 2389 alia,

435 2419 490 2441 nec
513 2418 573 2440 non
599 2414 627 2439 ct
650 2404 711 2445 illa,
734 2415 814 2450 quae
837 2399 936 2435 ordini
967 2397 1102 2447 praefato
1125 2396 1179 2430 Mi-

437 2468 559 2495 norum,
601 2454 646 2489 vel
684 2452 826 2502 personis
862 2450 960 2497 ipsius
997 2461 1034 2484 ex
1070 2446 1178 2481 cadem

436 2506 629 2541 institutione
653 2504 683 2539 in
714 2501 912 2537 monasteriis
934 2497 1082 2546 saepefati
1122 2509 1180 2530 or—

437 2557 521 2591 dinis
549 2555 638 2589 vestri
661 2560 855 2599 competunt,
884 2549 970 2585 vobis
1007 2561 1042 2583 ac
1078 2546 1179 2582 eidem

438 2605 537 2641 ordini
578 2605 733 2639 Minorum
759 2611 786 2637 et
818 2600 960 2649 personis
999 2599 1118 2645 integra
1153 2605 1182 2630 et

440 2656 551 2690 illibata
577 2661 765 2694 remaneant,
791 2664 846 2686 nec
870 2650 929 2684 illis
952 2661 1006 2697 pro
1026 2660 1074 2687 eo,
1099 2646 1181 2694 quod

1199 370 1301 397 manet
1334 361 1425 396 nobis
1459 369 1488 395 et
1520 360 1680 395 Ecclesiae
1714 360 1887 403 Romanae,
1912 370 1942 395 ut

1200 411 1417 460 praemittitur,
1451 409 1630 445 immediate
1658 408 1846 450 subiectum,
1887 411 1943 444 dt·-

1199 463 1336 498 trahatur
1365 461 1394 495 in
1423 460 1539 508 aliquo,
1560 472 1615 494 seu
1638 459 1834 507 aliquatenus
1856 459 1943 495 dei-0-

1199 520 1298 558 getur.

1247 562 1312 608 gss.
1337 559 1503 595 Caeterum
1530 558 1615 594 robis
1647 558 1860 606 praesentium
1896 567 1942 593 te-

1201 624 1274 646 nore
1294 609 1509 654 concedimus,
1533 616 1564 643 ut
1586 609 1622 643 ad
1658 609 1741 643 idem
1781 617 1942 643 monaste-

1201 661 1279 695 rium
1304 659 1408 695 Sancti
1430 658 1570 694 Silvestri
1595 657 1676 693 nulla
1707 659 1761 692 alia
1782 665 1942 705 expectata

1201 710 1245 745 vel
1271 709 1363 756 petita
1393 708 1515 743 licentia
1559 708 1732 743 transeatis:
1761 707 1945 743 adiicientes

1201 758 1392 806 expressiuS,
1414 757 1496 804 quod
1525 757 1549 791 si
1572 757 1731 805 contingat
1753 756 1944 804 saepefatum

1205 808 1429 842 monasterium
1460 816 1595 842 vestrum
1623 806 1727 842 Sancti
1757 806 1897 842 Silvestri
1931 819 1946 841 a

1203 857 1347 905 personis
1385 855 1527 890 eiusdem
1568 857 1659 891 vestri
1700 855 1820 891 ordinis
1848 855 1948 891 deseri

1203 917 1230 941 et
1255 919 1310 954 pro
1337 905 1487 940 derelicto
1514 904 1632 947 haberi,
1656 905 1880 941 monasterium
1907 906 1950 952 ip-

1204 968 1276 990 sum
1299 967 1371 989 cum
1399 953 1546 989 omnibns
1568 954 1660 989 bonis
1686 955 1762 999 suis,
1795 956 1950 1002 pertinen-

1206 1006 1255 1039 tiis
1276 1013 1307 1039 et
1344 1003 1466 1039 iuribus
1504 1003 1694 1050 supradictis
1733 1003 1877 1040 volumus
1920 1006 1949 1039 in

1207 1063 1322 1094 nostra,
1346 1065 1563 1089 successorum
1593 1061 1770 1088 nostrorum
1799 1053 1951 1089 Romano·

1207 1117 1273 1138 rum
1307 1103 1495 1138 Pontificum
1538 1115 1573 1137 ac
1607 1101 1746 1137 eiusdem
1790 1101 1951 1138 Romanae

1207 1153 1365 1189 Ecclesiae
1387 1152 1593 1200 dispositione
1615 1152 1712 1187 libera
1733 1164 1905 1188 remanere.

1255 1203 1275 1250 S
1303 1206 1334 1237 7.
1362 1202 1572 1238 Decet-nimus
1599 1214 1672 1248 ergo
1701 1209 1733 1236 ut
1768 1202 1844 1236 nulli
1884 1215 1954 1237 om-

1209 1253 1283 1287 nino
1306 1252 1469 1288 hominum
1494 1251 1587 1286 liceat
1607 1250 1688 1286 hanc
1718 1251 1863 1298 paginam
1899 1265 1955 1286 uo-

1209 1311 1288 1337 strae
1321 1301 1580 1342 confirmationis,
1616 1301 1842 1340 concessionis,
1877 1314 1956 1336 con-

1209 1351 1379 1387 stitutionis
1407 1359 1436 1386 et
1468 1350 1604 1386 mandati
1646 1350 1745 1385 nostri
1773 1350 1955 1398 infringere,

1210 1402 1255 1436 vel
1279 1402 1304 1436 ei
1334 1414 1410 1436 ausu
1435 1400 1600 1436 temerario
1628 1400 1795 1435 contraire.
1824 1401 1857 1436 Si
1885 1401 1958 1447 quis

1209 1461 1263 1485 etc.

1260 1500 1331 1536 Eoo
1346 1500 1517 1535 Hortomus
1530 1499 1701 1534 catholicae
1721 1498 1882 1534 Ecclesiae
1897 1499 1960 1546 epi-

1211 1562 1336 1598 scopus.

1250 1602 1439 1646 (Sequuntur
1460 1600 1585 1633 nomina
1606 1599 1743 1633 aliorum
1762 1599 1813 1633 dd.
1840 1599 1934 1633 θανά.

1212 1652 1265 1696 qui
1279 1650 1520 1684 constitutionem
1536 1650 1670 1683 eamdem
1692 1649 1957 1694 subscripserunt).

1261 1699 1377 1734 Datum
1403 1698 1521 1734 Tibure
1558 1711 1612 1746 per
1650 1710 1776 1732 manum
1820 1697 1960 1744 magistri

1212 1749 1296 1784 Petri
1336 1749 1374 1783 de
1419 1747 1595 1783 Mediolano
1635 1756 1759 1783 sanetae
1798 1747 1960 1782 Romanae

1214 1798 1373 1833 Ecclesiae
1403 1797 1659 1838 vicecancellarii,
1687 1805 1795 1832 octavo
1812 1796 1962 1832 kalendas

1214 1848 1365 1894 octobris,
1393 1848 1563 1884 indictione
1590 1846 1836 1895 quartadecima,
1859 1846 1962 1881 incar-

1216 1899 1350 1934 nationis
1372 1899 1548 1934 dominicae
1567 1910 1650 1933 anno
1671 1909 1859 1941 MCCLxxxv,
1891 1909 1962 1943 pon-

1216 1949 1349 1984 tificatus
1378 1961 1449 1984 vero
1476 1947 1595 1983 domini
1618 1947 1750 1982 Honorii
1779 1946 1883 1995 Papae
1923 1944 1964 1979 lV

1216 2013 1298 2035 anno
1326 2012 1347 2034 L

1236 2059 1296 2089 Dat.
1316 2059 1361 2089 die
1377 2058 1414 2088 24
1431 2056 1607 2097 septembris
1632 2056 1715 2093 1285,
1735 2059 1812 2095 pont.
1833 2064 1909 2084 anno
1928 2063 1945 2083 ι.

1572 2219 1609 2253 V.

1220 2307 1387 2341 Damnatio
1409 2311 1502 2337 sectae
1523 2303 1576 2336 sub
1590 2302 1710 2335 nomine
1734 2300 1863 2334 Ordinis
1885 2300 1969 2342 Apo-

1267 2356 1428 2392 stolorum,
1459 2354 1543 2387 nulla
1565 2352 1670 2385 habita
1706 2350 1792 2383 Sedis
1835 2350 1967 2393 Aposto-

1271 2407 1345 2440 dicae
1368 2405 1502 2441 licentia,
1532 2410 1637 2435 temere
1670 2401 1867 2433 introductae.

1501 2485 1712 2517 SUMMARIUM

1223 2558 1380 2597 Gregorius
1411 2557 1432 2586 X
1456 2555 1545 2586 vetuit
1563 2563 1652 2585 novas
1676 2552 1788 2584 institui
1812 2551 1970 2590 religiones

1265 2604 1307 2641 (in
1328 2614 1351 2632 c.
1372 2603 1384 2632 ’1
1409 2601 1446 2632 De
1470 2600 1556 2638 Relz‘y.
1576 2600 1647 2635 don.⁷
1667 2599 1692 2634 1,
1712 2607 1738 2627 n.
1757 2596 1849 2635 6).-
1864 2595 1970 2631 ’1.Ουί-

1265 2649 1328 2678 dam
1350 2652 1444 2676 tamen
1458 2645 1628 2684 religionem
1648 2642 1702 2673 sub
1719 2642 1836 2671 nomine
1852 2639 1970 2670 Ordinis

1958 256 2006 282 An.
2026 255 2053 282 Cv
2071 255 2136 282 ¹285

1975 574 2122 595 Monastenum

1958 606 2077 626 immediate
2091 604 2142 624 suh-

1958 637 2034 657 tectum
2049 635 2097 656 Sedi
2114 636 2142 656 Α-

1959 668 2083 695 postoltcae⁴

2001 1222 2117 1244 clausulae.
