2274 3265
232 320 281 346 'An-
304 320 332 345 C.
349 319 413 345 1573

268 1757 397 1779 erooemtun.

253 2156 382 2182 Regularium
391 2157 426 2175 Ur-

246 2189 314 2207 dinum
362 2192 427 2206 ent-o*

477 303 545 337 56⁶2

758 365 840 400 ΧΙΙΙ.

428 451 602 484 Det-larario
629 457 653 481 et
682 449 826 481 limitatio
859 445 1050 479 auctoritatis
1077 451 1101 476 et
1123 444 1175 485 fa-

476 501 623 533 cttlttttum
649 498 817 531 cardinalis
837 508 893 540 pro
916 503 1045 537 tempore
1075 498 1176 536 prote-

475 550 564 582 ctoris
585 549 717 591 fratrum
744 547 871 580 Ordinis
890 545 1046 577 Mowrum
1067 541 1179 575 Sancti

479 599 635 632 Franci'sci
659 599 720 639 (1)¹

708 672 919 704 StlttMAtttUttt

431 752 619 782 l'rooemiuin.
643 767 680 772 -—
708 751 729 779 l.
754 747 942 786 Regularium
968 745 1108 774 Ordinum
1129 752 1178 770 en-

469 797 608 829 comium„
630 812 666 816 —
693 794 720 822 ⁹2.
740 792 772 821 Et
800 791 956 830 praecipue
984 787 1101 817 Ordinis
1123 786 1176 816 Mi-

469 850 583 870 norum.
614 856 652 860 —
683 839 708 867 3.
733 837 761 865 lu
785 837 847 874 ipsa
871 833 969 871 regula
1005 832 1179 866 mandatur,

471 891 500 915 ut
523 886 625 913 fratres
649 883 774 919 aliquem
796 880 823 909 S.
842 879 872 908 ll.
890 878 918 906 Ε.
945 876 1125 905 cardinalem
1151 875 1178 903 in

470 933 662 968 protectorem
683 925 800 954 (lrdiuis
821 928 927 962 petant.
948 939 984 942 —
1004 920 1054 949 llic
1067 918 1144 948 Ordo
1165 929 1178 947 a

471 973 551 1002 Rom.
583 971 712 1000 Ecclesia
745 976 862 1006 semper
893 966 1059 995 cardinales
1084 970 1180 1002 prote,-

469 1022 564 1045 clores
587 1014 722 1043 obtinuit.
742 1030 779 1034 —
797 1014 824 1041 lt.
849 1011 885 1039 lis
907 1019 973 1039 vero
993 1018 1075 1038 suam
1101 1013 1180 1047 pote-

470 1065 572 1089 statem
598 1059 720 1088 nimium
745 1054 977 1088 extendentibus,
1003 1070 1041 1073 —
1070 1053 1097 1081 5.
1131 1052 1179 1080 ln-

471 1105 623 1134 terdicitur
644 1103 805 1142 quidquam
830 1101 985 1129 immutare
1006 1098 1040 1127 de
1064 1097 1180 1126 statutis

470 1151 497 1178 in
530 1147 666 1187 capitulis
690 1145 896 1184 generalibus,
929 1141 1181 1182 provincialibus,

469 1198 518 1222 etc:
540 1209 578 1214 —
600 1192 626 1221 6.
645 1191 790 1220 Officiales
814 1189 931 1218 Ordinis
951 1188 1105 1216 instituere
1130 1191 1180 1215 aut

473 1238 631 1277 deponere:
658 1253 696 1257 -
709 1236 734 1264 7.
745 1236 927 1272 Quemquam
943 1232 977 1261 ad
992 1232 1114 1269 gradum
1133 1236 1182 1259 aut

473 1282 613 1311 lecturam
628 1288 807 1319 promovere,
820 1283 846 1306 et
860 1281 1022 1315 promotum
1036 1284 1181 1304 revocare:

472 1342 509 1348 —
532 1326 560 1354 8.
572 1325 609 1354 [le
631 1325 694 1353 loco
720 1332 844 1352 movere:
863 1338 901 1342 —
916 1319 1183 1356 9,10,1’1,12.[)θ-

473 1371 640 1408 linquentes
668 1369 770 1407 puiiire
785 1367 825 1395 vel
845 1366 1005 1399 absolvere,
1020 1369 1069 1393 ete.
1087 1364 1181 1393 -t3.

473 1414 532 1448 Qua
558 1413 695 1452 puniendi
720 1421 810 1450 poena
842 1411 944 1439 l'ratres
964 1410 1123 1447 quidquam
1149 1418 1182 1436 ex

473 1459 569 1487 allatis
592 1468 605 1487 a
631 1456 844 1496 protectoribus
867 1455 1043 1483 obtinentes.
1074 1470 1112 1474 —
1138 1452 1182 1481 tt.

474 1502 645 1532 Adltortatio
668 1502 702 1530 ad
727 1502 806 1540 ipsos
832 1503 1019 1539 protectores

479 1578 622 1614 Gregorius
642 1578 782 1612 episcopus
804 1582 901 1604 servus
918 1581 1057 1603 servorum
1075 1573 1138 1605 Dei.

569 1629 602 1656 ad
630 1628 790 1663 perpetuam
823 1626 863 1653 rei
882 1625 1049 1653 memoriam.

485 1702 623 1736 Cunctos
646 1699 762 1733 Christi
799 1697 906 1731 fideles
940 1709 1037 1742 snper
1070 1695 1186 1743 quibus

438 1764 544 1787 curam
567 1764 603 1784 ex
626 1750 732 1783 debito
756 1748 848 1781 ollicii
876 1747 998 1781 Summi
1023 1746 1186 1780 l'ontilicis

438 1814 544 1848 gerere
559 1800 746 1845 obligamur,
764 1810 816 1843 per
831 1797 1046 1843 praesidentes
1067 1794 1185 1829 eisdem

438 1853 483 1885 sic
505 1850 661 1885 caritative
684 1849 790 1894 sicque
817 1847 944 1893 provide
966 1858 1001 1880 ac
1025 1846 1105 1879 iuste
1128 1858 1186 1879 cu-

440 1902 541 1947 pimus
562 1899 741 1945 gubernari,
756 1897 838 1944 quod
860 1897 900 1930 illi
918 1898 946 1929 in
966 1896 1043 1929 riam
1064 1895 1188 1929 inauda-

439 1962 539 1985 torum
556 1948 680 1983 Domini
707 1948 899 1992 dirigantur,
925 1956 953 1979 et
971 1946 999 1978 lii
1017 1958 1051 1979 ex
1072 1946 1184 1979 merito

441 1998 631 2046 praesidialis
642 1996 863 2031 solicitudinis.
888 1996 1015 2029 uberius
1033 2007 1189 2042 supernae

441 2048 700 2083 renumerationis
724 2046 895 2093 praemium
921 2046 1151 2079 nanciscantur.

489 2103 503 2142 ἕ
533 2101 562 2131 1.
585 2098 646 2131 Sed
673 2109 728 2130 nos
752 2096 899 2129 nimirum
921 2097 950 2128 iu
979 2094 1037 2127 illis
1064 2095 1189 2128 deside—

443 2161 547 2182 ramus
574 2147 732 2180 ardentius
772 2155 798 2178 ct
835 2144 1043 2178 affectuosiori
1085 2144 1190 2177 studio

444 2209 659 2244 procuramus,
681 2208 814 2242 quornm
838 2195 888 2228 alii
913 2207 927 2227 a
953 2194 1119 2227 niuudanis
1141 2194 1191 2227 ab·

442 2248 559 2282 stracti.
594 2255 623 2280 et
662 2244 806 2291 gravibus
836 2245 1037 2290 poenitentiis
1073 2243 1190 2285 dediti7

441 2296 627 2330 caelestibus
643 2294 774 2332 inhiant,
793 2302 819 2327 et
844 2294 880 2327 ad
906 2294 953 2327 illa
979 2306 1032 2340 per
1048 2301 1191 2326 contem-

444 2351 717 2396 plationispennas
733 2349 857 2382 suavius
874 2356 900 2381 et
924 2348 1014 2381 altius
1032 2347 1192 2380 elevantur

445 2413 475 2437 ut
499 2404 633 2450 aquilae,
663 2412 691 2436 et
728 2416 798 2436 cum
837 2402 930 2435 Maria
968 2410 1052 2448 parte
1076 2402 1191 2446 optima

446 2459 665 2505 perfruuntur;
698 2456 748 2490 alii
783 2469 853 2489 vero
884 2464 1021 2490 sanctam
1052 2456 1193 2489 solicitu-

445 2514 548 2546 dinem
574 2512 710 2546 Marthae
733 2519 900 2551 sectantes„
925 2509 1124 2543 celebrationi
1143 2509 1194 2541 di·-

482 2584 520 2616 (l)
540 2582 655 2608 Aliorum
673 2582 802 2608 Ordinnm
831 2585 993 2615 protectores
1019 2579 1131 2605 maiores
1157 2579 1195 2604 bis

447 2623 581 2648 facultates
598 2630 647 2648 nou
666 2622 769 2647 liabent.
789 2622 840 2647 Has
859 2630 920 2654 ergo
938 2628 1035 2655 ponere
1050 2620 1113 2645 satis
1139 2627 1196 2645 esse

447 2663 589 2688 arbitratus
609 2670 677 2693 sum,
696 2665 724 2687 ut
740 2665 849 2687 caeteris
867 2660 1038 2693 Regularibus
1065 2659 1122 2684 usui
1139 2666 1196 2684 esse

449 2703 558 2735 possint.
581 2702 723 2727 Cherubin.

1017 306 1200 329 unt„t,Atttuttt

1229 301 1389 326 ttoMlthtM
1988 293 2036 318 Λῐι.
2056 291 2083 315 (ἶ.
2103 291 2168 317 ¹575

1218 360 1358 393 vinorum
1388 363 1497 390 vacant
1518 354 1681 394 solertius,
1711 354 1760 387 alii
1783 353 1907 387 discunt
1941 361 1970 387 et

1217 409 1327 442 docent
1352 405 1408 439 Dei
1432 404 1609 443 scientiam,
1638 402 1740 437 etalii
1772 401 1893 447 plebem
1923 403 1971 436 in-

1218 463 1345 491 struunt
1382 455 1410 488 in
1460 453 1583 495 eadem,
1615 452 1730 499 aliique
1777 450 1972 486 ferventioris

1217 506 1348 552 spiritus
1376 502 1487 538 ardore
1530 501 1686 542 succensi,
1724 513 1784 534 non
1814 500 1972 538 timentes,

1218 555 1272 589 sed
1289 562 1431 588 amantes
1447 551 1595 586 barbaras
1612 551 1765 589 nationes,
1789 549 1825 583 ad
1851 549 1972 584 illarum

1219 603 1457 638 couversionem
1489 608 1623 647 pergunt
1651 598 1820 647 intrepidi,
1852 606 1884 632 ut
1915 611 1975 633 va—

1220 653 1303 687 leant
1328 651 1366 686 ad
1390 650 1579 685 dominicam
1603 662 1706 684 aream
1731 648 1846 683 multos
1865 647 1974 682 afferre

1221 702 1409 748 manipulos,
1436 709 1465 734 et
1489 699 1527 734 de
1552 699 1677 734 talentis
1704 699 1751 733 eis
1771 697 1899 732 creditis
1915 697 1973 732 bo-

1221 764 1291 786 nam
1316 751 1454 785 Domiuo
1484 749 1613 783 reddere
1641 749 1805 783 rationem.

1270 806 1285 844 ξ
1306 802 1338 834 2.
1363 799 1402 834 Hi
1430 799 1567 846 profecto
1590 808 1662 833 sunt
1688 798 1796 832 fratres
1817 796 1974 830 Minorum
2005 800 2039 836 Εἰ,
2059 802 2174 850 praesume

1220 850 1349 885 Ordinis
1393 850 1421 883 in
1464 848 1520 883 Dei
1566 848 1707 882 Ecclesia
1750 846 1976 893 multiplicibus
1990 833 2075 887 asiis*
2107 831 2176 852 *¹¹⁰⁰*

1221 899 1448 946 splendoribus
1484 898 1662 937 radiantes,
1704 909 1839 944 quorum
1881 908 1977 930 sonus

1223 949 1459 995 praedicationis
1475 957 1504 982 et
1517 948 1690 982 sanctitatis
1705 958 1810 993 opera,
1825 958 1898 993 prae
1911 957 1978 980 cae-

1223 999 1296 1033 teris
1326 998 1513 1044 religionum
1549 996 1793 1044 professoribus,
1818 1008 1916 1042 usque
1940 996 1976 1030 ad

1222 1057 1395 1083 extremuni
1437 1056 1537 1080 terrae
1572 1047 1714 1081 noscitur
1750 1045 1894 1083 exivisse.
1939 1045 1977 1080 Hi

1223 1106 1308 1142 sunt,
1335 1110 1415 1144 quos
1439 1097 1524 1130 Deus
1542 1108 1674 1130 numero
1703 1094 1922 1142 multiplicavit
1949 1103 1979 1128 et

1225 1148 1354 1191 meritis⁷
1377 1146 1555 1193 quilmsqne
1572 1147 1651 1180 sicut
1667 1155 1695 1179 et
1718 1145 1786 1179 aliis
1802 1144 1881 1178 bene
1904 1157 1978 1178 cur-

1225 1197 1366 1232 rentibus
1409 1197 1437 1230 in
1488 1196 1589 1230 stadio
1617 1195 1783 1229 militantis
1816 1193 1977 1228 Ecclesiae

1224 1256 1387 1281 aeternum
1429 1245 1599 1288 bravium,
1627 1245 1711 1292 quod
1741 1244 1879 1278 certatim
1916 1256 1976 1291 ap-

1226 1296 1422 1344 prehendere
1460 1303 1625 1341 satagunt,
1657 1294 1816 1340 elargitur.
1851 1292 1888 1327 Et
1912 1305 1978 1338 pro·

1226 1355 1328 1392 pterea
1353 1358 1409 1379 nos
1437 1345 1475 1379 de
1499 1345 1575 1391 ipsis
1603 1343 1697 1390 digne
1716 1355 1824 1377 curam
1856 1343 1977 1388 vigilem

1224 1397 1376 1442 gerimus,
1399 1403 1432 1429 ut
1456 1407 1511 1429 eos
1539 1396 1567 1427 in
1604 1393 1652 1428 his
1674 1394 1790 1428 sanctis
1832 1391 1980 1438 operibus

1226 1446 1266 1480 nil
1291 1445 1452 1492 impediat,
1489 1444 1530 1478 nil
1555 1443 1726 1490 perturbet,
1756 1441 1810 1476 sed
1840 1442 1898 1488 ipsi
1922 1454 1981 1489 op-

1226 1505 1358 1542 portuna
1382 1495 1496 1541 quietis
1515 1493 1682 1527 dulcedine
1706 1493 1875 1539 potiantur,

1273 1550 1288 1588 ᾗ
1309 1548 1340 1579 3.
1364 1543 1447 1578 Sane
1469 1556 1539 1577 cum
1573 1543 1602 1577 in
1638 1542 1723 1576 Beati
1748 1541 1907 1576 Francisci
1929 1552 1981 1575 re-
2009 1550 2030 1570 tn
2047 1551 2092 1576 ips„
2107 1549 2179 1575 regula

1226 1595 1309 1641 gula,
1333 1594 1424 1629 cuius
1447 1594 1540 1627 iidem
1569 1592 1678 1626 fratres
1704 1592 1842 1626 existunt
1860 1618 1867 1631 ‚
1905 1583 2117 1624 baec'¹¹³¹¹‘¹³'¹¹¹’
2157 1583 2178 1600 ¹¹²

1995 1613 2072 1633 tratres
2087 1613 2113 1632 alt
2131 1618 2177 1632 uem

1228 1645 1318 1679 verba
1354 1644 1576 1678 contineantur
1620 1653 1784 1688 expresse,
1819 1639 1979 1674 videlicet:
1996 1644 2016 1664 S·
2033 1644 2054 1664 R·
2071 1643 2092 1664 E·
2109 1619 2180 1663 virdi-

1227 1694 1287 1729 Per
1302 1694 1511 1729 obedientiam
1534 1692 1570 1726 ad
1586 1692 1662 1726 haec
1677 1691 1808 1737 iniungo
1831 1690 1983 1724 ministris
1997 1675 2181 1727 .”51¹-{‘i'.¹21¹n'¹di‘ii3

1228 1753 1259 1778 ut
1284 1752 1386 1792 petant
1410 1755 1425 1777 a
1448 1742 1577 1777 domino
1606 1741 1687 1788 Papa
1710 1752 1809 1775 unum
1843 1740 1881 1774 de
1909 1752 1982 1774 san·
1998 1741 2029 1759 '¹¹⁵
2046 1741 2124 1765 ‘'⁰¹³¹'‘-

1227 1804 1295 1829 ‹ztae
1318 1793 1477 1828 Ecclesiae
1493 1791 1715 1830 cardinalibus,
1735 1791 1789 1837 qui
1807 1790 1847 1824 sit
1868 1790 1984 1836 guber-

1230 1852 1342 1888 uator,
1377 1851 1533 1890 protector
1555 1850 1584 1875 et
1618 1850 1777 1875 corrector
1803 1841 1894 1874 istius
1920 1839 1982 1874 fra—

1230 1894 1395 1934 ternitatis,
1428 1901 1458 1927 ut
1491 1903 1617 1937 semper
1643 1890 1760 1925 subditi
1790 1898 1819 1924 et
1853 1888 1983 1924 subiecti

1232 1943 1366 1990 pedibus
1398 1943 1537 1978 eiusdem
1567 1941 1700 1975 Sanctae
1728 1939 1889 1974 Romanae
1923 1938 1985 1973 Ec-

1229 1993 1353 2034 clesiae,
1375 1992 1501 2027 stabiles
1524 1992 1554 2025 in
1584 1990 1644 2024 lide
1659 1989 1823 2029 catholica,
1847 2001 1984 2036 pauper-

1232 2051 1324 2077 tatem
1348 2053 1377 2077 et
1403 2041 1612 2076 luunilitatem
1652 2051 1681 2074 et
1709 2048 1851 2074 sanetum
1878 2038 1984 2073 Evan-
2014 2045 2050 2065 tim
2079 2045 2136 2066 onn
2166 2049 2185 2080 ‘a

1231 2093 1349 2137 gelium
1381 2091 1507 2126 Domini
1533 2090 1628 2125 nostri
1654 2090 1723 2124 lesu
1747 2089 1884 2133 Christi,
1900 2088 1984 2135 quod
2000 2076 2185 2134 2³2³,sspUEchssJiff

1234 2143 1362 2176 liriniter
1385 2141 1587 2189 promisimus
1603 2168 1612 2184 7
1648 2140 1862 2174 observemus.
1886 2138 1983 2173 Iidem
2002 2140 2185 2191 24†2·'j)h}·i¹;2ffi⁰¹⁰·

1234 2196 1342 2231 fratres
1364 2197 1535 2230 existentes
1559 2207 1614 2241 pro
1627 2202 1779 2240 tempore,
1808 2193 1987 2227 huiusmodi
2146 2187 2148 2189 ’

1234 2260 1426 2297 protectores
1443 2251 1542 2285 dictae
1566 2248 1727 2283 Romanae
1744 2248 1904 2282 Ecclesiae
1926 2260 1990 2281 car-

1233 2305 1354 2340 dinales
1376 2305 1566 2340 successivis
1598 2303 1796 2350 temporibus
1832 2303 1988 2350 petierunt

1234 2372 1248 2393 a
1276 2359 1359 2394 Sede
1379 2360 1570 2407 Apostolicm
1598 2367 1627 2392 et
1649 2358 1741 2392 etiam
1763 2357 1948 2391 babuerunt.

1283 2414 1303 2460 g
1324 2417 1356 2448 4.
1385 2414 1446 2449 Sed
1460 2415 1555 2461 aliqui
1572 2412 1758 2448 eorumdem
1776 2420 1986 2459 protectorum
2015 2417 2042 2438 ¹¹>
2058 2424 2108 2438 vero
2128 2422 2185 2437 suum

1237 2477 1380 2514 putantes
1409 2469 1510 2509 forte,
1546 2469 1625 2502 bene
1647 2476 1677 2501 et
1710 2467 1811 2510 licite,
1844 2478 1859 2500 a
1893 2466 1986 2500 certis
2003 2452 2189 2502 lfilfii‘ssssssss'ldffifi

1237 2523 1430 2569 temporibus
1444 2525 1531 2562 citra,
1546 2534 1634 2556 suam
1652 2529 1836 2568 potestatem
1855 2520 1986 2555 nimium
2004 2510 2108 2533 ‘¹⁰''¹³¹'¹¹⁵*

1236 2578 1414 2611 extendisse
1438 2577 1590 2611 dicuntur
1620 2577 1648 2609 in
1679 2575 1832 2622 pluribus,
1860 2587 1898 2608 ex
1922 2575 1988 2622 qui-

1238 2630 1296 2663 bus
1324 2631 1352 2664 in
1382 2632 1449 2678 ipso
1471 2631 1592 2664 Ordine
1612 2631 1715 2675 gravia
1737 2629 1988 2676 perturbationes

1238 2694 1266 2718 et
1293 2685 1438 2719 scandala
1457 2693 1529 2719 sunt
1552 2693 1667 2719 exorta.
