2274 3265
249 274 298 300 An.
316 276 344 301 C.
362 274 428 302 ¹283

260 2223 316 2249 Quae

348 2224 429 2250 quidem

248 2260 350 2274 venturae
389 2260 429 2275 non

247 2290 307 2306 eraut
333 2286 430 2306 relsnn—

248 2319 285 2337 da·
297 2317 338 2337 niul
347 2319 366 2337 in
378 2324 431 2337 mor-

250 2353 274 2368 l..

291 2349 390 2368 articulo:

493 265 536 297 64

444 330 488 363 eis
510 340 565 375 pro
589 328 799 375 peremptorio
822 328 955 362 termino
978 327 1125 363 duximus
1144 341 1186 363 asv

444 377 644 425 signandum,
672 377 832 412 humiliter
855 377 891 412 ad
921 387 1034 419 nostra,
1062 386 1092 412 et
1128 378 1187 412 Ec-

443 427 556 462 clesiae
583 426 726 461 mandata
751 427 891 462 redirent
916 427 1032 462 nostris
1050 427 1188 474 praecise

445 477 646 523 beneplacitis
670 477 812 523 parituri,
839 485 868 511 et
890 485 951 511 tam
977 477 1066 512 nobis
1089 485 1119 511 et
1143 478 1188 511 ci-

443 527 515 561 ‹lem
540 526 711 570 Ecclesiae,
733 539 824 574 quam
858 526 994 574 praefato
1030 527 1093 573 regi
1127 526 1188 561 Ca-

443 576 509 612 rolo
536 576 575 611 de
591 577 788 611 contumacia
805 585 834 611 et
849 584 1044 623 contemptu,
1066 577 1188 610 damnis

442 635 471 661 et
499 626 621 661 iniuriis
643 628 794 673 omnique
817 627 967 660 interesse
1003 625 1188 660 satisfictio-

442 689 513 711 nem
538 676 709 723 plenariam
725 676 914 723 competenti
935 685 1089 722 temporgt
1104 675 1186 722 quod

442 727 486 761 tis
507 726 544 761 ad
568 726 626 761 hoc
650 727 887 774 praefixerimus
921 726 1106 780 impensor-,i
1150 737 1185 759 ex

442 786 515 812 tnnc
537 788 687 824 personas
705 788 828 815 eorum
843 775 918 810 citra
947 775 1057 809 mortis
1079 783 1108 808 et
1125 787 1187 808 inn-

441 826 591 861 tilationis
614 826 799 873 periculum
826 833 855 859 et
883 825 962 858 bona
990 824 1093 858 omnia
1119 836 1187 857 nio-

442 876 514 910 bilia
541 875 747 923 exposuimus
773 887 789 909 a
816 873 1012 921 quibuslibet
1042 872 1188 907 fidelibus

442 925 538 960 libere
560 924 755 971 occupanda,
799 923 946 970 ipsosque
985 922 1098 966 feudis,
1131 921 1187 956 bo-

441 976 489 1009 nis
516 982 546 1009 et
568 974 689 1008 iuribus
716 972 874 1011 omnibus
897 984 976 1018 quae
1004 971 1042 1005 ab
1077 971 1186 1006 eadem

440 1024 594 1068 Romana,
617 1023 664 1057 vel
686 1023 754 1057 aliis
776 1021 1030 1069 quibuscumque
1046 1028 1188 1055 tenerent

440 1073 602 1112 Ecclesiis,
627 1072 808 1120 privilegiis,
832 1070 1037 1117 indulgentiis
1059 1079 1089 1105 et
1117 1082 1184 1116 gra—

441 1123 490 1156 tiis
523 1122 715 1170 quibuslibet
763 1121 839 1168 ipsis
861 1120 899 1155 ab
941 1121 1049 1154 eadem
1093 1120 1186 1159 Sede,

440 1172 500 1206 sub
518 1172 628 1219 quavis
647 1171 810 1206 verborum
827 1170 925 1205 forma
939 1170 1099 1204 concessis
1116 1182 1188 1216 apo-

440 1221 549 1256 stolica
571 1221 754 1256 auctoritate
788 1220 1002 1267 privavimus,
1040 1219 1187 1254 vassallos

440 1284 549 1306 eorum
577 1284 594 1306 a
617 1271 793 1306 iuramento
816 1269 985 1313 fidelitatis,
1021 1282 1084 1316 quo
1124 1269 1187 1303 for-

439 1333 494 1355 san
522 1329 705 1356 tenerentur
726 1319 849 1355 eisdem
873 1320 999 1366 penitus
1021 1319 1187 1353 absolven—

441 1379 497 1405 tes.
522 1370 687 1405 praedicto
698 1377 801 1404 autem
818 1369 922 1416 elapso
939 1369 1072 1403 termino
1091 1380 1188 1415 quan-

440 1420 618 1467 documque
653 1419 745 1454 nobis
769 1418 924 1453 videretur
958 1418 1129 1466 expediens
1150 1417 1186 1452 ad

441 1470 626 1516 privandum
669 1468 816 1505 eumdem
848 1480 951 1515 regem
993 1469 1187 1514 Aragonnm,

442 1520 539 1566 ipsius
562 1520 655 1554 etiam
675 1518 814 1554 absentia
839 1531 899 1553 non
923 1518 1077 1557 obstante,
1099 1529 1188 1564 prae-

440 1569 503 1604 fato
526 1581 621 1616 regno
647 1568 838 1615 Aragoniae,
861 1567 1076 1614 omnibusque
1120 1567 1188 1601 aliis

441 1619 533 1654 terris
554 1619 632 1660 suis,
654 1631 710 1654 seu
733 1617 771 1653 ad
796 1618 862 1665 ipsa
885 1629 1016 1663 regnum
1040 1626 1070 1650 et
1091 1624 1187 1650 terras

441 1668 586 1704 similiter
612 1668 808 1716 exponenda,
832 1667 933 1714 quoad
975 1679 1104 1713 iegnum
1139 1667 1187 1713 ip-

441 1731 523 1755 sum
547 1727 709 1765 terrasque
733 1717 906 1764 praedictas
927 1729 1052 1772 semper
1083 1724 1188 1750 nostro

442 1778 473 1804 et
494 1758 636 1804 eiusdem
654 1768 814 1803 Romanae
829 1767 1013 1802 Ecclesiae
1008 1779 1073 1801 mie
1093 1766 1187 1800 silio.

442 1819 480 1854 Et
503 1818 710 1854 nihilominus
735 1826 842 1852 contra
866 1830 937 1851 enni
962 1829 1018 1864 pro
1040 1816 1189 1864 qualitate

443 1869 624 1909 criminum,
658 1867 793 1915 quibus
834 1875 867 1901 ut
903 1873 1095 1913 praetactum
1131 1874 1189 1905 est,

443 1919 547 1966 ipsum
584 1917 794 1966 praetendunt
824 1916 1008 1957 obnoxium
1036 1924 1188 1963 qnantum

443 1976 584 2003 nostrum
608 1967 745 2002 officium
770 1974 941 2014 pateretur,
969 1965 1038 2000 facti
1070 1978 1190 2011 sugge—

443 2026 523 2053 r·e1et
565 2018 710 2065 qualitas,
747 2017 898 2063 nobisque
934 2015 1001 2050 fore
1034 2015 1191 2049 videretur

442 2067 632 2115 expediens,
654 2076 757 2102 actore
779 2066 916 2101 Domino
944 2065 1112 2113 procedere
1134 2077 1191 2100 cu-

443 2130 456 2152 r
459 2130 595 2152 nemus

491 2167 511 2214 g
540 2170 594 2201 14.
623 2166 815 2201 praemissas
842 2178 914 2200 xero
941 2164 1192 2199 excommunica-

443 2217 537 2251 tionis
551 2216 721 2251 sententias
741 2215 961 2262 prohibuimus
982 2214 1099 2269 absque
1122 2227 1192 2259 spe-

444 2266 513 2302 ciali
528 2266 727 2322 Apostolicae
741 2265 833 2300 Sedis
849 2264 995 2299 mandato
1015 2277 1072 2298 ηι5ι
1089 2264 1191 2298 f·oisan

445 2317 474 2351 in
499 2317 607 2351 mortis
627 2315 758 2350 articulo
781 2315 928 2358 relaxari,
950 2327 1014 2361 quo
1036 2326 1108 2348 casu
1135 2313 1191 2347 nisi

444 2367 653 2402 absolutionis
685 2365 872 2400 beneficium
902 2342 1080 2399 obtinentes
1114 2363 1191 2397 infra

445 2425 508 2451 tres
526 2428 652 2452 menses
675 2425 840 2463 postquam
864 2415 966 2449 forent
992 2414 1113 2449 sanitati
1134 2414 1194 2460 pri-

445 2468 543 2502 stinae
560 2467 705 2506 restituti,
728 2466 766 2500 de
788 2466 857 2500 loco
880 2463 1045 2499 interdicto
1073 2476 1193 2510 suppo-

445 2518 516 2560 sito,
531 2517 556 2551 si
573 2516 712 2552 fortassis
731 2516 903 2551 existerent
931 2514 1021 2560 inibi,
1042 2514 1192 2548 receden-

447 2577 503 2610 tes,
537 2567 709 2613 apostolico
736 2578 769 2601 se
789 2565 971 2612 conspectui
993 2572 1192 2613 praesentare

447 2625 608 2661 curarent,
641 2616 829 2651 satisfacturi
852 2616 890 2651 de
909 2615 975 2650 suis
994 2613 1192 2655 excessibus,

447 2677 502 2712 pro
524 2666 640 2712 quibus
662 2666 857 2701 incurrerent
886 2666 1056 2701 sententias
1079 2677 1193 2711 supra—

1017 274 1116 296 ΒΗΜΛ
1122 274 1202 296 ultim
1232 274 1391 297 ttOMANtiM

1229 328 1340 374 dictas,
1362 337 1391 362 et
1420 328 1514 363 Sedis
1536 327 1678 362 eiusdem
1703 327 1905 374 beneplacitis
1921 341 1977 376 pa-

1230 379 1317 413 rituri
1345 377 1558 413 relaberentur
1594 378 1623 410 in
1660 379 1830 412 sententias
1861 377 1978 413 similes

1229 440 1265 463 eo
1289 429 1367 475 ipso,
1395 427 1494 462 dictas
1517 439 1643 474 qnoque
1671 427 1843 462 sententias
1865 428 1908 462 sic
1931 428 1979 462 lir-

1231 478 1321 511 miter
1343 486 1373 512 et
1396 477 1616 511 inviolabiliter
1640 476 1785 511 volumus
1807 476 1979 522 observari,

1229 527 1312 574 quod
1353 526 1534 561 absolvendi
1574 526 1613 561 ab
1651 527 1696 561 cis
1735 526 1779 561 vel
1821 526 1978 561 relaxandi

1229 576 1353 611 easdem
1389 577 1446 611 nisi
1472 577 1548 611 forte
1576 577 1605 610 in
1642 576 1749 611 mortis
1776 575 1919 617 articulo,
1948 585 1980 611 ut

1230 634 1276 660 cst
1302 626 1433 666 dictum,
1458 634 1517 661 tam
1554 626 1703 661 omnibus
1733 625 1980 672 poenitentiariis

1231 676 1355 716 nostris,
1380 689 1473 722 quam
1496 676 1565 710 aliis
1586 675 1779 723 quibuslibet
1813 675 1981 710 consesso—

1230 725 1317 759 ribus
1352 726 1418 759 sive
1456 725 1655 771 generalibus
1688 726 1754 760 sive
1789 725 1981 773 specialibus

1229 786 1282 808 seu
1301 774 1505 809 familiaribus
1528 787 1802 822 quarumcumque
1821 776 1866 810 vel
1884 787 1980 822 quan·

1231 831 1437 870 tumcumque
1460 824 1643 859 sublimium
1671 837 1876 872 personarum
1907 824 1980 859 ubi-

1231 872 1306 907 libet
1328 874 1568 908 consistentium
1588 874 1765 909 ademimus
1782 882 1980 921 potestatem,

1229 922 1348 956 etiamsi
1377 935 1392 956 a
1418 922 1508 957 nobis
1537 922 1583 957 vel
1616 923 1722 970 aliquo
1750 924 1981 971 praedecesso-

1230 984 1299 1006 rum
1337 980 1514 1006 nostrornm
1547 972 1607 1007 sub
1634 984 1834 1020 quacumque
1869 973 1979 1008 verbo—

1230 1034 1299 1055 rum
1328 1021 1424 1056 forma
1447 1021 1626 1067 generalem
1651 1021 1697 1056 vel
1726 1022 1891 1068 specialem
1928 1030 1980 1057 aut

1230 1070 1358 1105 liberam
1392 1070 1572 1105 absolvendi
1611 1070 1746 1118 aliquem
1776 1071 1821 1106 vel
1857 1071 1979 1119 aliquos

1229 1134 1242 1153 :i
1278 1121 1443 1155 sententiis
1480 1120 1618 1155 bominis
1653 1120 1702 1155 vel
1737 1122 1888 1165 canonis,
1923 1134 1978 1156 seu

1228 1169 1303 1204 alias
1338 1183 1389 1205 eas
1430 1169 1669 1216 quomodolibet
1703 1170 1861 1204 relaxandi
1894 1170 1979 1205 obti-

1231 1220 1354 1253 nuerint
1374 1220 1563 1254 facultatem.
1588 1219 1620 1254 Si
1644 1219 1696 1266 qui
1724 1228 1828 1254 autem
1862 1219 1980 1266 absque

1229 1269 1356 1315 speciali
1404 1268 1496 1304 Sedis
1532 1269 1719 1324 praelibatae
1762 1268 1909 1304 mandato
1942 1281 1980 1304 ex

1230 1328 1303 1353 tunc
1330 1319 1502 1354 obtinendo
1526 1319 1721 1354 contrarium
1750 1317 1827 1353 forte
1850 1331 1980 1366 praesu-

1230 1377 1362 1409 merent,
1387 1377 1447 1403 tam
1465 1368 1677 1403 absolventem
1692 1381 1706 1402 a
1727 1368 1893 1414 praedictis
1912 1381 1982 1404 sen-

1230 1419 1352 1460 tentiis,
1390 1430 1444 1453 seu
1477 1418 1668 1452 relaxantem
1704 1418 1850 1461 easdem,
1886 1430 1979 1466 quam

1230 1447 1414 1502 huiusmodi
1454 1467 1685 1503 absolutionem
1730 1467 1776 1502 vel
1816 1467 1982 1503 relaxatio-

1231 1530 1301 1552 nem
1337 1518 1562 1564 recipientem,
1591 1517 1620 1552 in
1652 1529 1854 1565 quacumque
1881 1517 1982 1552 forent

1230 1567 1393 1613 dignitate,
1430 1567 1668 1614 praeminentia,
1693 1575 1773 1602 statu
1798 1568 1843 1601 vel
1872 1567 1981 1601 ordine

1230 1618 1404 1661 constituti,
1427 1629 1464 1651 ex
1487 1629 1579 1651 causa
1600 1617 1781 1651 huiusmodi
1804 1628 1983 1651 excommu-

1230 1667 1397 1702 nicationis
1428 1666 1554 1701 vinculo
1587 1667 1735 1701 duximus
1769 1666 1979 1701 innodandos.

1230 1716 1333 1750 Huius
1352 1717 1443 1750 etiam
1461 1717 1681 1751 relaxationem
1705 1717 1878 1751 sententiae
1900 1728 1982 1763 prae-

1231 1766 1309 1800 fatae
1347 1765 1422 1801 Sedi
1457 1767 1603 1801 similiter
1626 1775 1838 1809 reservantes,
1872 1766 1983 1800 mortis

1231 1817 1362 1851 articulo
1385 1817 1547 1851 dumtaxat
1574 1825 1716 1863 excepto.
1746 1815 1783 1849 Et
1805 1824 1890 1856 tunc,
1922 1815 1980 1850 nisi

1231 1866 1363 1901 sanitate
1398 1875 1522 1913 recepta
1557 1865 1634 1900 infra
1666 1865 1816 1912 temporis
1843 1865 1980 1912 spatium

1231 1916 1439 1963 competentis
1463 1917 1544 1949 iuxta
1569 1916 1710 1950 locorum
1738 1915 1915 1950 distantiam
1943 1913 1981 1948 ad

1231 1966 1345 2000 Sedent
1376 1966 1516 1999 venerint
1543 1965 1766 2012 supradictam,
1795 1977 1886 1998 snum
1917 1963 1982 1997 bu—

1232 2016 1347 2050 militer
1369 2016 1558 2061 recognituri
1575 2024 1708 2059 reatum,
1731 2024 1760 2049 et
1782 2013 1874 2049 Sedis
1896 2014 1983 2047 eius-

1232 2065 1302 2100 dem
1327 2064 1531 2112 beneplacitis
1555 2065 1696 2111 paritnri‚
1720 2063 1981 2099 relaberenturin

1233 2115 1404 2149 sententias
1431 2115 1551 2148 similes
1574 2115 1642 2160 ipso
1665 2114 1754 2148 sacto.
1774 2113 1823 2148 Ab
1844 2112 1893 2147 his
1912 2124 1983 2146 vero

1234 2165 1383 2199 mulieres
1403 2164 1431 2198 in
1456 2165 1515 2198 boc
1538 2172 1660 2198 tantum
1688 2163 1789 2210 excipi
1815 2162 1982 2203 voluimus,

1233 2223 1268 2249 ut
1294 2216 1318 2248 si
1351 2214 1453 2248 solum
1488 2214 1623 2260 praestiti
1653 2214 1771 2248 ratione
1805 2212 1918 2247 favoris
1951 2213 1981 2246 in

1235 2263 1414 2298 huiusmodi
1452 2263 1623 2298 sententias
1659 2263 1762 2298 forsan
1796 2262 1982 2301 inciderent,

1235 2322 1362 2361 possent
1391 2326 1445 2360 per
1472 2313 1677 2348 dioecesanos
1703 2326 1778 2348 suos
1808 2313 1891 2346 iuxta
1918 2311 1984 2346 for-

1235 2377 1315 2398 mam
1352 2363 1511 2398 Ecclesiae
1550 2362 1758 2398 absolutionis
1791 2362 1980 2397 beneficium

1234 2413 1386 2448 obtinere.

1285 2463 1386 2505 ἐπὶ
1421 2462 1529 2497 Tantis
1566 2463 1670 2510 itaque
1706 2474 1741 2497 ac
1779 2461 1893 2497 talibus
1928 2473 1983 2509 per

1236 2513 1422 2561 piaemissas
1458 2513 1658 2553 monitiones,
1687 2511 1915 2568 prohibitiones
1953 2519 1983 2545 ct

1236 2575 1407 2610 poenarum
1423 2563 1683 2597 comminationes
1698 2562 1878 2597 memoratis
1891 2561 1982 2596 Petro

1236 2613 1298 2659 regi
1327 2613 1507 2659 Aragonnm
1537 2613 1656 2659 nepoti,
1680 2611 1914 2659 rebellibusque
1939 2612 1983 2646 si-

1234 2662 1325 2702 culis,
1348 2663 1518 2707 ministris,
1545 2661 1771 2709 complicibus,
1799 2661 1983 2697 satellitibus

1994 274 2043 300 An.
2062 274 2089 301 C.
2109 276 2174 302 1283

2000 1225 2087 1245 Statutis
2095 1231 2176 1252 quoqu·

1994 1259 2068 1277 contra
2078 1261 2139 1276 secun
2154 1262 2178 1275 n—

1994 1290 2068 1313 ‘ontes
2091 1287 2177 1313 poenis:

2009 2466 2066 2494 Qun
2111 2467 2181 2487 omniu

1997 2504 2019 2525 sp
2023 2501 2067 2519 ret·
2091 2497 2144 2518 ohlri
2148 2501 2181 2517 ιι-

1997 2534 2036 2556 que
2051 2529 2116 2550 (utne
2131 2534 2181 2549 eon-

1997 2564 2048 2581 sut
