2274 3265
80 271 129 298 Αη.
149 272 177 298 C.
194 273 259 299 1317

104 1327 225 1348 Prooemium

96 2570 183 2592 Laetitia
200 2578 241 2597 spir

83 2604 132 2624 mali
142 2603 220 2624 exultet
228 2603 265 2623 Ec-

84 2633 156 2655 etesia.

785 270 919 293 temnas
943 271 999 292 xxi
1024 259 1130 291 ‹stit-cus
1155 259 1234 300 xxii)
1258 269 1304 290 rr.

314 326 466 364 profitetur
485 331 513 355 ct
532 325 678 355 Ecclesiae
703 325 864 354 Tolosanae
888 324 1024 363 praelici-

317 374 371 400 tur.
403 387 440 392 —
472 371 513 401 10.
541 370 672 407 Regnum
701 374 825 399 recusat.
854 386 892 391 --
919 369 948 397 ll
990 368 1024 396 :nl

317 415 359 444 14.
396 414 542 453 Benignus
582 415 609 443 in
648 423 799 452 pauperes.
835 432 862 434 -r
896 413 936 441 Π».
963 412 1024 440 llu-

315 460 374 488 inili
405 464 482 489 veste
506 464 670 489 contentus.
693 476 729 480 —-
760 458 803 487 tf».
834 458 966 487 Attentos
997 457 1023 485 in

315 504 496 543 episcopatu.
526 521 564 526 —
599 504 640 533 17.
668 502 734 532 cho
757 501 910 540 religionis
934 501 1023 529 fervi-

313 548 378 577 dus.
407 566 445 569 —
482 548 522 578 18.
547 547 595 577 Pie
618 546 747 576 moritur.
769 562 808 567 —
836 546 871 574 10
916 545 950 575 ad
978 545 1024 574 ⁶27.

315 592 451 622 {llil-acula
472 601 522 630 per
544 601 610 620 eum
641 590 716 619 Deus
736 590 825 619 multa
850 589 1023 619 misericor-

313 637 388 666 diter
406 640 551 674 operatur.
580 652 618 657 -
639 635 686 664 ⁹28.
709 634 902 664 Gaudendum
926 634 1023 673 itaque

315 681 343 710 in
366 680 509 710 Ecclesia.
530 697 570 702 —
590 680 637 709 29.
660 678 834 709 Sanctorum
862 678 1022 709 Confessu-

314 735 378 755 rum
399 725 531 763 catalogo
555 723 740 754 adscribitur:
763 741 802 746 —
826 723 872 754 30.
894 723 1024 763 Eiusque

314 779 409 799 annua
440 769 580 798 festivitas
604 769 754 798 indicitur.
785 786 823 791 --
845 769 891 798 31.
920 768 1023 797 ludul—

313 815 408 852 genna
429 813 493 843 eius
517 813 687 852 sepulcrum
708 812 897 843 visitantibus
921 822 1025 853 propo-

314 863 377 888 stta.

272 944 384 972 loannes
402 942 543 978 episcopus
563 949 658 970 servus
675 948 814 970 servorum
840 941 895 974 Dei,
915 948 1024 970 venera·

317 992 416 1021 bilibus
444 991 581 1020 fratribus
598 991 735 1020 universis
754 991 964 1026 archiepiscopis
999 992 1026 1019 et

318 1041 462 1077 episcopis,
499 1047 529 1069 ac
560 1041 670 1068 dilectis
694 1039 848 1072 abhatibus,
878 1040 1024 1075 prioribus,

317 1091 437 1123 decanis,
467 1089 663 1118 archidiaconis
694 1091 722 1117 et
752 1089 814 1117 attis
848 1089 1026 1117 Ecclesiarum

319 1140 482 1172 rectoribus.
501 1146 550 1174 per
570 1139 724 1167 universum
741 1138 831 1166 orbem
851 1138 1024 1171 constitutis,

320 1188 440 1217 salutem
459 1189 488 1216 et
507 1187 686 1223 apostolicam
713 1187 935 1215 benedictionem.

326 1269 380 1304 Sol
410 1269 514 1304 oriens
554 1267 672 1302 mundo
707 1268 736 1302 in
772 1268 932 1302 altissimis
965 1268 1023 1302 Dei

277 1321 364 1356 Deus
390 1318 446 1353 Dei
476 1317 589 1371 Filius,
618 1330 656 1352 ex
679 1326 808 1364 paterno
842 1326 931 1351 utero
954 1327 1025 1352 ante

277 1368 457 1404 Luciferum
484 1367 627 1421 genitus,
664 1366 749 1401 Deus
777 1366 938 1411 Vei-bum,
972 1369 1023 1422 qni

277 1430 377 1454 rerum
415 1417 445 1451 in
483 1416 636 1463 ptiucipio
672 1416 810 1450 {undans
846 1426 958 1451 tetram
995 1430 1024 1451 in

274 1467 450 1515 sapientia,
496 1466 600 1500 coelos
646 1466 810 1512 prudentia
856 1465 1024 1511 stabilivit,

274 1516 457 1554 adornando
484 1515 590 1550 coelos
612 1515 790 1563 sytleiibus,
818 1516 1024 1561 germinanti-

274 1568 335 1602 hus
355 1566 477 1601 cunctis
511 1573 642 1608 terram,
664 1565 782 1619 quique
811 1565 840 1599 iu
861 1565 922 1600 line
951 1574 1026 1600 tem-

276 1629 398 1665 porum,
435 1627 489 1662 pro
518 1614 647 1649 humani
675 1627 798 1660 generis
829 1615 942 1660 salute,
975 1628 1024 1650 no-

274 1676 370 1702 stram
411 1664 606 1699 assumendo
638 1672 800 1703 natutam,
829 1666 905 1699 texit
941 1665 1026 1700 nube

275 1725 399 1752 nostrae
426 1714 530 1749 carnis
551 1713 671 1761 flagitis
693 1715 916 1761 semetipsum·
941 1727 1026 1749 nunc

275 1767 350 1801 hora
378 1772 479 1799 stante
511 1764 703 1808 novissima,
739 1763 948 1800 illuminando
972 1777 1026 1811 per

275 1823 387 1851 cuncta
403 1813 575 1861 respiciens
597 1826 679 1861 opus
698 1813 844 1861 produxit
870 1814 1024 1860 mirabile,

275 1866 404 1901 cari'tate
430 1864 548 1910 gloriae
576 1875 650 1898 suae
684 1864 825 1911 plenum,
855 1864 1023 1900 bonitatem

275 1928 362 1950 suam
392 1922 573 1950 monstrans
601 1915 784 1960 magnifice,
812 1927 1025 1962 sponsamque

275 1978 363 2000 suam
383 1972 522 1999 sanctam
543 1973 673 1999 matrem
694 1964 868 1999 Ecclesiam
889 1965 1025 2000 reddens

277 2015 411 2050 novitate
434 2023 494 2049 tam
517 2014 619 2049 clarae
646 2014 764 2049 sobolis
787 2014 1021 2049 laetabundum.

276 2064 353 2099 Nam
380 2065 441 2107 Qui
481 2064 552 2099 facit
583 2064 734 2099 mirabilia
775 2077 886 2110 magua
919 2065 1024 2106 solus,

276 2114 423 2149 dilectum
465 2127 557 2148 suum
600 2114 814 2149 confessorem
852 2115 1025 2159 eximium,

276 2164 401 2199 beatum
443 2164 588 2198 videlicet
635 2164 855 2203 Ludovicum,
892 2164 1025 2211 puritate

276 2214 466 2254 candidum,
493 2214 621 2248 caritate
649 2214 765 2248 fervida
793 2214 1025 2254 rubicundum,

276 2263 410 2298 electum
433 2276 472 2297 ex
499 2263 650 2306 millibus,
674 2263 819 2311 produxit
843 2264 963 2298 noviter
992 2272 1026 2298 nt

277 2313 439 2359 exemplar
467 2312 695 2359 praefulgidum
732 2313 855 2348 cunctis
878 2314 1026 2349 fidelibus

279 2362 479 2405 imitandum,
502 2362 570 2397 eius
590 2363 669 2397 vitae
684 2363 851 2409 singularis
874 2364 1026 2399 excellen-

278 2414 350 2447 tiam
388 2412 487 2458 signis
511 2412 647 2458 probans
687 2422 718 2448 et
741 2413 903 2459 prodigiis,
936 2426 1026 2448 coru-

277 2462 438 2497 scantibus
466 2461 583 2496 crebris
616 2462 774 2497 miraculis
811 2463 1024 2498 manifestans

327 2518 341 2554 5
367 2514 397 2545 l.
435 2511 532 2557 Igitur
560 2511 713 2546 laetentur
748 2511 824 2546 coeli
854 2521 884 2546 et
909 2513 1025 2548 exultet

246 2578 263 2590 ιἶ
279 2570 381 2601 terra,
423 2560 610 2596 iucundetur
648 2562 762 2607 pariter
797 2569 880 2596 totns
915 2562 1023 2597 orbis:

280 2624 351 2646 nam
373 2611 425 2658 qui
449 2611 564 2645 effulsit
595 2611 624 2644 in
649 2611 776 2658 templo,
800 2611 874 2645 dnm
900 2613 1025 2651 viveret,

280 2661 309 2696 in
338 2660 440 2696 medio
462 2660 594 2695 nebulae
617 2673 691 2695 suae
711 2661 834 2705 carnis,
863 2669 894 2695 ut
918 2670 1026 2696 matu—

1691 259 1759 289 237

1067 324 1130 358 tina
1154 323 1253 362 stella,
1276 336 1311 357 ac
1335 323 1405 358 luna
1430 324 1533 371 plena,
1558 323 1650 358 solari
1675 323 1811 362 lumine,

1068 372 1160 407 veluti
1190 380 1222 406 ut
1244 372 1302 415 sol,
1332 373 1487 419 refulgens
1520 373 1549 407 in
1573 386 1627 407 sua
1656 373 1813 407 formosus

1066 422 1156 463 stola,
1182 422 1211 456 in
1237 422 1346 456 virtute
1369 422 1476 463 inulta,
1498 424 1658 469 repentine
1677 422 1713 457 ad
1729 436 1813 457 sum-

1067 485 1114 506 ina
1137 471 1288 518 graditur,
1313 472 1470 518 regalibus
1490 472 1604 517 dignus
1621 472 1812 518 aspectibus,

1067 530 1098 557 ut
1120 521 1258 556 candens
1299 520 1409 565 lilium,
1443 534 1478 556 ac
1505 521 1610 555 odoris
1636 522 1811 556 suavissimi

1066 584 1134 606 rosa
1157 571 1283 606 rubens
1317 570 1398 606 Ilnic
1420 570 1497 605 coeli
1528 579 1682 616 praestant
1705 571 1812 618 hospi-

1066 622 1157 665 tium,
1180 620 1260 656 coeli
1288 620 1382 661 cives,
1420 627 1453 654 ut
1478 620 1536 654 sibi
1561 620 1754 655 conformem
1783 629 1810 655 et

1064 683 1241 718 comparem
1265 670 1303 704 ad
1326 683 1419 705 suum
1443 669 1528 704 bunc
1550 670 1741 704 consortium
1763 670 1814 704 ad-

1066 721 1193 756 mittunt
1212 720 1241 754 in
1259 720 1429 767 supernis;
1451 719 1598 754 Clu-istus
1617 719 1702 754 bunc
1716 720 1814 754 reiicit

1067 770 1147 805 idem
1150 770 1242 844 c,ipse
1270 769 1435 817 prandium
1464 777 1492 804 et
1524 769 1664 804 conviva.

1114 825 1128 863 g·
1150 822 1184 854 Ξ).
1212 819 1273 854 llic
1295 819 1386 854 foelix
1409 818 1544 853 Sanctus
1565 831 1603 853 ex
1626 818 1720 865 regali
1740 831 1813 865 pro·
1838 836 1849 855 n
1869 835 1944 856 iun

1065 870 1169 917 sapia,
1204 877 1291 916 patre
1326 868 1470 903 videlicet
1507 868 1608 903 clarae
1643 868 1879 903 memoriae¹¹¹

1065 918 1179 954 Carolo
1210 930 1283 965 rege
1305 918 1442 959 Siciliae,
1467 925 1564 952 matre
1586 929 1660 952 vero
1687 918 1814 952 carissi-

1066 982 1112 1002 ma
1142 970 1172 1002 in
1201 968 1327 1003 Christo
1351 968 1412 1002 lilia
1435 977 1537 1003 nostra
1566 967 1662 1002 Maria
1689 967 1815 1002 Siciliae

1067 1018 1185 1065 regina,
1208 1031 1245 1052 ex
1273 1017 1435 1064 Huugaria
1457 1017 1609 1064 originem
1637 1029 1725 1052 suam
1752 1025 1817 1051 tra-

1066 1068 1154 1107 liens,
1178 1067 1273 1102 altuni
1293 1067 1341 1101 sni
1365 1067 1492 1114 generis
1515 1066 1669 1102 recusavit
1691 1079 1815 1114 sapere,

1067 1117 1197 1151 lmmilia
1233 1129 1358 1163 semper
1392 1116 1526 1163 diligens
1553 1125 1583 1151 et
1609 1116 1815 1164 amplectens.

1065 1166 1192 1201 Sciebat
1215 1179 1351 1212 namque
1374 1167 1456 1213 quod
1480 1166 1624 1201 excelsus
1646 1166 1816 1204 Dominus.

1066 1217 1124 1250 alta
1153 1215 1191 1249 de
1222 1215 1396 1262 longinquo
1434 1215 1646 1263 prospicienS,
1688 1215 1817 1250 humilia

1066 1273 1094 1299 et
1124 1264 1219 1299 vicina
1247 1264 1488 1312 contemplatur.
1523 1264 1723 1312 Quamquam
1759 1277 1818 1299 au—

1068 1322 1131 1348 tem
1149 1314 1270 1360 singula
1294 1314 1451 1361 praeclara
1479 1314 1601 1349 lucidae
1624 1315 1720 1359 vitae,
1748 1326 1819 1348 ver-

1066 1363 1114 1398 bis
1142 1364 1252 1410 paucis
1280 1364 1416 1398 enarrari
1444 1376 1504 1398 non
1539 1371 1679 1410 possent,
1714 1364 1817 1410 aliqua

1067 1421 1168 1447 tamen
1188 1413 1227 1448 de
1253 1413 1496 1460 quamplurimis
1524 1413 1560 1447 ad
1586 1413 1750 1448 utilitatem
1774 1414 1818 1447 le-

1065 1462 1206 1508 aetitiam
1229 1463 1413 1503 referemus,
1443 1471 1475 1497 ut
1502 1475 1540 1497 ex
1564 1462 1612 1497 liis
1634 1462 1736 1498 Deum
1757 1462 1820 1497 Pa-

1067 1520 1144 1546 trem
1173 1512 1360 1558 glorificent,
1388 1521 1418 1547 et
1442 1513 1472 1547 in
1497 1512 1545 1546 his
1574 1512 1732 1559 reperiant
1764 1513 1818 1546 vi·-

1068 1561 1158 1596 iendi
1183 1562 1341 1608 regulam,
1369 1574 1462 1618 quam
1486 1571 1669 1618 sequantur.

1114 1617 1129 1654 g*
1158 1616 1189 1646 5.
1212 1612 1349 1647 Sanctus
1379 1613 1448 1656 iste,
1471 1612 1552 1647 sicut
1576 1612 1742 1668 probatum
1770 1621 1818 1646 est
1845 1630 1941 1651 mamm
1972 1636 2001 1655 p,
2006 1641 2017 1644 -

1066 1662 1253 1696 testimoniis
1276 1662 1336 1697 fide
1358 1661 1479 1708 (lignis,
1503 1662 1532 1696 in
1556 1669 1655 1697 aetate
1676 1662 1817 1697 existens
1832 1662 2000 1713 ζιζᾚζῐξζωὲ
2005 1672 2015 1675 “

1066 1719 1184 1756 teneto,
1218 1711 1277 1746 sub
1312 1712 1450 1758 magistri
1489 1712 1633 1758 religiosa
1655 1711 1817 1758 diligentia

1066 1773 1136 1795 cum
1165 1761 1230 1796 suis
1253 1761 1401 1797 fiatribus
1420 1762 1594 1797 tenebatur
1620 1761 1690 1810 lpse
1711 1770 1816 1796 tamen

1067 1810 1106 1844 ibi
1141 1812 1271 1847 maturis
1293 1812 1486 1847 intendendo
1509 1812 1664 1853 moribus,
1693 1812 1752 1847 sub
1772 1820 1820 1847 te-

1067 1861 1148 1896 nello
1171 1869 1298 1908 pectore
1320 1871 1445 1908 gestare
1464 1875 1497 1897 se
1519 1862 1648 1897 senilem
1677 1862 1818 1897 animum

1066 1912 1262 1948 ostendebat.
1290 1913 1413 1948 Ductus
1441 1913 1471 1947 in
1500 1912 1710 1953 Cataloniam‚
1744 1925 1818 1947 cum

1066 1961 1194 1997 duobus
1215 1975 1231 1998 e
1258 1964 1324 1998 suis
1353 1963 1499 1998 fratribus
1522 1963 1614 1998 datus
1643 1962 1734 1997 obses
1763 1975 1818 2009 pro

1066 2011 1250 2048 liberatione
1275 2013 1424 2049 antedicti
1453 2013 1551 2059 regis,
1579 2021 1640 2046 tam
1664 2012 1819 2047 ferventer

1067 2061 1220 2096 dedicavit
1247 2076 1281 2098 se
1307 2063 1432 2107 studio,
1464 2062 1548 2109 qnod
1582 2062 1658 2096 infra
1692 2070 1819 2108 septen-

1067 2111 1168 2151 nium,
1191 2125 1254 2159 quo
1282 2114 1374 2148 etiam
1401 2113 1442 2147 ibi
1470 2112 1563 2146 obses
1585 2111 1659 2155 fnit,
1682 2111 1740 2146 sub
1769 2112 1819 2146 in-

1066 2162 1241 2197 structione
1259 2163 1388 2198 fratrum
1409 2163 1580 2205 Minorum,
1603 2173 1684 2208 quos
1706 2173 1815 2196 secum

1066 2211 1201 2246 habebat
1224 2213 1253 2246 in
1282 2213 1402 2256 socios,
1431 2212 1459 2246 in
1492 2211 1656 2259 primitivis
1677 2211 1817 2245 scientiis

1066 2269 1096 2296 et
1131 2274 1216 2297 sacra
1256 2262 1367 2309 pagina
1404 2262 1448 2296 sic
1483 2261 1631 2308 profecit,
1659 2260 1744 2307 quod
1772 2261 1816 2294 vir

1068 2311 1190 2357 pollens
1218 2313 1360 2357 ingenio,
1396 2311 1435 2346 de
1471 2310 1640 2358 praedictis
1674 2310 1815 2345 scientiis

1067 2373 1129 2395 non
1161 2362 1263 2396 solum
1288 2361 1414 2408 publice
1445 2373 1480 2395 ac
1509 2361 1627 2407 private
1658 2359 1815 2394 subtiliter

1066 2410 1225 2456 disputare
1250 2413 1375 2451 valeret,
1398 2410 1453 2445 scd
1476 2420 1507 2445 et
1526 2409 1711 2445 solemniter
1731 2409 1815 2444 clero

1066 2469 1095 2493 et
1119 2462 1236 2508 populo
1265 2472 1439 2515 proponere
1460 2460 1589 2494 verbum
1612 2459 1687 2499 Dei;
1712 2467 1744 2493 ut
1760 2472 1816 2514 pu-

1067 2518 1185 2545 taietur
1220 2511 1349 2545 scientia
1384 2510 1459 2544 baec
1495 2510 1596 2544 inlusa
1624 2508 1683 2543 sibi
1715 2510 1816 2555 magis

1066 2559 1228 2599 divinitus,
1251 2573 1343 2607 quam
1372 2560 1555 2594 humanitus
1578 2559 1742 2606 acquisita.

1119 2617 1132 2651 ,ξ
1165 2615 1193 2644 4.
1221 2611 1254 2644 Ιι]
1289 2609 1483 2644 orationibus
1505 2608 1636 2643 sedulus
1662 2616 1692 2643 et
1714 2608 1815 2642 devo-
1846 2618 1937 2670 renen·
1953 2622 1974 2641 m
1991 2626 2016 2640 2-

1831 2656 1853 2671 Γᾶ
1865 2656 1922 2672 {QUO-

1827 270 1875 295 An.
1895 266 1922 291 C.
1939 267 2005 293 1517

1068 2669 1127 2706 tus,
1165 2668 1299 2694 mentem
1322 2660 1358 2694 ad
1394 2659 1494 2694 Deum
1518 2658 1668 2694 elevatam
1700 2659 1816 2704 tenuit,
