2274 3265
272 255 290 282 A
297 263 321 281 n.

341 255 369 282 C,
387 255 451 281 t5t8

517 242 587 275 ⁶26⁴-

466 316 558 355 atque
580 306 777 342 obedientiae
800 319 854 354 per
874 307 1101 342 contumaciam
1125 319 1211 354 sepa-

467 365 595 394 rantur,
623 356 856 391 universitatem
890 356 1027 391 fidelium
1058 357 1155 396 carni,
1177 369 1210 390 sc

467 407 549 452 ipsos
585 417 657 440 vero
678 406 800 453 spiritui
828 406 942 441 servire
964 406 1083 441 frivolis
1105 419 1210 441 asser-

465 455 602 490 tionibus
629 455 848 490 mentiuntur:
877 467 1010 502 quorum
1034 456 1210 491 dementiae

466 505 543 539 niliil
576 505 666 539 adiici
697 517 807 553 posse,
831 505 873 539 illi
899 506 1063 539 manifeste
1090 517 1210 552 cogno-

464 563 567 593 scunt,
595 554 647 601 qui
675 556 756 589 sicut
785 555 912 590 unicum
933 555 1094 590 Christum
1120 567 1210 602 prae-

464 604 578 644 dicant,
612 605 657 639 sic
689 617 781 639 unam
810 604 982 639 Ecclesiam
1011 605 1209 651 profitentur,

464 654 599 688 Doctore
609 654 749 700 gentium
761 661 934 694 attestante,
948 654 1001 700 qui
1018 654 1073 687 ait:
1100 653 1207 700 Ipsum

464 704 549 738 dedit
570 712 664 751 caput
685 716 781 750 super
794 715 918 738 omnem
939 703 1113 738 Ecclesiam
1130 715 1210 750 quae

464 762 510 787 est
547 765 661 800 corpus
687 754 766 788 eius.
791 753 858 787 Una
887 761 933 788 est
969 753 1065 798 igitur
1092 761 1208 793 sancta,

464 802 660 842 universalis,
679 802 847 850 apostolica
870 810 962 849 atque
980 802 1122 837 Romana
1147 802 1210 837 Ec-

462 852 555 886 clesia
577 864 658 899 quae
681 864 742 886 non
771 851 906 886 bumana
930 852 1208 899 praesumptione,

463 901 522 935 sub
545 909 697 948 potestate
724 901 847 943 nititur,
870 901 924 935 sed
952 901 1057 936 divina
1079 909 1110 936 et
1126 914 1211 947 pror-

462 963 517 985 sus
544 950 791 985 incommutabili
826 951 1011 985 auctoritate
1043 950 1208 993 fundatur,

462 1000 553 1034 euius
574 1000 732 1046 egregium
765 999 932 1046 primatum
968 1000 992 1035 si
1015 1000 1086 1047 quis
1113 1000 1210 1047 impie

462 1049 604 1084 docendo
638 1057 742 1096 negat,
782 1061 841 1083 non
881 1049 982 1084 solum
1018 1050 1208 1084 criminosus

461 1108 513 1133 aut
548 1098 768 1133 schismaticus
801 1111 871 1133 esse
908 1099 1115 1138 convincitur,
1154 1099 1208 1134 sed

463 1148 639 1183 liaereticus
661 1149 833 1195 impietatis
855 1160 930 1183 suae
955 1150 1079 1188 merito,
1104 1148 1207 1183 divina

461 1199 553 1232 etiam
576 1207 670 1246 atque
692 1198 827 1232 bumana
845 1198 964 1233 ratione
977 1207 1007 1233 et
1025 1199 1208 1234 auctoritate

461 1256 617 1282 censetur.
639 1247 719 1290 Quia
749 1256 912 1295 peccatum
938 1248 1124 1294 paganitatis
1153 1248 1208 1282 in-

461 1298 558 1332 currit
580 1297 738 1344 quisquiS,
760 1297 835 1331 dum
858 1309 891 1331 se
918 1298 1125 1332 christianum
1156 1309 1208 1332 as-

462 1347 547 1385 serit.
563 1347 638 1382 Sedi
659 1347 858 1393 Apostolicae
873 1347 1002 1381 obedire
1023 1347 1207 1391 contemnit,

462 1397 510 1430 cui
535 1396 616 1431 inter
636 1404 757 1431 caetera
781 1396 862 1430 dona
891 1396 949 1431 boc
978 1397 1093 1443 privata
1118 1397 1209 1442 largi-

462 1447 546 1481 tione
585 1458 772 1481 concessum
801 1454 860 1487 est,
883 1454 916 1480 ut
938 1446 1141 1480 saluberrima
1171 1446 1208 1480 fi-

461 1497 528 1537 des,
550 1507 644 1543 quam
667 1496 703 1530 B.
727 1495 840 1531 Petrus
867 1496 993 1530 coelesti
1011 1496 1100 1530 Patre
1119 1507 1208 1529 reve-

461 1545 544 1580 lante
566 1546 724 1591 cognovit,
739 1553 769 1580 et
783 1546 935 1580 immensa
951 1553 1100 1591 potestas,
1113 1557 1207 1591 quam

461 1595 487 1628 ei
511 1596 539 1629 in
563 1595 673 1629 eodem
702 1595 927 1641 Apostolorum
950 1595 1099 1641 Principe
1112 1594 1209 1628 Cliri-

461 1653 528 1678 stus
551 1644 692 1682 indulsit,
714 1645 760 1679 sic
790 1656 845 1691 per
860 1644 1030 1691 legitimam
1047 1656 1206 1678 romanam

461 1693 671 1741 pontificalem
686 1694 918 1729 successionem
929 1693 1208 1734 illibatadecurrat‚

462 1752 495 1778 ut
516 1744 599 1778 illam
623 1755 724 1790 usque
738 1743 775 1778 ad
794 1744 886 1778 finem
905 1743 1031 1783 saeculi,
1054 1756 1113 1778 nec
1135 1755 1209 1790 per-

461 1793 534 1828 fidia
579 1793 733 1838 maculet,
778 1805 834 1828 nec
871 1793 1038 1828 adulterini
1078 1794 1210 1839 pastoris

462 1843 656 1890 pontificium
681 1843 900 1889 interrumpat.
924 1843 1026 1885 Quam
1054 1843 1139 1878 velut
1162 1856 1210 1878 va-

461 1893 645 1927 lidissimam
681 1905 789 1927 navem
824 1893 945 1928 divinae
972 1893 1208 1940 gubernationis

461 1942 618 1990 praesidio
640 1942 879 1982 communitam,
895 1954 953 1977 nec
975 1943 1129 1977 variarum
1146 1943 1209 1989 opi-

462 1993 589 2027 nionum
612 2000 706 2039 atque
728 1991 893 2027 haeresum
923 1991 1076 2035 turbines,
1099 2004 1114 2026 a
1135 2004 1210 2026 suae

462 2042 587 2076 unitatis
607 2053 759 2088 compage
780 2042 945 2086 divellunt,
959 2053 1017 2076 nec
1031 2043 1210 2096 tyrannicae

463 2091 624 2139 potestatis
645 2092 793 2126 incursus
815 2092 851 2126 ad
876 2091 935 2126 ima
957 2091 1114 2138 deprimit,
1133 2104 1208 2139 quin

463 2142 566 2188 potius
600 2149 629 2176 et
658 2141 727 2176 illos
749 2141 935 2176 auctoritate
965 2150 1058 2188 atque
1082 2142 1210 2175 veritate

461 2203 624 2238 superans,
646 2199 676 2225 et
698 2191 773 2225 istos
802 2191 967 2238 patientiae
994 2192 1105 2226 virtute
1127 2203 1210 2236 sup—

462 2241 618 2288 plantans,
641 2241 723 2275 inter
750 2240 917 2276 blanditias
943 2247 1085 2275 terrenae
1111 2239 1210 2274 felici-

462 2291 531 2325 tatis
566 2299 595 2325 et
622 2291 805 2338 asperitates
836 2290 951 2326 saeculi
979 2290 1061 2325 felici
1090 2290 1210 2336 naviga-

460 2341 545 2375 tione
572 2340 676 2375 media
704 2341 856 2387 graditur,
883 2341 986 2375 donec
1019 2340 1056 2375 ad
1084 2348 1208 2387 portum

462 2390 584 2425 suturae
595 2390 799 2425 beatitudinis
810 2390 890 2426 duce
902 2390 1038 2425 Domino
1058 2390 1208 2424 veniatur.

462 2440 494 2474 ln
523 2452 596 2487 qua,
618 2440 703 2474 velut
738 2441 768 2474 in
797 2440 896 2483 Arca,
922 2440 1065 2474 animalia
1095 2439 1209 2474 munda

461 2499 554 2537 atque
585 2490 746 2524 immunda
770 2498 948 2525 servantur:
977 2490 1058 2524 sicut
1088 2489 1115 2523 in
1140 2502 1209 2524 area

463 2542 616 2575 frumenta
653 2540 750 2588 paleis
787 2541 1029 2587 permiscentur:
1053 2539 1211 2587 quemad-

463 2591 589 2624 modum
625 2591 655 2625 in
689 2602 802 2636 sagena
840 2590 910 2624 boni
940 2590 1042 2638 pisces
1075 2597 1105 2624 et
1138 2589 1209 2622 mali

462 2648 587 2684 coeunt,
607 2640 636 2674 in
661 2652 734 2686 agro
757 2640 871 2675 zizania
900 2648 927 2674 et
951 2640 1086 2674 triticum
1116 2639 1209 2674 simili

1059 251 1241 275 ttt‘t.t.1tttttut
1267 251 1424 274 llOllAN'UN!

1251 307 1453 353 generatione
1466 313 1684 350 succrescunt,
1700 317 1758 340 nec
1780 314 1882 342 tamen
1901 306 2000 354 ipsam

1251 342 1466 391 inembrorum
1517 355 1742 389 infirmantium
1800 356 2001 392 immunditia

1253 407 1374 452 polluit,
1390 404 1511 440 motta
1526 405 1644 442 levitas
1659 405 1832 453 corrumpit
1848 407 2000 453 nequitia,

1253 455 1417 490 insolentia
1440 454 1566 494 scindit
1589 444 1642 488 sed
1667 466 1798 489 manens
1819 455 1938 502 integra
1953 464 2002 491 at-

1251 517 1312 551 que
1329 505 1475 551 pellecta
1495 504 1674 559 adoptionis
1690 504 1769 539 lilios
1785 504 1847 538 lide
1861 513 2000 550 generat,

1253 554 1346 588 verbo
1369 555 1479 598 nutrit,
1504 554 1688 589 auctoritate
1710 530 1880 597 defendit,D
1886 555 2000 601 poeni-

1252 604 1345 638 tentia
1370 612 1491 651 purgat,
1516 604 1682 651 patientiae
1696 603 1809 638 virtute
1823 612 2000 650 supportat,

1253 665 1309 687 nec
1343 653 1425 687 illam
1453 653 1632 688 divitiarum
1660 653 1808 688 cumulus
1843 652 1999 695 suffocat,

1251 703 1322 748 quia
1347 702 1420 742 illis,
1453 711 1610 749 tamquam
1646 712 1787 737 creatura
1809 702 1867 737 Dei
1895 702 2000 747 bona,

1251 764 1324 786 cum
1359 752 1528 798 gratiarum
1562 752 1685 787 actione
1708 752 1788 787 bene
1818 753 1936 793 utitur,
1971 761 2001 788 et

1251 813 1362 835 aurum
1391 801 1495 846 habet,
1518 813 1580 836 non
1608 809 1641 836 ut
1667 803 1697 836 in
1726 803 1778 837 illo
1800 802 1894 836 finem
1923 814 2002 837 con-

1251 851 1357 885 stituat
1374 878 1381 889 ,
1409 850 1463 884 sed
1497 859 1529 885 ut
1564 852 1782 886 necessitatem
1811 851 2001 899 patientibus

1251 899 1499 934 misericorditer
1526 900 1686 946 largiendo
1710 910 1882 936 succurrat.
1905 901 2000 937 Extra

1251 961 1344 995 quam
1368 949 1453 984 salus
1481 961 1549 984 esse
1571 961 1633 984 non
1656 957 1771 996 potest,
1793 951 1864 997 quia
1888 960 2000 987 natura

1251 1011 1313 1033 non
1338 1000 1464 1045 patitur,
1479 999 1557 1034 ratio
1580 1011 1642 1033 non
1659 999 1744 1041 sinit.
1761 1007 1790 1033 et
1805 1000 1908 1034 divina
1928 1012 2000 1047 pro-

1251 1048 1384 1083 videntia
1405 1060 1466 1083 non
1483 1049 1646 1095 permittit,
1663 1056 1697 1082 ut
1713 1048 2000 1096 membrum,quod

1250 1110 1266 1132 a
1294 1105 1388 1132 totius
1415 1098 1556 1145 corporis
1579 1098 1695 1133 unitate
1717 1098 1905 1144 seiungitur,
1937 1099 2001 1134 vir-

1252 1155 1328 1186 tute,
1351 1160 1432 1195 quae
1453 1160 1469 1182 a
1492 1148 1608 1183 vertice
1630 1148 1660 1181 in
1683 1159 1799 1194 corpus
1821 1147 2001 1186 influit,ali-

1250 1197 1383 1244 qualiter
1411 1205 1581 1243 vegetetur.
1604 1196 1676 1239 Quo
1699 1197 1743 1237 fit,
1767 1205 1800 1231 ut
1825 1197 1908 1244 apud
1926 1197 2002 1232 istos

1251 1247 1460 1294 vaniloquos,
1494 1259 1551 1282 nec
1578 1255 1684 1282 sancta
1722 1255 1912 1294 paupertas,
1945 1259 2002 1282 nec

1250 1296 1375 1331 castitas
1402 1296 1532 1351 munda,
1567 1308 1626 1331 nec
1662 1296 1761 1331 virtus
1802 1297 1901 1343 possit
1932 1308 2002 1331 esse

1251 1345 1409 1392 perfecta
1437 1346 1511 1393 quia
1539 1358 1736 1401 consequens
1758 1354 1816 1386 est
1851 1353 1884 1380 ut
1915 1347 1999 1380 omni

1251 1396 1374 1436 virtute
1389 1408 1473 1430 omni
1488 1395 1624 1430 bonitate
1648 1397 1818 1442 priventur,
1833 1407 1886 1442 qni
1898 1395 2000 1430 Deum

1251 1445 1413 1483 virtutum
1437 1446 1530 1480 cuius
1551 1453 1598 1479 est
1620 1453 1717 1479 totum
1746 1445 1829 1492 quod
1851 1453 1898 1479 est
1919 1447 2002 1492 opti-

1251 1506 1361 1534 nium
1400 1506 1454 1542 per
1485 1494 1731 1529 inobedientiam
1760 1494 1999 1541 derelinquunt.

1298 1548 1313 1586 ξ
1342 1545 1392 1577 to.
1417 1543 1586 1579 Secundus
1607 1556 1705 1582 error
1728 1556 1790 1599 quo
1813 1544 2000 1591 praedicto-

1250 1606 1318 1627 rum
1343 1594 1544 1628 insolentium
1575 1594 1765 1628 COnSClenllst
1800 1593 1997 1628 maculatur·
1990 1622 1998 1635 ‚
2013 1618 2143 1639 carensac„
2145 1617 2173 1637 lta
2175 1602 2196 1637 ιζ

1251 1643 1447 1678 venerabiles
1463 1643 1624 1678 Ecclesiae
1643 1643 1838 1684 sacerdotes
1857 1643 1999 1698 aliosque

1250 1743 1390 1777 ctoritate
1403 1743 1557 1787 desertos,
1583 1751 1616 1777 ut
1643 1754 1701 1778 nec
1718 1743 1886 1778 sententias
1908 1742 1999 1784 ferre,

1251 1804 1308 1827 nec
1327 1802 1518 1827 sacramenta
1547 1792 1714 1831 conficere,
1737 1804 1797 1827 nec
1821 1792 1998 1828 subiectum

1253 1842 1406 1889 populum
1446 1843 1602 1877 instruere
1632 1843 1753 1877 valeant
1784 1841 1834 1876 vel
1862 1842 1998 1883 docere;

1252 1891 1321 1926 illos
1344 1892 1497 1938 fingentes
1513 1892 1598 1926 omni
1616 1892 1824 1926 ecclesiastica
1848 1900 2000 1938 potestate

1253 1941 1401 1988 privatos,
1424 1953 1504 1988 quos
1526 1953 1542 1976 a
1570 1953 1625 1976 sua
1643 1941 1769 1987 perfidia
1787 1941 1999 1976 viderintalie-

1254 2003 1321 2031 nos,
1336 1992 1409 2038 quia
1426 1995 1471 2035 (1)
1494 1992 1578 2037 ipsos
1591 1991 1676 2026 solos
1692 1994 1739 2034 (ut
1756 1991 1812 2037 ipsi
1829 1991 1999 2031 somniant)

1252 2040 1334 2075 sicut
1357 2041 1530 2088 spiritualis
1551 2041 1631 2076 vitae
1653 2041 1869 2084 sanctitas,sic
1883 2048 2000 2075 aucto-

1253 2091 1325 2125 ritas
1348 2098 1535 2138 perseverat.
1559 2090 1593 2124 In
1616 2102 1676 2137 qua
1706 2102 1738 2125 re
1765 2089 1999 2125 Donatistarum

1252 2148 1430 2186 sequuntur
1451 2151 1604 2183 errorem,
1627 2140 1678 2186 qui
1699 2139 1785 2178 olim,
1809 2139 1888 2175 sacto
1903 2140 2002 2175 schis-

1253 2189 1520 2233 mate,abunitate
1534 2189 1693 2224 Ecclesiae
1710 2189 1902 2229 recedentes,
1918 2191 1958 2224 ita
1970 2189 1999 2223 in

1252 2251 1305 2273 sua
1323 2247 1405 2274 secta
1420 2239 1476 2273 Dei
1498 2240 1627 2286 gratiam
1654 2239 1803 2274 dixerunt
1830 2251 1900 2274 esse
1925 2251 2000 2273 coa-

1253 2296 1346 2333 ctam,
1363 2297 1394 2323 ut
1406 2289 1510 2324 nullus
1524 2301 1591 2324 eam
1606 2289 1743 2336 recipere
1757 2297 1838 2323 esset
1855 2289 2000 2328 idoneus.

1252 2339 1304 2385 qui
1335 2350 1397 2372 non
1424 2338 1502 2373 foret
1518 2339 1655 2386 ipsorum
1681 2338 1799 2373 scelere
1816 2338 1999 2374 maculatus.

1300 2393 1315 2431 ξ
1345 2391 1399 2422 17.
1423 2388 1567 2430 Quorum
1592 2389 1782 2436 impietatem
1812 2388 1898 2423 zelus
1915 2388 2002 2422 fide-

1252 2437 1327 2472 lium
1352 2438 1404 2473 illo
1432 2439 1461 2472 in
1499 2448 1640 2487 tempore
1673 2439 1719 2474 sic
1752 2439 1922 2483 exhorruit,
1956 2439 2000 2471 sic

1254 2488 1302 2534 pia
1328 2489 1546 2536 persecutione
1573 2489 1773 2537 compressit,
1797 2497 1829 2522 ut
1857 2488 2001 2523 homines

1254 2545 1314 2571 tam
1352 2539 1508 2586 pestilenti
1546 2540 1732 2585 contagione
1773 2550 1932 2585 respersos
1971 2547 2000 2572 ot

1252 2599 1387 2623 censura
1403 2589 1613 2624 ecclesiastica
1630 2589 1835 2623 attatliematis
1849 2600 1999 2624 mucrone

1287 2651 1326 2685 (l)
1342 2651 1498 2678 Addemlum
1517 2652 1602 2678 forsan
1624 2653 1702 2684 opud.

2016 252 2066 279 Αιι.
2084 254 2113 281 C.
2129 252 2195 279 t5t8

2039 1555 2173 1579 Sacerdotes,

2014 1591 2098 1614 praeter
2121 1587 2179 1613 ipsos

2027 1649 2186 1670 administrandi

2013 1683 2145 1700 'aesimellffl
2150 1685 2197 1706 1)ῐο-

2013 1714 2117 1738 pugnant:
2159 1718 2192 1738 qu·

2014 1749 2074 1764 error
2085 1743 2193 1763 refellitur,
