2274 3265
204 265 253 292 An.
272 264 298 291 C.
320 264 384 291 1572

215 570 244 590 De
255 570 322 591 officio
339 575 385 590 ves-

201 603 283 629 pertine·

213 1012 270 1032 Atiae
288 1017 362 1038 preces
372 1018 382 1031 a

199 1043 330 1064 scholaribus
347 1049 383 1069 pro

199 1073 382 1099 eodemGregorm

200 1107 309 1126 dicendae.

204 1858 233 1880 Da
248 1858 386 1879 Confessione

204 1889 308 1913 lactanda,
321 1893 342 1909 et
352 1895 387 1909 sa-

205 1924 312 1941 eramento
346 1920 388 1941 En—

205 1951 318 1972 charistiae
352 1957 389 1972 su-

206 1984 290 2004 mendo.

218 2304 390 2332 Cappettanorum

210 2336 298 2358 officium
323 2337 390 2364 quale.

449 252 518 285 548

399 318 588 354 scholarium
612 324 643 351 et
663 315 859 350 familiarium
887 314 987 349 dictae
1019 313 1145 353 domus,

399 380 491 415 quam
515 376 789 413 quorumcumque
810 363 941 398 aliorum
978 362 1146 410 parochia-

399 417 484 452 libus
505 416 670 455 Ecclesiis,
693 414 768 448 infra
805 414 896 447 cuius
919 413 1032 447 limites
1064 412 1145 447 dicta

398 467 513 502 domus
533 465 648 505 existit,
672 464 817 498 volumus
839 462 997 509 applicari.

446 515 467 563 S
491 517 545 550 16.
574 515 707 561 Insuper
729 512 896 547 statuimus
930 520 960 545 et
990 511 1145 550 volumus,

398 565 481 613 quod
497 565 632 612 singulis
646 563 759 598 diebus
775 562 986 608 vespertinum
1009 560 1145 595 officium

398 628 468 650 cum
484 623 566 655 nota,
587 622 617 649 et
639 613 845 647 nihilominus
866 610 1015 646 sabatinis
1034 609 1147 656 vigiliis

398 664 636 712 Apostolorum,
663 662 933 708 Evangelistarum
962 668 991 694 et
1013 668 1147 706 quatuor

397 714 570 749 Doctorum
608 712 766 747 Ecclesiae
805 710 1046 756 completorium
1073 721 1144 742 cum

398 771 469 798 nota
493 764 522 797 in
547 762 701 809 praedicta
724 760 863 807 cappella
892 772 947 805 per
968 759 1147 793 sacerdotes

398 814 497 860 ipsius
524 812 636 847 domus
674 810 867 844 decantetur.
895 807 957 842 Sed
983 808 1020 842 ad
1050 808 1147 842 inter-

397 862 565 897 essendum
593 862 631 895 iis
664 859 775 894 diebus
806 858 956 892 nolumus
990 857 1148 892 scholares

397 912 560 957 adstringi.

445 961 466 1008 g
481 963 536 995 17.
552 959 698 1005 Denique
718 956 833 1003 singuli
849 955 1020 999 scholares,
1041 968 1148 1002 quam-

398 1010 451 1045 diu
471 1010 500 1043 in
522 1008 659 1056 praefato
677 1006 810 1052 collegio
835 1017 954 1039 moram
987 1006 1147 1048 traxerint,

397 1057 530 1106 singulis
544 1057 667 1099 diebus,
681 1055 831 1102 quamdiu
856 1054 1023 1089 vixerimus
1037 1083 1044 1094 ‚
1078 1067 1145 1089 ver-

397 1122 465 1144 sum
482 1107 597 1147 solum,
609 1107 738 1141 Salvam
753 1107 802 1150 sac
816 1116 932 1138 servum
950 1111 1047 1147 tuum,
1074 1116 1146 1139 cum

397 1159 548 1201 oratione,
562 1157 645 1191 Deus
669 1157 806 1189 omnium
831 1155 980 1200 fidelium,
1002 1163 1054 1187 etc.
1070 1181 1080 1198 ,
1118 1162 1147 1187 et

397 1216 467 1255 post
505 1215 636 1241 mortem
663 1212 799 1239 nostram
829 1203 984 1249 psalmum
1009 1205 1056 1237 De
1074 1216 1148 1249 pro-

396 1259 500 1302 fundis
526 1257 659 1291 clamavi
683 1256 725 1288 ad
747 1262 782 1293 te,
805 1261 871 1291 etc„
899 1265 970 1287 cum
990 1253 1148 1294 oratione,

398 1308 479 1341 Deus
505 1308 560 1351 qui
586 1307 663 1339 inter
684 1304 876 1348 apostolicos,
897 1311 962 1342 etc„
982 1302 1086 1337 dicere
1101 1311 1148 1336 te-

398 1365 539 1392 neantur.
563 1355 640 1390 Item
664 1352 781 1398 singuli
801 1365 862 1386 non
879 1351 1059 1386 sacerdotes
1077 1365 1146 1399 qua-

397 1406 470 1440 libet
487 1406 660 1452 septimana
683 1411 804 1449 septem
829 1401 964 1447 psalmos
989 1402 1150 1448 poeniten-

396 1455 486 1490 tiales
511 1468 582 1489 cum
599 1452 740 1488 laetaniis
762 1451 872 1494 semel,
894 1451 1074 1486 sacerdotes
1092 1464 1149 1486 au-

398 1514 458 1539 tem
483 1503 622 1551 quolibet
646 1514 752 1537 mense
777 1513 870 1535 unam
891 1501 1058 1547 specialem
1078 1502 1150 1536 mis—

397 1567 461 1588 sam
482 1554 519 1588 de
547 1555 662 1587 Sancto
689 1552 811 1596 Spiritu
838 1549 928 1584 nobis
961 1550 1149 1591 viventibus,

399 1603 444 1638 vel
473 1603 511 1637 de
542 1604 683 1648 Requiem
706 1608 859 1635 aeternam
883 1599 973 1634 nobis
1000 1600 1059 1634 vita
1081 1600 1149 1634 fuu-

398 1653 467 1696 ctis,
494 1661 523 1687 et
545 1652 672 1687 demum
701 1649 816 1696 singuli
847 1648 1006 1684 scholares
1022 1649 1149 1696 praefati

399 1703 555 1748 integrum
571 1700 750 1749 psalterium
770 1698 911 1746 quolibet
928 1710 1022 1739 anno,
1037 1711 1149 1746 quam-

399 1752 453 1786 diu
482 1751 523 1786 ibi
547 1759 653 1794 erunt,
676 1749 779 1784 dicere
802 1749 863 1782 sint
885 1749 1012 1783 astricti.

449 1801 468 1848 g
492 1803 546 1835 18.
576 1800 616 1835 Et
643 1800 715 1847 quia
743 1799 771 1832 in
800 1798 936 1832 animam
968 1798 1149 1832 malevolam

403 1863 464 1886 non
493 1850 666 1896 ingreditur
688 1848 852 1894 sapientia,
877 1860 933 1881 nec
964 1847 992 1881 in
1019 1859 1151 1894 corpore

402 1900 528 1935 subdito
546 1900 692 1946 peccatis,
722 1906 752 1932 ut
776 1910 884 1932 eorum
909 1909 1001 1943 opera
1025 1906 1151 1944 accepta

403 1951 463 1984 sint
482 1949 561 1992 Deo,
575 1950 730 1988 volumus,
745 1947 829 1995 quod
847 1946 1008 1982 scholares
1023 1947 1151 1994 praelati

403 2000 440 2034 ad
469 2000 574 2034 minus
601 2008 646 2034 ter
670 2000 699 2032 in
719 2010 802 2032 anno
823 1998 1042 2040 confiteantur,
1062 1998 1153 2032 ethis

402 2050 647 2088 communicent,
670 2057 720 2083 ant
749 2047 875 2093 saepius
906 2048 1037 2093 captatis
1073 2057 1151 2082 tem-

404 2099 545 2145 poribus,
574 2098 783 2146 proutdivina
811 2097 906 2142 gratia
930 2097 1154 2144 sull'ragabitur

402 2149 533 2189 eisdem,
555 2149 592 2183 ad
616 2148 712 2197 quod,
735 2148 758 2181 si
782 2159 862 2193 opus
886 2145 993 2186 fuerit,
1029 2160 1083 2193 per
1107 2161 1154 2182 re-

403 2198 519 2234 ctorem
545 2199 644 2242 ipsius
671 2197 792 2243 collegii
817 2196 1055 2242 compellantur.

452 2249 472 2295 S
490 2250 544 2283 19.
557 2248 674 2282 Verum
694 2249 766 2294 quia
781 2246 838 2280 Dei
854 2246 1012 2280 ministros
1033 2255 1154 2293 oportet

407 2298 699 2345 irreprehensibiles
725 2307 755 2331 et
782 2295 900 2342 absque
924 2296 1046 2330 macula
1075 2309 1154 2335 esse,

406 2349 574 2382 statuimus
596 2356 625 2382 et
649 2348 843 2384 ordinamus,
874 2355 902 2380 ut
942 2346 1067 2390 praefati
1101 2359 1154 2380 sex

402 2395 585 2432 'sacerdotes
619 2399 675 2431 vita
709 2410 745 2432 ac
769 2395 908 2430 moribus
942 2395 1154 2442 comprobati,

409 2448 554 2493 praestita
584 2447 668 2494 prius
689 2445 848 2481 arbitraria
871 2446 1015 2480 cautione
1045 2446 1154 2479 rectori

409 2505 438 2531 et
460 2497 647 2531 consiliariis
682 2497 720 2531 de
745 2496 960 2534 indemnitate,
1001 2507 1036 2529 ac
1064 2496 1154 2529 etiam

410 2547 554 2591 praestito
578 2547 662 2593 prins
690 2547 878 2589 iuramento,
900 2545 984 2592 quod
1004 2545 1082 2587 iura,
1099 2544 1155 2578 bo-

412 2607 518 2630 norem
541 2605 569 2629 et
592 2596 672 2630 bona
699 2596 770 2630 dicti
786 2595 908 2640 collegii
934 2594 1064 2628 fideliter
1080 2606 1156 2628 con-

411 2645 588 2689 servabunt,
617 2657 736 2680 necnon
761 2652 873 2680 statuta
888 2644 969 2678 edita
985 2652 1013 2678 et
1036 2643 1155 2678 edenda

982 259 1167 281 BULLARttJM
1193 256 1353 280 ROMANUM

1188 312 1225 347 ad
1238 324 1330 347 suum
1345 309 1482 344 officium
1497 308 1666 355 spectantia
1682 316 1711 343 et
1725 307 1934 344 obedientiam

1188 359 1410 399 observabunt,
1435 371 1489 405 per
1531 366 1682 392 rectorem
1714 357 1883 404 praefatum
1906 367 1937 393 et

1188 410 1383 445 consiliarios
1399 409 1516 442 valeant
1531 408 1662 448 assumi,
1677 420 1713 441 ac
1735 407 1828 441 etiam
1844 419 1935 443 causa

1187 461 1331 506 exigente
1353 457 1479 504 depelli;
1501 458 1554 504 qui
1578 456 1706 504 quidem
1731 456 1848 490 nedum
1871 457 1937 503 spi-

1188 509 1320 552 ritualia,
1342 508 1395 543 sed
1419 515 1448 541 et
1476 506 1656 553 temporalia
1671 505 1867 541 scholaribus
1888 506 1939 540 ad-

1190 559 1366 593 ministrare
1391 565 1420 591 et
1448 557 1542 591 etiam
1571 555 1750 603 quotidiana
1777 555 1878 590 officia
1900 555 1937 590 ad

1189 608 1369 642 mandatum
1414 606 1541 641 rectoris
1577 617 1722 640 exercere
1762 613 1936 640 teneantur.

1189 658 1317 692 Proviso
1340 665 1442 691 tamen
1466 655 1550 702 quod
1583 655 1723 702 cappella
1751 654 1856 689 divino
1890 654 1939 689 of-

1189 708 1260 741 ticio
1283 719 1344 740 nou
1369 704 1539 740 fraudetur.
1561 703 1650 746 Quae
1672 705 1789 744 omnia,
1813 703 1939 738 utdili—

1188 757 1312 802 gentius
1331 764 1361 789 et
1382 755 1540 790 efficacius
1558 754 1668 801 exequi
1686 754 1818 797 valeant,
1834 753 1940 800 prohi-

1190 807 1300 840 bemus
1323 818 1359 838 ne
1381 805 1518 852 aliquam
1541 804 1704 838 scientiam
1733 803 1842 839 audire
1866 815 1939 849 pos-

1189 856 1262 898 sint,
1282 855 1340 889 nisi
1357 854 1519 888 dumtaxat
1531 854 1569 889 ab
1584 853 1691 901 aliquo
1703 853 1838 888 scholari
1855 852 1941 887 horis

1189 904 1339 951 congruis
1356 905 1434 938 intra
1457 904 1586 938 domum
1602 903 1677 938 hora
1695 902 1828 938 decenti.
1845 901 1942 937 Prae-

1190 962 1271 988 terea
1301 954 1409 993 libros,
1433 960 1624 1000 paramenta,
1647 952 1761 987 calices
1791 960 1820 986 et
1843 964 1942 998 quae—

1189 1016 1327 1051 cumque
1354 1011 1535 1038 ornamenta
1569 1014 1624 1049 per
1651 1014 1707 1036 nos
1734 1001 1835 1036 dictae
1866 1013 1942 1049 cap-

1192 1052 1290 1100 pellae
1309 1052 1509 1099 assignanda,
1531 1064 1566 1087 ac
1588 1052 1682 1086 etiam
1699 1051 1864 1085 luminaria
1889 1064 1943 1098 per

1193 1103 1277 1149 ipsos
1307 1101 1488 1137 sacerdotes
1510 1114 1565 1137 seu
1588 1101 1711 1148 aliquos
1734 1101 1872 1148 ipsorum
1896 1100 1942 1135 vel

1190 1153 1335 1196 alterum,
1363 1152 1402 1186 de
1429 1164 1504 1198 qu0,
1526 1164 1581 1186 seu
1610 1150 1726 1198 quibus
1752 1158 1855 1185 rector
1888 1162 1942 1185 seu

1193 1202 1385 1248 praedictum
1409 1201 1577 1248 collegium
1609 1200 1758 1235 duxerint
1795 1199 1945 1234 ordinan-

1192 1252 1278 1291 dum,
1303 1252 1447 1285 volumus
1469 1251 1573 1285 debita
1597 1250 1758 1296 diligentia
1781 1249 1944 1293 custodiri,

1192 1302 1268 1336 tradi
1298 1313 1436 1348 quoque,
1464 1314 1500 1335 ac
1536 1300 1726 1347 praeparari,
1749 1307 1840 1345 prout
1861 1299 1946 1333 divi-

1193 1364 1303 1385 norum
1348 1351 1523 1385 officiorum
1560 1349 1730 1384 ministeria
1769 1348 1944 1396 peragenda

1191 1401 1360 1441 suaserint,
1382 1408 1412 1433 et
1439 1400 1484 1434 eis
1513 1412 1567 1446 pro
1583 1399 1733 1445 dignitate
1754 1398 1944 1433 solemnium

1193 1450 1239 1485 vel
1263 1450 1443 1485 feriatorum
1460 1449 1582 1484 dierum
1597 1448 1752 1483 videbitur
1764 1447 1943 1483 convenire.

1241 1501 1261 1547 ἓ
1282 1502 1339 1534 20.
1363 1499 1525 1534 Praeterea
1545 1499 1616 1545 quia
1632 1498 1766 1532 societas
1787 1497 1946 1544 quaelibet

1191 1550 1312 1596 absque
1352 1558 1491 1589 rectore,
1529 1549 1609 1583 sicut
1636 1548 1705 1582 sine
1736 1547 1946 1593 gubernatore

1193 1599 1279 1634 navis
1301 1598 1392 1633 facile
1419 1598 1587 1643 deperiret,
1614 1597 1781 1631 statuimus
1808 1605 1837 1630 ct
1860 1595 1946 1630 ordi·

1193 1661 1317 1691 namus,
1332 1647 1415 1695 quod
1432 1647 1469 1682 ad
1486 1659 1671 1694 prosperum
1690 1647 1830 1692 regimen
1847 1645 1947 1693 ipsius

1192 1697 1315 1744 collegii
1344 1697 1479 1743 singulis
1495 1697 1586 1731 annis
1611 1696 1707 1742 prima
1725 1695 1881 1730 dominica
1899 1695 1947 1730 vel

1193 1748 1243 1782 die
1271 1748 1378 1782 festiva
1413 1747 1531 1781 mensis
1560 1746 1630 1781 maii
1669 1753 1737 1792 post
1776 1744 1948 1780 celebratas

1193 1798 1363 1831 electiones
1392 1805 1493 1830 rector
1516 1795 1728 1830 universitatis
1755 1794 1859 1829 Studii
1881 1794 1949 1829 Bo-

1196 1847 1368 1886 noniensis,
1391 1846 1572 1880 convocatis
1595 1845 1682 1892 prius
1697 1852 1728 1879 et
1750 1845 1949 1891 congregatis

1194 1896 1393 1931 scholaribus
1421 1894 1569 1930 omnibus
1597 1907 1650 1942 per
1685 1903 1836 1929 rectorem
1869 1895 1949 1929 anti-

1195 1959 1291 1993 quum
1313 1947 1411 1992 ipsius
1432 1945 1556 1991 collegii
1575 1945 1603 1979 in
1624 1945 1693 1979 loco
1706 1944 1744 1978 ad
1762 1943 1821 1978 hoc
1835 1943 1949 1985 habili·‚

1195 1996 1247 2043 qni
1271 1996 1397 2043 quidem
1422 1995 1531 2029 venire
1553 2003 1583 2029 et
1605 1994 1643 2029 ad
1665 1994 1851 2029 electionem
1875 2006 1949 2041 pro-

1195 2046 1307 2081 cedere
1335 2053 1501 2081 teneantur
1523 2044 1583 2080 sub
1609 2057 1709 2092 poena
1734 2043 1886 2091 periurii,
1914 2056 1949 2078 ac

1197 2096 1344 2142 praestito
1374 2095 1520 2142 primitus
1545 2095 1719 2129 iuramento
1748 2094 1777 2127 in
1802 2093 1949 2128 manibus

1196 2146 1315 2193 antiqui
1345 2146 1501 2189 rectoris,
1535 2144 1618 2192 quod
1653 2143 1826 2191 postposito
1862 2143 1948 2178 omni

1196 2208 1315 2235 amore,
1331 2196 1453 2235 timore,
1468 2196 1573 2242 precio
1598 2194 1643 2229 vel
1667 2194 1751 2234 odio,
1766 2193 1803 2228 ad
1820 2193 1949 2228 electio-

1198 2259 1268 2279 nem
1294 2244 1481 2291 proeeden13
1511 2245 1596 2279 illum
1626 2256 1686 2278 una
1709 2256 1780 2278 cum
1812 2243 1950 2290 praefato

1197 2304 1329 2338 rectore,
1353 2295 1405 2341 qui
1441 2295 1519 2329 duas
1547 2306 1638 2328 voces
1673 2293 1795 2332 habeat,
1822 2293 1950 2340 eligant,

1197 2358 1289 2391 quem
1310 2345 1440 2379 credent
1456 2344 1663 2378 sufficientem
1687 2351 1717 2378 et
1739 2343 1888 2377 idoneum
1912 2343 1949 2378 ad

1198 2394 1335 2428 osticium
1359 2403 1388 2428 et
1416 2394 1553 2440 regimen
1578 2394 1700 2441 collegii
1728 2393 1949 2427 exercendum.

1198 2444 1259 2485 Qui
1295 2444 1421 2491 quidem
1447 2446 1634 2490 vigesimum
1663 2452 1808 2491 quartum
1831 2455 1948 2477 aunum

1198 2495 1307 2528 aetatis
1336 2507 1410 2529 suae
1433 2495 1579 2540 attigerit,
1602 2508 1637 2528 ac
1674 2495 1702 2528 in
1736 2493 1869 2539 collegio
1897 2504 1951 2539 per

1201 2543 1362 2578 biennium
1393 2556 1510 2578 moram
1528 2544 1664 2586 traxerit,
1688 2543 1800 2589 suique
1823 2542 1861 2577 de
1879 2554 1950 2577 cor-

1201 2605 1275 2638 pore
1304 2594 1426 2639 collegii
1463 2606 1497 2628 ac
1533 2593 1658 2628 natione
1697 2593 1950 2635 Ultramontana,

1201 2642 1279 2678 idest
1303 2643 1441 2678 Galtieao
1466 2643 1610 2687 nationis,
1633 2651 1661 2678 ct
1686 2643 1721 2683 is,
1744 2643 1827 2677 omni
1851 2654 1950 2677 exce-

1951 254 2001 280 Αη.
2022 254 2050 280 C.
2066 252 2132 279 ¹572

1968 1507 1995 1528 De
2002 1511 2087 1529 rectore
2098 1509 2145 1528 sin·

1961 1538 2015 1564 gulis
2030 1540 2091 1559 annis
2107 1538 2145 1559 eli-

1961 1570 2037 1596 gendo.
