2274 3265
140 295 188 321 An.
207 294 233 321 C.
253 294 318 321 tsafi

836 293 970 316 romans
992 294 1049 315 xxi
1073 283 1181 324 (stit-tus
1205 284 1281 323 xxii)
1304 292 1351 314 re.

658 350 750 386 XLll.

336 423 552 457 Ordinationes
591 424 794 457 observandae
819 424 857 456 ab
886 422 1076 456 auditoribus

381 485 544 506 causarum
575 474 684 507 Curiae
714 473 884 511 Romanae,
916 483 1076 515 eorumque

383 530 521 557 notariis.

596 591 806 622 SUMMARtUtt

334 655 519 686 Prooemium.
548 672 585 677 ——
613 655 639 684 t.
667 653 822 683 Auditores
841 654 903 683 sine
930 662 1019 693 cappa
1049 658 1076 683 et

373 701 490 730 rocheto
523 709 580 729 non
601 698 707 728 debent
733 698 885 728 incedere:
904 714 943 719 —
964 698 990 726 2.
1014 697 1076 727 Sint

373 745 538 783 diligentes.
561 761 600 766 —
621 743 647 773 3.
665 743 767 772 Causis
793 742 947 772 audiendis
969 742 1076 772 debitis

373 790 452 819 boris
475 789 621 818 insistant.
643 805 682 809 —
702 788 729 817 4.
752 787 835 816 Festa
855 787 996 816 hactenus
1018 791 1077 815 sta-

372 839 428 863 tuta
449 838 558 863 tantum
577 832 789 862 servent—5.
808 831 915 860 Diebus
935 831 1076 867 iuridicis,

371 877 520 916 obsequiis
538 876 730 905 cardinalium
756 884 812 904 non
835 874 1014 904 incumbant.
1039 893 1077 897 —

370 923 397 951 ὃ.
418 921 495 951 Nihil
519 931 532 950 a
553 930 699 960 quoquam
722 920 876 958 recipiant,
898 925 925 949 ct
953 920 1075 949 coaudi-

372 971 464 996 torum
487 966 609 995 consilia
629 970 740 995 secreta
760 969 874 994 servent
889 964 944 993 sub
961 965 1076 994 statutis

371 1011 482 1050 poenis.
498 1028 535 1032 —
557 1011 582 1046 7,
607 1010 632 1039 8.
657 1010 853 1039 lurarneutum
878 1010 953 1048 quod
970 1009 1077 1039 debent

370 1055 481 1094 singuli
514 1055 542 1084 S.
570 1054 601 1083 R.
630 1054 659 1084 E.
692 1054 949 1084 vice-cancellario
989 1063 1074 1092 prae-

369 1104 456 1129 stare.
477 1116 516 1121 —
536 1100 563 1129 9.
582 1097 658 1128 Ordo
676 1098 837 1128 serrandus
856 1098 884 1127 in
903 1100 1078 1137 propositio-

371 1144 457 1174 nibus
483 1152 650 1173 causarum.
671 1160 710 1164 —
734 1143 778 1173 to.
805 1143 877 1172 Ante
897 1143 1074 1173 definitivam

370 1188 542 1219 sententiam
556 1187 719 1225 colligenda
740 1186 870 1215 omnium
891 1190 1015 1215 rota.—
1034 1188 1075 1217 ll.

368 1233 498 1268 Quatuor
516 1231 643 1261 habeant
665 1231 864 1261 tantummodo
882 1231 1021 1260 notarios:
1039 1250 1077 1255 --

372 1278 416 1307 1⁶2.
446 1276 639 1314 Caveantque,
667 1285 702 1304 ne
726 1276 754 1304 hi
779 1276 849 1314 quid
877 1275 949 1304 ultra
983 1281 1074 1306 taxam

368 1322 490 1359 exigant.
509 1337 547 1342 -
566 1320 611 1349 13.
626 1320 786 1349 Consilium
806 1328 863 1348 non
882 1324 1031 1358 praestent
1047 1321 1075 1349 in

367 1365 465 1395 causis
480 1373 577 1394 coram
601 1364 644 1394 eis
661 1363 883 1401 cognoscendis
899 1380 938 1385 —
960 1364 1002 1393 tt.
1019 1365 1076 1394 Au-

367 1411 493 1440 ditorum
510 1409 632 1438 consilia
652 1418 666 1437 a
687 1408 808 1437 notariis
828 1412 937 1436 secreta
958 1417 1076 1438 serven-

368 1456 422 1480 tur.
441 1466 479 1472 —
498 1450 543 1479 15.
571 1448 602 1478 ln
621 1449 721 1478 arduis
738 1452 827 1477 testes
851 1457 900 1486 per
919 1457 949 1476 sc
969 1450 1076 1478 exami-

368 1495 438 1520 nent
463 1489 624 1519 auditores.
648 1505 686 1511 —
708 1489 753 1517 tt'».
785 1487 893 1517 Notarii
921 1488 1075 1525 diligentes

367 1530 528 1569 fidelesque
559 1529 683 1558 si11t.—
705 1529 747 1557 17.
771 1528 932 1566 Antequam
966 1529 1074 1558 admit-

367 1575 465 1599 tantur
486 1569 594 1599 debent
615 1568 783 1598 examinari.
799 1584 836 1588 ——
860 1568 901 1596 18.
921 1567 953 1596 Et
976 1568 1077 1597 huius-

368 1610 446 1639 modi
462 1613 611 1649 praestare
627 1609 832 1638 iuramentum.
848 1624 886 1629 —
905 1608 948 1637 to.
966 1607 1075 1638 Causas

368 1660 425 1679 non
447 1649 590 1679 affectent.
611 1665 649 1670 -
674 1648 721 1678 20.
751 1647 920 1677 Modestiam
950 1654 1074 1678 seri-ent.

366 1707 405 1712 —
433 1690 480 1719 ⁶21.
508 1688 563 1719 Uni
596 1693 705 1718 tantum
738 1688 864 1717 auditori
888 1688 996 1717 servire
1021 1689 1074 1718 de-

367 1730 463 1760 beant.
486 1746 525 1751 —-
546 1729 593 1758 ⁹22.
615 1728 814 1758 Concuhinam
840 1738 896 1757 non
920 1729 1076 1758 retineant.

366 1787 403 1792 —
421 1770 469 1799 ⁶23.
490 1769 649 1798 Causarum
669 1778 743 1807 quae
763 1777 859 1797 coram
880 1769 943 1797 suis
962 1769 1077 1798 audito-

367 1810 450 1840 ribus
469 1810 625 1848 agitantur,
648 1810 761 1848 patroni
791 1819 846 1839 nou
877 1811 943 1841 sint,
966 1814 1016 1838 etc.
1038 1827 1076 1831 —

366 1851 412 1880 «24.
446 1850 483 1880 Dc
509 1850 640 1888 registris
674 1851 835 1879 servandis.
864 1868 902 1872 —
924 1851 971 1880 25.
1000 1850 1075 1879 'saxa

367 1891 544 1922 notariorum
565 1900 616 1930 pro
639 1892 772 1929 registro
795 1909 832 1913 —
848 1891 921 1920 Taxa
946 1901 997 1930 pro
1017 1892 1076 1920 sin-

367 1932 433 1969 gula
454 1932 568 1970 pagina,
591 1938 618 1963 et
640 1942 781 1962 uumerus
802 1934 956 1963 linearum:
976 1951 1012 1955 —
1029 1934 1074 1964 ἐϋ.

367 1972 422 2002 Pro
437 1973 540 2011 copiis:
558 1990 597 1995 —
612 1973 658 2002 ΞΠ.
678 1973 732 2002 Pro
751 1974 952 2003 citationibus:
976 1992 1014 1996 —
1030 1975 1076 2004 28.

369 2012 422 2042 Pro
446 2013 634 2042 inhibitione:
662 2030 700 2035 —
722 2014 768 2043 20.
796 2014 849 2043 Pro
874 2015 1074 2044 intimatione:

366 2069 405 2075 —
420 2053 466 2083 30.
479 2053 534 2082 Pro
550 2054 759 2092 appellatione:
775 2071 812 2075 -——
824 2055 870 2083 251.
889 2054 940 2083 l'ro
959 2056 1073 2084 testium

368 2093 617 2132 depositionibus:
635 2111 674 2116 —
696 2094 742 2123 32.
768 2094 820 2124 Pro
837 2096 977 2124 sententia
1006 2096 1075 2125 deti-

368 2134 455 2163 nitiva
487 2134 600 2163 eteius
633 2134 844 2164 instrumento:
878 2152 915 2156 —
945 2136 990 2164 321.
1021 2136 1075 2165 Pro

368 2173 607 2203 interlocutoriis.
630 2191 667 2196 ——
696 2175 741 2204 3't.
764 2174 918 2204 llistinctio
942 2182 1075 2205 moneta-

368 2223 442 2242 rum.
464 2231 503 2236 —
521 2214 566 2243 35.
586 2214 749 2244 Cavendum
777 2216 821 2251 iis,
846 2226 880 2244 ne
904 2217 1076 2253 prolixiores

368 2263 460 2292 aequo
490 2254 616 2284 efficiant
644 2256 814 2293 scripturas.
837 2272 875 2277 —
897 2258 943 2286 23⁴3.
975 2256 1075 2286 Simile

369 2294 564 2323 iuramentum
582 2304 595 2323 a
615 2296 732 2324 notariis
749 2301 929 2325 caeterorum
947 2296 1076 2326 tribuna-

368 2334 439 2363 lium
459 2334 660 2364 emittendum:
680 2352 718 2357 -
732 2335 778 2364 «Ἥ.
797 2336 851 2371 Qui
872 2337 1017 2375 praedicta
1038 2342 1076 2366 te-

368 2379 474 2403 nentur
506 2374 669 2404 observare.
698 2393 735 2397 —
766 2376 812 2405 538.
845 2376 901 2405 llae
935 2377 1013 2415 leges
1047 2380 1074 2407 in

368 2414 542 2443 cancellaria
557 2416 765 2452 registraiidae:
781 2433 819 2438 —-
832 2417 1075 2457 30.tt›tque‹1110-

369 2454 439 2483 libet
458 2464 533 2484 anuo
550 2455 700 2493 legendae.
724 2473 761 2477 —
783 2457 830 2486 stO.
849 2457 1012 2488 Clausulac.

373 2522 483 2551 Ioannes
511 2523 651 2558 episcopus
678 2531 772 2552 servus
797 2531 935 2553 servorum
963 2526 1028 2559 Dei,

462 2569 495 2596 ad
525 2570 684 2604 perpetuam
717 2570 757 2597 rei
775 2570 942 2598 memoriam.

378 2630 469 2666 Ratio
497 2631 571 2665 iuris
593 2632 711 2678 exigit,
734 2632 875 2667 debitunt
902 2633 1074 2669 honestatis

159 2686 288 2708 mmmmm.
329 2681 469 2729 exposcit
488 2689 517 2714 et
535 2681 659 2728 pietatis
673 2683 879 2716 consideratio
896 2685 1073 2730 persuadet,

1742 282 1810 313 517

1120 356 1152 383 ut
1174 348 1203 382 in
1239 349 1361 383 cunctis
1387 348 1562 394 dirigendis
1579 348 1705 383 iudiciis
1720 359 1751 384 et
1767 349 1859 383 iusti-

1120 398 1158 433 tia
1173 397 1388 437 ministranda,
1411 398 1484 437 sint,
1511 397 1612 445 quoad
1638 398 1860 445 praesidentes,

1120 447 1277 494 vigilantia
1293 446 1445 490 studiosa,
1469 455 1595 482 venusta
1613 448 1776 488 modestia.
1791 461 1861 483 cor-

1117 497 1204 531 dium
1219 496 1346 544 puritas,
1360 496 1511 531 munditia
1531 509 1681 532 manuum
1703 505 1734 533 et
1755 498 1861 533 consi-

1119 547 1229 582 liorum
1261 547 1377 581 sanitas
1404 545 1621 593 requirendae.
1649 546 1683 581 ln
1719 548 1862 595 personis

1118 608 1245 643 quoque
1279 596 1316 631 ad
1336 595 1599 631 conscribendum
1618 605 1683 631 acta
1706 596 1860 632 iudicialia

1118 646 1297 693 deputatis,
1332 645 1516 680 sufficientia
1551 657 1695 692 operosa,
1728 646 1862 681 fidelitas

1118 695 1332 742 comprobata,
1348 696 1426 730 vitae
1441 695 1600 735 honestas,
1615 694 1755 730 decentia
1773 708 1862 731 com-

1118 745 1310 785 mendanda,
1345 744 1498 780 mercedis
1524 744 1644 779 exactio
1678 745 1834 781 moderata
1854 774 1861 785 ,

1120 794 1295 842 benignitas
1326 794 1362 829 ad
1387 806 1538 841 pauperes
1560 794 1752 841 compassiva
1770 822 1779 838 ,
1801 795 1862 830 sint

1119 845 1229 879 merito
1251 843 1433 890 exigendae.
1453 844 1549 890 igitur
1565 844 1594 878 in
1610 843 1751 879 Romana
1766 844 1861 879 Curia

1120 894 1280 929 communi
1297 894 1423 941 quidem
1441 894 1550 941 patria,
1566 893 1617 927 ubi
1641 901 1687 928 est
1701 906 1860 929 summum

1120 944 1252 978 tribunal
1290 943 1396 978 iudicii
1425 943 1576 978 divinitus
1599 943 1817 984 constitutum,
1832 952 1863 979 et

1120 993 1171 1028 ubi
1195 993 1248 1028 lux
1270 1001 1299 1027 et
1323 993 1419 1028 forma
1452 993 1588 1028 iustitiae
1614 993 1818 1040 praeeminent
1833 1002 1863 1029 et

1121 1043 1312 1091 praelucent,
1339 1043 1415 1078 haec
1437 1050 1560 1091 oportet
1595 1043 1772 1078 necessario
1807 1056 1863 1079 re-

1119 1093 1223 1140 periri.
1259 1092 1365 1134 Quare
1389 1104 1467 1136 nos,
1489 1093 1556 1140 qui,
1584 1091 1655 1127 licet
1691 1092 1861 1133 immeriti,

1119 1155 1230 1177 sumus
1247 1142 1284 1176 B.
1296 1141 1381 1177 Petri
1397 1153 1608 1186 successoreS,
1621 1149 1651 1177 et
1663 1141 1730 1177 vice
1743 1141 1860 1177 Christi

1119 1192 1281 1238 fungimur
1302 1204 1398 1238 super
1421 1199 1544 1231 terrani,
1572 1191 1748 1239 cupientes,
1770 1200 1805 1228 ut
1831 1193 1861 1227 in

1118 1241 1301 1288 Apostolico
1336 1241 1454 1275 Palatio
1485 1241 1662 1276 audientiae
1686 1253 1862 1283 causarum,

1119 1303 1152 1325 ac
1169 1291 1197 1325 in
1228 1291 1369 1338 personis
1395 1290 1434 1324 ad
1457 1290 1720 1325 examinationem
1743 1299 1863 1326 etcon-

1117 1340 1320 1388 scriptionem
1349 1339 1469 1374 illarum
1495 1353 1550 1388 pro
1572 1349 1713 1388 tempore
1735 1341 1863 1376 ordina-

1118 1390 1166 1430 tis,
1195 1389 1346 1424 habeatur
1367 1388 1522 1424 ordinatio
1546 1389 1674 1425 limitata
1692 1417 1700 1430 ,
1723 1403 1861 1438 congrua

1117 1447 1147 1473 et
1187 1439 1320 1474 salubris
1355 1439 1435 1474 circa
1480 1439 1661 1474 earumdem
1699 1451 1862 1475 causarum

1117 1489 1288 1529 auditores,
1302 1489 1508 1536 ipsorumque
1535 1489 1674 1524 notarios
1689 1489 1864 1525 scribentes

1118 1539 1147 1572 in
1170 1539 1274 1573 causis
1301 1538 1506 1579 huiusmodi,
1534 1538 1743 1574 suadentibus
1765 1540 1863 1575 ratio-

1118 1588 1275 1623 nabilibus
1301 1589 1415 1628 causis,
1443 1597 1555 1624 statuta
1579 1597 1608 1623 et
1635 1589 1863 1630 ordinamenta.

1118 1650 1197 1685 quae
1213 1638 1440 1686 particulariter
1453 1647 1481 1673 et
1496 1638 1634 1673 scriatim
1648 1639 1864 1685 praesentibus

1118 1687 1317 1728 adnotantur,
1333 1689 1518 1723 auctoritate
1540 1688 1712 1736 apostolica
1728 1689 1863 1733 edimus,

1118 1746 1148 1772 et
1170 1750 1204 1772 ea
1227 1738 1440 1785 praecipimus
1467 1746 1619 1786 perpetuo
1642 1738 1752 1773 suturis
1784 1747 1862 1773 tem-

1119 1787 1249 1835 poribus
1276 1788 1444 1822 observari.

1167 1844 1181 1879 ᾗ
1211 1842 1240 1871 1.
1277 1837 1452 1873 Statuimus
1485 1838 1578 1884 igitur
1613 1846 1642 1872 ct
1669 1837 1862 1879 ordinamus,

1118 1887 1201 1933 quod
1229 1888 1387 1923 auditores
1409 1889 1476 1923 sine
1499 1900 1596 1935 cappa
1625 1897 1655 1923 et
1678 1896 1808 1935 roqueto
1833 1889 1861 1923 in

1120 1938 1198 1976 loco,
1234 1938 1285 1972 ubi
1310 1938 1423 1973 residet
1449 1938 1563 1982 Curia,
1587 1938 1616 1972 in
1641 1937 1766 1985 publico
1801 1951 1862 1973 non

1119 1988 1276 2022 incedant.

1167 2045 1181 2079 ,ξ
1208 2042 1240 2071 2.
1263 2038 1339 2072 Item
1363 2038 1444 2084 quod
1474 2039 1599 2084 praefati
1628 2037 1788 2073 auditores
1810 2051 1862 2073 ca-

1119 2088 1261 2121 rumdem
1284 2100 1446 2122 causarum
1467 2087 1575 2122 Palatii
1598 2089 1678 2129 sint,
1701 2087 1864 2123 audiendis

1118 2145 1147 2170 et
1169 2137 1353 2172 decidendis
1364 2138 1468 2172 causis
1482 2138 1525 2172 eis
1540 2139 1718 2173 commissis
1730 2146 1759 2173 et
1776 2151 1863 2174 com—

1119 2187 1298 2225 mittendis,
1323 2187 1432 2222 fortius
1453 2188 1544 2221 solito
1567 2188 1742 2234 diligentes.

1166 2241 1180 2280 g*
1196 2241 1226 2271 Γ».
1244 2237 1319 2272 Item
1338 2238 1422 2284 quod
1445 2237 1602 2272 auditores
1617 2237 1765 2285 praedicti
1782 2238 1860 2273 bona

1119 2288 1191 2321 hora
1215 2288 1327 2322 diebus
1342 2288 1473 2333 singulis
1495 2287 1634 2322 iuridicis
1653 2288 1690 2322 ad
1706 2288 1860 2322 Palatium

1117 2338 1315 2381 conveniant,
1339 2346 1368 2372 et
1396 2337 1573 2372 immediate
1610 2346 1678 2384 post
1711 2338 1862 2384 pulsatio·-

1118 2399 1189 2421 nem
1213 2400 1394 2434 campanae,
1421 2399 1500 2433 quae
1524 2387 1666 2434 pulsatur
1687 2388 1724 2422 ad
1753 2388 1860 2422 horam

1117 2437 1240 2471 Tertiae
1268 2437 1295 2470 in
1325 2437 1465 2471 Ecclesia
1493 2437 1683 2482 cathedrali,
1709 2437 1861 2484 incipiant

1117 2487 1227 2521 sedere
1247 2487 1284 2520 ad
1307 2486 1502 2521 audiendum
1526 2499 1653 2529 causas,
1684 2496 1714 2521 et
1740 2487 1859 2522 dictum

1118 2536 1270 2571 Palatium
1295 2549 1354 2570 non
1375 2546 1500 2577 exeant,
1523 2537 1623 2571 donec
1646 2544 1748 2584 partes
1769 2538 1862 2573 satis-

1118 2586 1246 2620 fecerint
1269 2587 1334 2620 suis
1363 2587 1504 2621 terminis
1526 2599 1629 2621 coram
1653 2587 1708 2621 εἰς.

1165 2640 1233 2678 §la
1265 2636 1339 2670 Item
1368 2636 1453 2683 quod
1490 2636 1582 2671 iidem
1617 2636 1775 2672 auditores
1810 2637 1860 2672 illa

1117 2686 1191 2719 festa
1216 2685 1373 2720 dumtaxat
1398 2686 1576 2731 observent,
1599 2699 1680 2734 quae
1707 2686 1859 2722 hactenus

1876 292 1914 318 An
1947 291 1975 317 C.
1991 293 2056 318 ¹526

1892 1848 2003 1868 Audimus
2016 1854 2060 1867 nn·

1879 1886 1943 1906 cappa
1953 1883 1973 1899 et
1989 1880 2063 1900 roche-

1879 1913 1899 1930 to
1922 1916 1962 1930 non
1985 1910 2062 1930 debent

1879 1942 1992 1962 incedere:

1885 2049 1927 2069 Sint
1940 2048 2059 2074 diligentes.

1891 2244 1962 2264 Causis
1973 2245 2062 2265 audien-

1879 2277 1909 2295 dis
1925 2276 2000 2296 debitis
2020 2276 2060 2295 ho-

1878 2308 1905 2327 ris
1921 2307 2026 2327 insistant⁴
