2274 3265
211 281 259 307 Au.
279 282 307 308 C.
328 282 392 308 t57o

217 1253 295 1273 Causae
328 1253 388 1272 huius

203 1284 311 1304 faciendae
350 1284 387 1303 de-

204 1314 332 1334 etaratievuis.

212 1843 311 1865 Extensio
322 1848 341 1864 et
352 1844 386 1864 de-

203 1875 297 1895 elai-atio.

457 271 526 304 580
1011 277 1194 300 aumantium
1225 275 1385 298 nummum

408 338 465 372 lica
500 337 649 379 decrevit,
684 335 767 382 quod
807 334 911 369 omnia
958 334 1158 373 monasteria,

408 391 574 437 prioratus,
594 387 755 427 Ecclesiae,
776 387 913 434 capellae
928 395 957 421 ct
986 400 1158 433 quaecum-

405 456 466 491 que
493 443 550 477 alia
579 442 644 476 loca
676 449 743 488 post
768 440 1003 486 exemptionem
1034 439 1158 486 praedi-

405 506 484 532 ctam
508 496 546 530 ab
569 495 688 530 eisdem
708 494 820 529 abbate
842 502 869 528 et
894 502 1049 527 conventu
1074 493 1158 527 licite

405 552 568 598 acquisita,
587 559 616 585 et
638 550 843 596 imposterum
868 547 1072 595 acquirenda,
1087 559 1157 581 cum

405 605 548 652 personis
567 603 756 649 degentibus
781 603 809 635 in
834 601 954 635 eisdem
978 608 1054 635 tunc
1074 612 1158 646 prae-

404 658 546 693 sentibus
579 666 607 692 et
636 657 761 697 suturis,
792 655 939 689 omnibus
977 654 1158 699 privilegiis,

404 710 672 758 exemptionibus,
699 708 894 743 libertatibus
921 715 951 741 ct
977 706 1159 740 immunita-

404 765 488 799 tibus
508 764 681 811 gauderent
703 771 732 797 et
747 762 883 808 gaudere
900 761 1067 798 deberent,
1087 760 1159 806 qui-

404 820 463 854 bus
485 819 604 853 dictum
626 817 852 852 monasterium
874 823 902 848 et
921 814 978 848 alia
1000 820 1159 847 monaste-

405 875 459 917 ria,
482 873 648 920 prioratus,
675 871 839 912 ecclesiae,
869 867 1018 914 capellae,
1042 866 1107 900 loca
1130 873 1159 900 et

403 925 543 961 membra
567 924 677 971 ipsius,
692 935 771 970 quae
789 922 909 956 dictum
933 920 1158 954 monasterium

404 979 537 1014 habebat
550 987 689 1023 tempore
703 975 932 1014 concessionis,
944 982 974 1008 et
985 974 1159 1020 exemptio-

403 1034 450 1067 nis
477 1030 655 1065 buiusmodi
681 1029 863 1076 gaudebant
891 1037 920 1063 et
946 1028 1158 1075 potiebantur,

403 1094 494 1132 prout
516 1085 546 1118 in
571 1084 667 1118 literis
701 1083 854 1117 dictorum
881 1082 1157 1128 praedecessorum

404 1139 475 1173 inde
506 1137 658 1172 confectis
677 1137 802 1182 plenius
818 1136 1009 1170 continetur.

450 1194 470 1240 g
497 1197 528 1227 3.
557 1191 638 1225 Cum
668 1198 771 1225 autem
795 1191 874 1224 sicut
902 1189 1038 1224 exhibita
1070 1191 1159 1225 nobis

404 1259 460 1294 pro
496 1254 581 1293 parte
615 1253 714 1279 vestra
750 1245 856 1291 petitio
893 1243 1086 1283 continebat,
1120 1244 1159 1278 ab

402 1300 563 1347 aliquibus
596 1300 624 1332 in
661 1298 791 1332 dubium
829 1297 966 1331 revocari
1004 1296 1157 1337 videatur,

402 1367 440 1389 an
458 1352 641 1388 huiusmodi
661 1352 803 1386 extensio
822 1351 895 1385 dicti
917 1350 1043 1384 loannis
1068 1363 1158 1397 prae-

401 1408 579 1443 decessoris
601 1407 703 1441 solum
727 1406 951 1452 exemptiones
975 1404 1020 1438 vel
1050 1407 1157 1441 omnia

401 1462 459 1497 alia
487 1463 658 1509 praemissa
687 1468 869 1502 concernat,
899 1472 953 1505 pro
983 1466 1068 1505 parte
1107 1472 1158 1494 re-

401 1524 462 1550 stra
486 1515 576 1550 nobis
600 1514 657 1549 fuit
685 1513 847 1548 humiliter
874 1513 1100 1559 supplicatum,
1126 1522 1158 1548 ut

402 1581 441 1604 ne
463 1569 629 1603 occasione
653 1567 912 1614 praemissorum,
939 1574 1055 1601 attenta
1079 1567 1158 1601 sim-

402 1623 537 1670 plicitate
561 1630 672 1662 vestra,
690 1621 891 1656 involvamini
915 1620 1090 1666 litigiorum
1105 1634 1158 1655 an-

401 1676 560 1715 fractibus.
597 1675 760 1722 providere
789 1675 875 1709 vobis
901 1686 999 1720 super
1031 1674 1090 1709 hoc
1117 1675 1156 1710 de

402 1730 592 1775 benignitate
618 1729 790 1775 apostolica
818 1727 1034 1773 dignaremur.

448 1783 468 1829 S
490 1786 522 1817 4.
547 1782 610 1817 Nos
631 1784 734 1830 itaque
759 1782 897 1816 volentes
921 1794 975 1815 vos
991 1794 1026 1815 ac
1043 1794 1154 1816 mona-

399 1839 531 1871 sterium
559 1846 589 1870 et
622 1836 679 1870 alia
711 1837 774 1871 loca
805 1843 904 1869 vestra
933 1835 974 1869 ob
1001 1848 1155 1870 reveren—

400 1891 473 1925 tiam
503 1891 594 1925 etiam
631 1890 774 1925 eiusdem
804 1890 839 1924 B.
864 1889 963 1928 Petri,
992 1890 1028 1923 ad
1058 1902 1153 1936 quem

400 1945 601 1979 devotionem
638 1946 777 1991 gerimus
813 1944 1008 1991 specialem,
1051 1945 1154 1979 favore

401 2001 548 2049 prosequi
564 2001 678 2047 gratiae
694 1999 850 2046 specialis,
874 1999 1055 2034 huiusmodi
1076 2013 1154 2047 snp-

401 2056 622 2104 plicationibus
649 2054 802 2098 inclinati,
827 2062 859 2088 ut
881 2053 919 2089 de
943 2054 1154 2101 possessioni-

400 2110 460 2145 bus
483 2111 593 2145 vestris
608 2110 667 2144 iam
683 2109 845 2156 acquisitis
874 2109 952 2152 (illis
976 2117 1078 2143 tamen
1096 2122 1149 2143 ex-

401 2166 499 2212 ceptis
513 2166 551 2200 de
572 2165 691 2212 quibus
713 2164 852 2199 decimas
871 2165 991 2199 solvere
1013 2177 1154 2199 cousue-

401 2220 510 2262 vistis),
526 2231 646 2253 necnon
668 2218 706 2253 de
730 2218 895 2252 novalibus
915 2218 1151 2264 possessionum

402 2285 456 2320 per
484 2285 537 2307 vos
564 2273 593 2306 in
623 2281 784 2319 posterum
814 2273 896 2306 iusto
925 2272 1014 2307 titulo
1042 2272 1152 2318 acqui-

402 2326 580 2366 rendarum,
595 2340 674 2374 quas
688 2326 822 2372 propriis
840 2326 986 2360 manibus
999 2334 1050 2359 aut
1069 2338 1154 2359 sum-

402 2382 507 2427 ptibus
529 2382 670 2416 excolitis
692 2388 722 2414 et
744 2380 896 2415 excoletis
915 2382 944 2414 in
968 2388 1070 2423 antea,
1090 2381 1153 2415 sive

401 2435 439 2469 de
461 2435 558 2470 hortis
584 2435 628 2469 vel
660 2435 858 2469 nutrimentis
886 2434 1068 2468 animalium
1100 2448 1153 2468 ve-

401 2497 533 2523 strorum
563 2489 701 2522 decimas
729 2488 847 2523 solvere
875 2501 936 2523 non
971 2488 1152 2527 teneamini,

403 2555 458 2577 nec
487 2543 523 2577 ad
549 2543 578 2576 id
614 2555 629 2576 a
653 2555 811 2589 quoquam
841 2542 987 2589 compelli
1026 2543 1152 2589 possitis

403 2596 501 2634 inviti,
526 2596 612 2631 vobis
641 2604 669 2630 et
696 2609 749 2642 per
773 2610 826 2631 vos
854 2597 964 2631 vestris
993 2604 1152 2630 monaste-

402 2649 464 2687 riis,
490 2649 687 2695 prioratibus,
711 2649 873 2695 Ecclesiis,
889 2650 1037 2685 membris
1059 2657 1152 2696 atquc

1201 333 1277 366 locis
1304 331 1491 366 auctoritate
1527 328 1698 375 apostolica
1732 336 1839 362 tenore
1863 340 1953 375 prae-

1200 386 1337 420 sentium
1366 382 1583 421 concedimus,
1618 381 1657 416 de
1691 381 1788 426 gratia
1813 382 1953 428 speciali.

1201 438 1283 472 Nulli
1307 450 1382 483 ergo
1404 444 1457 470 etc.

1251 492 1364 525 Datum
1394 489 1558 524 Avenione
1586 501 1663 523 xviii
1697 488 1758 523 kat.
1793 488 1955 528 februarii,

1203 545 1403 593 pontificatus
1427 544 1523 578 nostri
1551 555 1634 577 anno
1662 555 1707 577 vr.

1241 607 1300 636 [tat.
1318 606 1365 635 die
1384 606 1419 635 15
1436 605 1561 634 ianuarii
1580 605 1664 641 1376,
1680 608 1758 643 pont.
1775 614 1851 634 anno
1867 613 1904 634 Vl.

1481 934 1572 964 PAPA
1609 934 1676 964 CCI!

1293 1009 1384 1041 Αηηο
1413 1008 1542 1040 Domini
1568 1006 1869 1040 MCCCLXXVIH.

1202 1100 1483 1173 Bartholomaeus
1518 1134 1675 1174 Butillus,
1716 1134 1956 1180 Neapolitanus,

1200 1202 1290 1230 antea
1313 1194 1462 1229 Barensis
1480 1193 1756 1239 archiepiscopuS,
1776 1193 1896 1227 electus
1911 1202 1957 1228 est

1200 1263 1228 1287 et
1252 1252 1481 1287 inthronizatus
1504 1251 1669 1286 Romanus
1693 1251 1836 1285 Pontifex
1869 1251 1919 1285 die
1935 1254 1956 1285 9

1200 1312 1309 1359 aprilis
1336 1312 1441 1355 1578,
1466 1322 1640 1356 novemque
1670 1317 1739 1356 post
1769 1309 1837 1343 dies
1864 1321 1956 1343 coro-

1201 1378 1304 1408 natus,
1328 1368 1476 1403 Urbanus
1499 1367 1538 1401 Vl
1563 1367 1659 1402 voluit
1682 1366 1843 1414 appellari.
1867 1366 1958 1402 Sedit

1201 1428 1231 1462 in
1250 1426 1434 1474 pontificatu
1451 1438 1551 1460 annos
1568 1438 1615 1470 xi,
1633 1437 1758 1459 menses
1770 1437 1814 1464 vi.
1830 1425 1898 1459 dies
1911 1437 1956 1468 vi,

1199 1485 1238 1520 ab
1257 1484 1425 1519 electionis
1440 1484 1491 1518 die
1506 1482 1749 1530 computandos,
1773 1483 1956 1530 imperanti-

1201 1543 1260 1577 bus
1276 1542 1306 1576 in
1322 1541 1579 1576 Orienteloanne
1597 1540 1787 1586 Palaeologo‚
1802 1540 1957 1575 moxEm·

1200 1600 1345 1635 manuele
1361 1600 1398 1634 ll:
1428 1600 1458 1634 in
1478 1598 1590 1633 Occid.
1617 1598 1732 1632 Carolo
1759 1597 1812 1639 IV,
1839 1598 1957 1633 deinde

1199 1658 1402 1697 Wenceslao,
1423 1670 1493 1703 rege
1516 1656 1747 1691 Romanorum.
1775 1656 1863 1691 Obiit
1884 1656 1957 1691 Ro-

1199 1730 1267 1752 mae
1295 1717 1346 1751 die
1378 1719 1421 1750 t5
1449 1714 1589 1750 octobris
1620 1716 1726 1755 1589.
1755 1723 1785 1749 et
1811 1715 1956 1762 sepultus

1198 1783 1243 1810 est
1259 1775 1297 1809 ad
1309 1775 1342 1809 S.
1356 1774 1496 1809 Petrum.
1514 1772 1563 1807 Ab
1577 1772 1646 1807 eius
1662 1771 1748 1807 obitu
1766 1772 1802 1807 ad
1828 1773 1958 1808 electio-

1198 1847 1268 1868 nem
1292 1832 1445 1867 Bonil'acii
1475 1831 1515 1865 IX
1545 1831 1704 1865 fluxerunt
1745 1830 1813 1865 dies
1860 1844 1953 1866 xvrn.

1246 1891 1392 1926 Schisma
1422 1902 1534 1925 xxxiii
1565 1890 1594 1923 in
1624 1888 1766 1923 Ecclesia
1800 1889 1956 1930 Romana,

1197 1949 1280 1997 quod
1306 1949 1335 1983 in
1362 1948 1498 1983 concilio
1522 1947 1758 1982 Constantiensi
1782 1947 1956 1983 extinctum

1196 2017 1254 2043 esi.

1245 2068 1270 2102 Α
1294 2066 1507 2102 cardinalibus
1535 2066 1739 2101 tumultuarie
1756 2079 1793 2101 ac
1813 2079 1867 2113 pei·
1889 2078 1956 2101 me-

1197 2135 1260 2161 tum
1272 2126 1434 2161 Urbanum
1448 2138 1481 2160 se
1490 2125 1623 2171 elegisse
1637 2125 1862 2165 asserentibus,
1872 2124 1957 2160 Fun-

1195 2185 1316 2231 dosque
1355 2197 1389 2218 se
1418 2184 1562 2230 receptis,
1599 2183 1649 2217 die
1684 2185 1730 2218 20
1766 2184 1956 2230 septembris

1194 2244 1267 2277 anni
1295 2244 1389 2277 4578
1411 2250 1536 2277 creatus
1554 2249 1600 2276 est
1616 2242 1697 2277 alius
1713 2241 1868 2283 Pontifex,
1882 2241 1956 2277 Cle·

1196 2313 1285 2335 mens
1312 2301 1432 2335 scilicet
1454 2299 1521 2340 Vll,
1545 2309 1634 2335 antea
1657 2300 1817 2335 Robertus
1844 2315 1881 2336 ex
1897 2314 1954 2336 co-

1196 2359 1324 2394 mitibus
1338 2359 1616 2402 Geben-iensibus,
1628 2360 1798 2407 episcopus
1806 2359 1951 2395 Camera-

1194 2417 1380 2453 censisetS.
1397 2418 1434 2453 R.
1449 2418 1484 2453 E.
1499 2418 1603 2465 presb.
1623 2418 1789 2453 cardinalis
1804 2418 1882 2453 tituli
1899 2419 1950 2454 Ss.

1196 2475 1251 2510 Xll
1270 2476 1507 2522 Apostolorum.
1531 2476 1620 2511 Obiit
1643 2477 1806 2512 Avenione
1829 2477 1881 2512 die
1907 2482 1950 2512 16

1195 2534 1384 2580 septembris
1414 2537 1520 2574 1394,
1551 2543 1582 2569 et
1603 2535 1747 2582 sepultus
1765 2543 1811 2570 est
1835 2536 1863 2570 in
1887 2536 1950 2570 Ec-

1194 2592 1287 2627 clesia
1310 2592 1480 2627 cathedrali
1508 2593 1542 2628 S.
1572 2593 1686 2628 Mariae
1702 2593 1740 2628 (le
1763 2593 1875 2632 Donis,
1895 2606 1949 2629 xvi

1195 2650 1233 2685 ab
1256 2652 1409 2686 electione
1434 2664 1488 2686 sua
1512 2664 1596 2687 anno
1620 2652 1761 2687 nondum
1781 2652 1950 2700 completo.

1973 270 2019 295 An.
2038 268 2067 295 C.
2087 268 2154 294 ¹378
