<?xml version="1.0" encoding="UTF-8"?>
<!DOCTYPE html PUBLIC "-//W3C//DTD XHTML 1.0 Transitional//EN"
    "http://www.w3.org/TR/xhtml1/DTD/xhtml1-transitional.dtd">
<html xmlns="http://www.w3.org/1999/xhtml" xml:lang="en" lang="en">
 <head>
  <title>
</title>
<meta http-equiv="Content-Type" content="text/html;charset=utf-8" />
  <meta name='ocr-system' content='tesseract 3.04.00' />
  <meta name='ocr-capabilities' content='ocr_page ocr_carea ocr_par ocr_line ocrx_word'/>
</head>
<body>
  <div class='ocr_page' id='page_1' title='image "./bullarumdiplomat04cath_0157.png"; bbox 0 0 2274 3265; ppageno 0'>
   <div class='ocr_carea' id='block_1_1' title="bbox 113 285 296 312">
    <p class='ocr_par' dir='ltr' id='par_1_1' title="bbox 113 285 296 312">
     <span class='ocr_line' id='line_1_1' title="bbox 113 285 296 312; baseline 0.005 -1"><span class='ocrx_word' id='word_1_1' title='bbox 113 285 296 312; x_wconf 79' lang='lat' dir='ltr'>An.C.1297</span> 
     </span>
    </p>
   </div>
   <div class='ocr_carea' id='block_1_2' title="bbox 914 285 1105 307">
    <p class='ocr_par' dir='ltr' id='par_1_2' title="bbox 914 285 1105 307">
     <span class='ocr_line' id='line_1_2' title="bbox 914 285 1105 307; baseline 0 0"><span class='ocrx_word' id='word_1_2' title='bbox 914 285 1105 307; x_wconf 71' lang='lat' dir='ltr'>nostFACtts</span> 
     </span>
    </p>
   </div>
   <div class='ocr_carea' id='block_1_3' title="bbox 119 339 1063 387">
    <p class='ocr_par' dir='ltr' id='par_1_3' title="bbox 119 339 1063 387">
     <span class='ocr_line' id='line_1_3' title="bbox 119 339 1063 387; baseline -0.001 -13"><span class='ocrx_word' id='word_1_3' title='bbox 119 347 195 368; x_wconf 47' lang='lat' dir='ltr'>mmm·</span> <span class='ocrx_word' id='word_1_4' title='bbox 186 354 233 368; x_wconf 77' lang='lat'>&#39;¹¹¹</span> <span class='ocrx_word' id='word_1_5' title='bbox 228 353 298 374; x_wconf 72' lang='lat'><strong>“1¹¹⁰</strong></span> <span class='ocrx_word' id='word_1_6' title='bbox 315 339 397 386; x_wconf 72' lang='lat' dir='ltr'>1¹8ng</span> <span class='ocrx_word' id='word_1_7' title='bbox 419 348 448 374; x_wconf 77' lang='lat' dir='ltr'>el</span> <span class='ocrx_word' id='word_1_8' title='bbox 471 340 730 385; x_wconf 77' lang='lat' dir='ltr'>christianorum,</span> <span class='ocrx_word' id='word_1_9' title='bbox 752 349 834 375; x_wconf 69' lang='lat' dir='ltr'>SICUI.</span> <span class='ocrx_word' id='word_1_10' title='bbox 854 341 1003 387; x_wconf 69' lang='lat' dir='ltr'>superius</span> <span class='ocrx_word' id='word_1_11' title='bbox 1017 348 1063 374; x_wconf 80' lang='lat' dir='ltr'>CSl.</span> 
     </span>
    </p>
   </div>
   <div class='ocr_carea' id='block_1_4' title="bbox 113 380 299 467">
    <p class='ocr_par' dir='ltr' id='par_1_4' title="bbox 113 380 299 467">
     <span class='ocr_line' id='line_1_4' title="bbox 113 380 299 400; baseline 0.006 -2"><span class='ocrx_word' id='word_1_12' title='bbox 113 385 137 398; x_wconf 70' lang='lat' dir='ltr'>er</span> <span class='ocrx_word' id='word_1_13' title='bbox 141 383 208 400; x_wconf 62' lang='lat' dir='ltr'>eiurct</span> <span class='ocrx_word' id='word_1_14' title='bbox 240 380 272 399; x_wconf 99' lang='grc' dir='ltr'>ιι</span> <span class='ocrx_word' id='word_1_15' title='bbox 269 386 299 399; x_wconf 95' lang='grc' dir='ltr'>ι</span> 
     </span>
     <span class='ocr_line' id='line_1_5' title="bbox 113 414 284 430; baseline 0.006 -1.082"><span class='ocrx_word' id='word_1_16' title='bbox 113 414 151 430; x_wconf 75' lang='lat' dir='ltr'>siat</span> <span class='ocrx_word' id='word_1_17' title='bbox 142 416 193 430; x_wconf 85' lang='grc' dir='ltr'>ιιοι</span> <span class='ocrx_word' id='word_1_18' title='bbox 197 417 228 430; x_wconf 84' lang='grc' dir='ltr'>ιιιιι</span> <span class='ocrx_word' id='word_1_19' title='bbox 261 417 284 429; x_wconf 69' lang='lat' dir='ltr'>ra</span> 
     </span>
     <span class='ocr_line' id='line_1_6' title="bbox 113 441 295 467; baseline -0.011 -7"><span class='ocrx_word' id='word_1_20' title='bbox 113 445 139 467; x_wconf 77' lang='grc' dir='ltr'>[ιι</span> <span class='ocrx_word' id='word_1_21' title='bbox 144 441 205 460; x_wconf 75' lang='grc' dir='ltr'>νιιΙι1</span> <span class='ocrx_word' id='word_1_22' title='bbox 256 442 295 461; x_wconf 59' lang='lat' dir='ltr'>ndi.</span> 
     </span>
    </p>
   </div>
   <div class='ocr_carea' id='block_1_5' title="bbox 113 447 238 498">
    <p class='ocr_par' dir='ltr' id='par_1_5' title="bbox 113 447 238 498">
     <span class='ocr_line' id='line_1_7' title="bbox 113 447 238 498; baseline 0 -6"><span class='ocrx_word' id='word_1_23' title='bbox 113 447 238 498; x_wconf 41' lang='lat' dir='ltr'>spondet,-</span> 
     </span>
    </p>
   </div>
   <div class='ocr_carea' id='block_1_6' title="bbox 112 2327 298 2440">
    <p class='ocr_par' dir='ltr' id='par_1_6' title="bbox 112 2327 298 2440">
     <span class='ocr_line' id='line_1_8' title="bbox 120 2327 296 2354; baseline -0.006 -6"><span class='ocrx_word' id='word_1_24' title='bbox 120 2327 296 2354; x_wconf 70' lang='lat' dir='ltr'>Agaronosquam</span> 
     </span>
     <span class='ocr_line' id='line_1_9' title="bbox 113 2358 297 2384; baseline 0.005 -7"><span class='ocrx_word' id='word_1_25' title='bbox 113 2358 214 2384; x_wconf 68' lang='lat' dir='ltr'>plurimos</span> <span class='ocrx_word' id='word_1_26' title='bbox 245 2365 297 2379; x_wconf 73' lang='lat' dir='ltr'>con-</span> 
     </span>
     <span class='ocr_line' id='line_1_10' title="bbox 112 2389 298 2410; baseline -0.005 0"><span class='ocrx_word' id='word_1_27' title='bbox 112 2390 176 2410; x_wconf 75' lang='lat' dir='ltr'>vertit</span> <span class='ocrx_word' id='word_1_28' title='bbox 192 2390 216 2410; x_wconf 79' lang='lat' dir='ltr'>ad</span> <span class='ocrx_word' id='word_1_29' title='bbox 237 2389 298 2409; x_wconf 79' lang='lat' dir='ltr'>Chri-</span> 
     </span>
     <span class='ocr_line' id='line_1_11' title="bbox 114 2422 167 2440; baseline 0 0"><span class='ocrx_word' id='word_1_30' title='bbox 114 2422 167 2440; x_wconf 79' lang='lat' dir='ltr'>stum</span> 
     </span>
    </p>
   </div>
   <div class='ocr_carea' id='block_1_7' title="bbox 292 388 1063 436">
    <p class='ocr_par' dir='ltr' id='par_1_7' title="bbox 292 388 1063 436">
     <span class='ocr_line' id='line_1_12' title="bbox 292 388 1063 436; baseline 0 -13"><span class='ocrx_word' id='word_1_31' title='bbox 292 401 511 436; x_wconf 67' lang='lat' dir='ltr'>expressum,</span> <span class='ocrx_word' id='word_1_32' title='bbox 547 388 731 424; x_wconf 72' lang='lat' dir='ltr'>liberatione</span> <span class='ocrx_word' id='word_1_33' title='bbox 756 396 904 424; x_wconf 87' lang='lat' dir='ltr'>tractatus</span> <span class='ocrx_word' id='word_1_34' title='bbox 927 389 1063 433; x_wconf 77' lang='lat' dir='ltr'>babilas,</span> 
     </span>
    </p>
   </div>
   <div class='ocr_carea' id='block_1_8' title="bbox 309 438 1068 2713">
    <p class='ocr_par' dir='ltr' id='par_1_8' title="bbox 309 438 1067 2259">
     <span class='ocr_line' id='line_1_13' title="bbox 312 438 1064 473; baseline 0 0"><span class='ocrx_word' id='word_1_35' title='bbox 312 446 342 473; x_wconf 92' lang='lat' dir='ltr'>et</span> <span class='ocrx_word' id='word_1_36' title='bbox 368 439 615 473; x_wconf 71' lang='lat' dir='ltr'><strong>conventionum</strong></span> <span class='ocrx_word' id='word_1_37' title='bbox 645 439 814 473; x_wconf 88' lang='lat' dir='ltr'>subsecuta</span> <span class='ocrx_word' id='word_1_38' title='bbox 837 438 994 473; x_wconf 89' lang='lat' dir='ltr'>ordinatio</span> <span class='ocrx_word' id='word_1_39' title='bbox 1009 451 1064 473; x_wconf 80' lang='lat' dir='ltr'>ex-</span> 
     </span>
     <span class='ocr_line' id='line_1_14' title="bbox 312 487 1064 535; baseline 0.003 -14"><span class='ocrx_word' id='word_1_40' title='bbox 312 488 467 532; x_wconf 88' lang='lat' dir='ltr'>titissent,</span> <span class='ocrx_word' id='word_1_41' title='bbox 508 488 656 523; x_wconf 80' lang='lat' dir='ltr'>Saraceni</span> <span class='ocrx_word' id='word_1_42' title='bbox 703 500 758 534; x_wconf 89' lang='lat' dir='ltr'>pro</span> <span class='ocrx_word' id='word_1_43' title='bbox 801 487 935 535; x_wconf 87' lang='lat' dir='ltr'>quadam</span> <span class='ocrx_word' id='word_1_44' title='bbox 978 496 1064 534; x_wconf 87' lang='lat' dir='ltr'>parte</span> 
     </span>
     <span class='ocr_line' id='line_1_15' title="bbox 312 536 1065 584; baseline 0 -13"><span class='ocrx_word' id='word_1_45' title='bbox 312 537 403 584; x_wconf 91' lang='lat' dir='ltr'>pretii</span> <span class='ocrx_word' id='word_1_46' title='bbox 426 537 654 584; x_wconf 79' lang='lat' dir='ltr'>redemptionis</span> <span class='ocrx_word' id='word_1_47' title='bbox 676 536 871 577; x_wconf 81' lang='lat' dir='ltr'>huiusmodi,</span> <span class='ocrx_word' id='word_1_48' title='bbox 894 549 974 584; x_wconf 87' lang='lat' dir='ltr'>quae</span> <span class='ocrx_word' id='word_1_49' title='bbox 1000 537 1065 572; x_wconf 85' lang='lat' dir='ltr'>sol-</span> 
     </span>
     <span class='ocr_line' id='line_1_16' title="bbox 312 586 1062 633; baseline 0 -12"><span class='ocrx_word' id='word_1_50' title='bbox 312 586 411 621; x_wconf 88' lang='lat' dir='ltr'>venda</span> <span class='ocrx_word' id='word_1_51' title='bbox 459 586 613 629; x_wconf 86' lang='lat' dir='ltr'>restabat,</span> <span class='ocrx_word' id='word_1_52' title='bbox 648 586 851 621; x_wconf 73' lang='lat' dir='ltr'>securitatem</span> <span class='ocrx_word' id='word_1_53' title='bbox 890 586 1062 633; x_wconf 77' lang='lat' dir='ltr'>plenariam</span> 
     </span>
     <span class='ocr_line' id='line_1_17' title="bbox 312 635 1064 683; baseline 0 -12"><span class='ocrx_word' id='word_1_54' title='bbox 312 635 428 671; x_wconf 89' lang='lat' dir='ltr'>hahere</span> <span class='ocrx_word' id='word_1_55' title='bbox 451 635 669 674; x_wconf 73' lang='lat' dir='ltr'>intendentes,</span> <span class='ocrx_word' id='word_1_56' title='bbox 693 635 721 669; x_wconf 92' lang='lat' dir='ltr'>in</span> <span class='ocrx_word' id='word_1_57' title='bbox 750 635 937 670; x_wconf 82' lang='lat' dir='ltr'>electionem</span> <span class='ocrx_word' id='word_1_58' title='bbox 963 636 1064 683; x_wconf 87' lang='lat' dir='ltr'>ipsius</span> 
     </span>
     <span class='ocr_line' id='line_1_18' title="bbox 313 685 1064 732; baseline 0.001 -13"><span class='ocrx_word' id='word_1_59' title='bbox 313 686 394 732; x_wconf 83' lang='lat' dir='ltr'>regis</span> <span class='ocrx_word' id='word_1_60' title='bbox 423 685 560 720; x_wconf 87' lang='lat' dir='ltr'>totaliter</span> <span class='ocrx_word' id='word_1_61' title='bbox 579 693 771 732; x_wconf 74' lang='lat' dir='ltr'>posuerunt3</span> <span class='ocrx_word' id='word_1_62' title='bbox 799 692 832 720; x_wconf 87' lang='lat' dir='ltr'>ut</span> <span class='ocrx_word' id='word_1_63' title='bbox 854 685 900 719; x_wconf 73' lang='lat' dir='ltr'>vel</span> <span class='ocrx_word' id='word_1_64' title='bbox 932 685 998 732; x_wconf 83' lang='lat' dir='ltr'>ipse</span> <span class='ocrx_word' id='word_1_65' title='bbox 1024 686 1064 720; x_wconf 90' lang='lat' dir='ltr'>li-</span> 
     </span>
     <span class='ocr_line' id='line_1_19' title="bbox 312 734 1064 774; baseline 0 -5"><span class='ocrx_word' id='word_1_66' title='bbox 312 734 474 769; x_wconf 81' lang='lat' dir='ltr'>beraretur</span> <span class='ocrx_word' id='word_1_67' title='bbox 491 747 508 769; x_wconf 90' lang='lat' dir='ltr'>a</span> <span class='ocrx_word' id='word_1_68' title='bbox 523 746 659 774; x_wconf 73' lang='lat' dir='ltr'>carcere,</span> <span class='ocrx_word' id='word_1_69' title='bbox 679 734 916 769; x_wconf 83' lang='lat' dir='ltr'>remanentibus</span> <span class='ocrx_word' id='word_1_70' title='bbox 932 735 1064 770; x_wconf 89' lang='lat' dir='ltr'>caeteris</span> 
     </span>
     <span class='ocr_line' id='line_1_20' title="bbox 311 783 1063 827; baseline 0.001 -9"><span class='ocrx_word' id='word_1_71' title='bbox 311 783 489 818; x_wconf 86' lang='lat' dir='ltr'>christianis</span> <span class='ocrx_word' id='word_1_72' title='bbox 518 783 547 817; x_wconf 88' lang='grc' dir='ltr'>ιιι</span> <span class='ocrx_word' id='word_1_73' title='bbox 578 783 730 827; x_wconf 70' lang='lat' dir='ltr'>tineulis,</span> <span class='ocrx_word' id='word_1_74' title='bbox 758 783 859 818; x_wconf 87' lang='lat' dir='ltr'>donec</span> <span class='ocrx_word' id='word_1_75' title='bbox 883 784 1063 819; x_wconf 84' lang='lat' dir='ltr'>huiusmodi</span> 
     </span>
     <span class='ocr_line' id='line_1_21' title="bbox 312 832 1061 880; baseline 0.001 -13"><span class='ocrx_word' id='word_1_76' title='bbox 312 833 427 868; x_wconf 86' lang='lat' dir='ltr'>solutio</span> <span class='ocrx_word' id='word_1_77' title='bbox 442 832 578 880; x_wconf 84' lang='lat' dir='ltr'>perfecta</span> <span class='ocrx_word' id='word_1_78' title='bbox 600 833 796 874; x_wconf 31' lang='lat' dir='ltr'>succedeiffet</span> <span class='ocrx_word' id='word_1_79' title='bbox 818 833 863 867; x_wconf 81' lang='lat' dir='ltr'>vel</span> <span class='ocrx_word' id='word_1_80' title='bbox 879 833 963 880; x_wconf 87' lang='lat' dir='ltr'>quod</span> <span class='ocrx_word' id='word_1_81' title='bbox 981 834 1061 868; x_wconf 85' lang='lat' dir='ltr'>idem</span> 
     </span>
     <span class='ocr_line' id='line_1_22' title="bbox 313 882 1064 930; baseline 0.003 -14"><span class='ocrx_word' id='word_1_82' title='bbox 313 883 342 916; x_wconf 86' lang='lat' dir='ltr'>in</span> <span class='ocrx_word' id='word_1_83' title='bbox 376 893 502 917; x_wconf 88' lang='lat' dir='ltr'>carcere</span> <span class='ocrx_word' id='word_1_84' title='bbox 540 890 737 923; x_wconf 80' lang='lat' dir='ltr'>iemaneret‚</span> <span class='ocrx_word' id='word_1_85' title='bbox 771 882 951 918; x_wconf 75' lang='lat' dir='ltr'>christianis</span> <span class='ocrx_word' id='word_1_86' title='bbox 987 884 1064 930; x_wconf 90' lang='lat' dir='ltr'>ipsis</span> 
     </span>
     <span class='ocr_line' id='line_1_23' title="bbox 311 931 1065 980; baseline 0.003 -15"><span class='ocrx_word' id='word_1_87' title='bbox 311 931 494 966; x_wconf 86' lang='lat' dir='ltr'>omnimode</span> <span class='ocrx_word' id='word_1_88' title='bbox 527 931 684 976; x_wconf 89' lang='lat' dir='ltr'>liberatis,</span> <span class='ocrx_word' id='word_1_89' title='bbox 713 932 871 979; x_wconf 82' lang='lat' dir='ltr'>praefatus</span> <span class='ocrx_word' id='word_1_90' title='bbox 894 945 947 967; x_wconf 79' lang='lat' dir='ltr'>rex</span> <span class='ocrx_word' id='word_1_91' title='bbox 970 945 1065 980; x_wconf 86' lang='lat' dir='ltr'>super</span> 
     </span>
     <span class='ocr_line' id='line_1_24' title="bbox 312 980 1063 1029; baseline 0.001 -14"><span class='ocrx_word' id='word_1_92' title='bbox 312 980 372 1016; x_wconf 87' lang='lat' dir='ltr'>boc</span> <span class='ocrx_word' id='word_1_93' title='bbox 399 989 579 1028; x_wconf 86' lang='lat' dir='ltr'>promptum</span> <span class='ocrx_word' id='word_1_94' title='bbox 615 993 674 1016; x_wconf 90' lang='lat' dir='ltr'>nec</span> <span class='ocrx_word' id='word_1_95' title='bbox 707 981 836 1015; x_wconf 84' lang='lat' dir='ltr'>dilatum</span> <span class='ocrx_word' id='word_1_96' title='bbox 875 993 1063 1029; x_wconf 80' lang='lat' dir='ltr'>responsum</span> 
     </span>
     <span class='ocr_line' id='line_1_25' title="bbox 312 1029 1065 1077; baseline 0.004 -13"><span class='ocrx_word' id='word_1_97' title='bbox 312 1029 468 1076; x_wconf 87' lang='lat' dir='ltr'>praebuit:</span> <span class='ocrx_word' id='word_1_98' title='bbox 496 1029 581 1077; x_wconf 90' lang='lat' dir='ltr'>quod</span> <span class='ocrx_word' id='word_1_99' title='bbox 606 1029 687 1076; x_wconf 77' lang='lat' dir='ltr'>ipse,</span> <span class='ocrx_word' id='word_1_100' title='bbox 710 1043 876 1077; x_wconf 88' lang='lat' dir='ltr'>quousque</span> <span class='ocrx_word' id='word_1_101' title='bbox 898 1031 1065 1067; x_wconf 83' lang='lat' dir='ltr'>solutionis</span> 
     </span>
     <span class='ocr_line' id='line_1_26' title="bbox 312 1079 1064 1126; baseline 0.003 -13"><span class='ocrx_word' id='word_1_102' title='bbox 312 1079 495 1114; x_wconf 87' lang='lat' dir='ltr'>huiusmodi</span> <span class='ocrx_word' id='word_1_103' title='bbox 516 1080 696 1126; x_wconf 81' lang='lat' dir='ltr'>proveniret</span> <span class='ocrx_word' id='word_1_104' title='bbox 714 1080 888 1125; x_wconf 71' lang='lat' dir='ltr'>integritas,</span> <span class='ocrx_word' id='word_1_105' title='bbox 903 1093 1064 1116; x_wconf 85' lang='lat' dir='ltr'>remanere</span> 
     </span>
     <span class='ocr_line' id='line_1_27' title="bbox 313 1128 1065 1173; baseline 0.004 -11"><span class='ocrx_word' id='word_1_106' title='bbox 313 1129 343 1163; x_wconf 91' lang='lat' dir='ltr'>in</span> <span class='ocrx_word' id='word_1_107' title='bbox 371 1141 496 1163; x_wconf 85' lang='lat' dir='ltr'>carcere</span> <span class='ocrx_word' id='word_1_108' title='bbox 524 1128 727 1173; x_wconf 78' lang='lat' dir='ltr'>intendebat,</span> <span class='ocrx_word' id='word_1_109' title='bbox 764 1129 942 1164; x_wconf 90' lang='lat' dir='ltr'>christianis</span> <span class='ocrx_word' id='word_1_110' title='bbox 976 1130 1065 1165; x_wconf 89' lang='lat' dir='ltr'>eius-</span> 
     </span>
     <span class='ocr_line' id='line_1_28' title="bbox 312 1177 1065 1226; baseline 0.001 -13"><span class='ocrx_word' id='word_1_111' title='bbox 312 1178 383 1213; x_wconf 89' lang='lat' dir='ltr'>dem</span> <span class='ocrx_word' id='word_1_112' title='bbox 407 1177 541 1213; x_wconf 87' lang='lat' dir='ltr'>libertati</span> <span class='ocrx_word' id='word_1_113' title='bbox 574 1178 722 1225; x_wconf 85' lang='lat' dir='ltr'>pristinae</span> <span class='ocrx_word' id='word_1_114' title='bbox 750 1179 919 1220; x_wconf 88' lang='lat' dir='ltr'>restitutis‚</span> <span class='ocrx_word' id='word_1_115' title='bbox 952 1191 1065 1226; x_wconf 90' lang='lat' dir='ltr'>quam-</span> 
     </span>
     <span class='ocr_line' id='line_1_29' title="bbox 310 1226 1065 1275; baseline 0.001 -13"><span class='ocrx_word' id='word_1_116' title='bbox 310 1240 405 1275; x_wconf 87' lang='lat' dir='ltr'>quam</span> <span class='ocrx_word' id='word_1_117' title='bbox 430 1227 558 1274; x_wconf 86' lang='lat' dir='ltr'>praefati</span> <span class='ocrx_word' id='word_1_118' title='bbox 585 1226 770 1274; x_wconf 79' lang='lat' dir='ltr'>Alpbonsus</span> <span class='ocrx_word' id='word_1_119' title='bbox 799 1236 829 1262; x_wconf 90' lang='lat' dir='ltr'>et</span> <span class='ocrx_word' id='word_1_120' title='bbox 857 1227 1002 1272; x_wconf 79' lang='lat' dir='ltr'>Carolus,</span> <span class='ocrx_word' id='word_1_121' title='bbox 1030 1241 1065 1263; x_wconf 89' lang='lat' dir='ltr'>ac</span> 
     </span>
     <span class='ocr_line' id='line_1_30' title="bbox 310 1276 1065 1325; baseline 0.001 -14"><span class='ocrx_word' id='word_1_122' title='bbox 310 1277 361 1311; x_wconf 89' lang='lat' dir='ltr'>alii</span> <span class='ocrx_word' id='word_1_123' title='bbox 391 1277 446 1310; x_wconf 84' lang='lat' dir='ltr'>viri</span> <span class='ocrx_word' id='word_1_124' title='bbox 481 1276 603 1311; x_wconf 90' lang='lat' dir='ltr'>nobiles</span> <span class='ocrx_word' id='word_1_125' title='bbox 636 1286 712 1311; x_wconf 88' lang='lat' dir='ltr'>tunc</span> <span class='ocrx_word' id='word_1_126' title='bbox 744 1285 884 1312; x_wconf 78' lang='lat' dir='ltr'>astantes</span> <span class='ocrx_word' id='word_1_127' title='bbox 917 1290 1065 1325; x_wconf 81' lang='lat' dir='ltr'>expresse</span> 
     </span>
     <span class='ocr_line' id='line_1_31' title="bbox 310 1326 1065 1381; baseline 0 -20"><span class='ocrx_word' id='word_1_128' title='bbox 310 1326 462 1366; x_wconf 86' lang='lat' dir='ltr'>dicerent,</span> <span class='ocrx_word' id='word_1_129' title='bbox 485 1333 516 1361; x_wconf 91' lang='lat' dir='ltr'>et</span> <span class='ocrx_word' id='word_1_130' title='bbox 544 1326 767 1373; x_wconf 79' lang='lat' dir='ltr'>profiterentur</span> <span class='ocrx_word' id='word_1_131' title='bbox 788 1327 948 1381; x_wconf 81' lang='lat' dir='ltr'>apertius.</span> <span class='ocrx_word' id='word_1_132' title='bbox 980 1327 1065 1374; x_wconf 89' lang='lat' dir='ltr'>quod</span> 
     </span>
     <span class='ocr_line' id='line_1_32' title="bbox 311 1374 1064 1423; baseline 0.003 -14"><span class='ocrx_word' id='word_1_133' title='bbox 311 1376 340 1409; x_wconf 90' lang='lat' dir='ltr'>in</span> <span class='ocrx_word' id='word_1_134' title='bbox 363 1375 424 1410; x_wconf 90' lang='lat' dir='ltr'>hoc</span> <span class='ocrx_word' id='word_1_135' title='bbox 451 1374 630 1410; x_wconf 89' lang='lat' dir='ltr'>nullatenus</span> <span class='ocrx_word' id='word_1_136' title='bbox 656 1376 892 1419; x_wconf 82' lang='lat' dir='ltr'>consentirent,</span> <span class='ocrx_word' id='word_1_137' title='bbox 929 1377 1064 1423; x_wconf 85' lang='lat' dir='ltr'>supplici</span> 
     </span>
     <span class='ocr_line' id='line_1_33' title="bbox 309 1424 1065 1480; baseline 0.001 -21"><span class='ocrx_word' id='word_1_138' title='bbox 309 1424 494 1459; x_wconf 88' lang='lat' dir='ltr'>adiicientes</span> <span class='ocrx_word' id='word_1_139' title='bbox 513 1424 672 1479; x_wconf 84' lang='lat' dir='ltr'>instantia,</span> <span class='ocrx_word' id='word_1_140' title='bbox 694 1424 778 1471; x_wconf 86' lang='lat' dir='ltr'>quod</span> <span class='ocrx_word' id='word_1_141' title='bbox 800 1425 904 1471; x_wconf 82' lang='lat' dir='ltr'>potius</span> <span class='ocrx_word' id='word_1_142' title='bbox 924 1437 975 1460; x_wconf 76' lang='lat' dir='ltr'>tex</span> <span class='ocrx_word' id='word_1_143' title='bbox 997 1438 1065 1480; x_wconf 73' lang='lat' dir='ltr'>ipse</span> 
     </span>
     <span class='ocr_line' id='line_1_34' title="bbox 311 1473 1066 1522; baseline 0.001 -13"><span class='ocrx_word' id='word_1_144' title='bbox 311 1473 482 1514; x_wconf 86' lang='lat' dir='ltr'>recederet</span> <span class='ocrx_word' id='word_1_145' title='bbox 497 1473 567 1508; x_wconf 90' lang='lat' dir='ltr'>aliis</span> <span class='ocrx_word' id='word_1_146' title='bbox 579 1474 708 1508; x_wconf 91' lang='lat' dir='ltr'>minime</span> <span class='ocrx_word' id='word_1_147' title='bbox 731 1474 895 1519; x_wconf 84' lang='lat' dir='ltr'>absolutis,</span> <span class='ocrx_word' id='word_1_148' title='bbox 909 1487 981 1521; x_wconf 56' lang='lat' dir='ltr'>rene</span> <span class='ocrx_word' id='word_1_149' title='bbox 998 1488 1066 1522; x_wconf 85' lang='lat' dir='ltr'>ipso</span> 
     </span>
     <span class='ocr_line' id='line_1_35' title="bbox 311 1522 1067 1570; baseline 0.001 -12"><span class='ocrx_word' id='word_1_150' title='bbox 311 1523 490 1558; x_wconf 81' lang='lat' dir='ltr'>firmissime</span> <span class='ocrx_word' id='word_1_151' title='bbox 533 1522 704 1570; x_wconf 85' lang='lat' dir='ltr'>replicante</span> <span class='ocrx_word' id='word_1_152' title='bbox 743 1525 934 1558; x_wconf 88' lang='lat' dir='ltr'>contrarium</span> <span class='ocrx_word' id='word_1_153' title='bbox 951 1552 958 1565; x_wconf 65' lang='grc' dir='ltr'>ι</span> <span class='ocrx_word' id='word_1_154' title='bbox 1008 1536 1067 1559; x_wconf 90' lang='lat' dir='ltr'>nec</span> 
     </span>
     <span class='ocr_line' id='line_1_36' title="bbox 310 1572 1066 1608; baseline 0 0"><span class='ocrx_word' id='word_1_155' title='bbox 310 1573 504 1608; x_wconf 87' lang='lat' dir='ltr'>assentiente</span> <span class='ocrx_word' id='word_1_156' title='bbox 543 1572 745 1608; x_wconf 88' lang='lat' dir='ltr'>sermonibus</span> <span class='ocrx_word' id='word_1_157' title='bbox 783 1574 980 1608; x_wconf 86' lang='lat' dir='ltr'>eorumdem.</span> <span class='ocrx_word' id='word_1_158' title='bbox 1027 1574 1066 1608; x_wconf 90' lang='lat' dir='ltr'>Et</span> 
     </span>
     <span class='ocr_line' id='line_1_37' title="bbox 309 1622 1065 1670; baseline 0 -12"><span class='ocrx_word' id='word_1_159' title='bbox 309 1622 435 1658; x_wconf 87' lang='lat' dir='ltr'>tandem</span> <span class='ocrx_word' id='word_1_160' title='bbox 459 1634 532 1669; x_wconf 80' lang='lat' dir='ltr'>rege</span> <span class='ocrx_word' id='word_1_161' title='bbox 561 1622 757 1670; x_wconf 87' lang='lat' dir='ltr'>caeterisque</span> <span class='ocrx_word' id='word_1_162' title='bbox 784 1623 916 1670; x_wconf 89' lang='lat' dir='ltr'>captivis</span> <span class='ocrx_word' id='word_1_163' title='bbox 943 1623 1065 1658; x_wconf 86' lang='lat' dir='ltr'>eisdem</span> 
     </span>
     <span class='ocr_line' id='line_1_38' title="bbox 312 1671 1066 1719; baseline 0.003 -13"><span class='ocrx_word' id='word_1_164' title='bbox 312 1672 403 1719; x_wconf 89' lang='lat' dir='ltr'>plene</span> <span class='ocrx_word' id='word_1_165' title='bbox 419 1671 551 1707; x_wconf 88' lang='lat' dir='ltr'>redditis</span> <span class='ocrx_word' id='word_1_166' title='bbox 567 1671 715 1713; x_wconf 84' lang='lat' dir='ltr'>libertati,</span> <span class='ocrx_word' id='word_1_167' title='bbox 739 1672 885 1719; x_wconf 80' lang='lat' dir='ltr'>dictoque</span> <span class='ocrx_word' id='word_1_168' title='bbox 900 1672 1066 1719; x_wconf 85' lang='lat' dir='ltr'>Alplionso</span> 
     </span>
     <span class='ocr_line' id='line_1_39' title="bbox 311 1720 1066 1769; baseline 0.001 -13"><span class='ocrx_word' id='word_1_169' title='bbox 311 1734 366 1767; x_wconf 86' lang='lat' dir='ltr'>pro</span> <span class='ocrx_word' id='word_1_170' title='bbox 388 1721 533 1756; x_wconf 89' lang='lat' dir='ltr'>eiusdem</span> <span class='ocrx_word' id='word_1_171' title='bbox 556 1720 724 1757; x_wconf 88' lang='lat' dir='ltr'>solutionis</span> <span class='ocrx_word' id='word_1_172' title='bbox 744 1721 936 1769; x_wconf 84' lang='lat' dir='ltr'>perfectione</span> <span class='ocrx_word' id='word_1_173' title='bbox 956 1722 1066 1757; x_wconf 88' lang='lat' dir='ltr'>obside</span> 
     </span>
     <span class='ocr_line' id='line_1_40' title="bbox 311 1770 1065 1818; baseline 0 -12"><span class='ocrx_word' id='word_1_174' title='bbox 311 1771 451 1806; x_wconf 78' lang='lat' dir='ltr'>facienda</span> <span class='ocrx_word' id='word_1_175' title='bbox 475 1770 625 1813; x_wconf 80' lang='lat' dir='ltr'>dimisso,</span> <span class='ocrx_word' id='word_1_176' title='bbox 651 1771 810 1818; x_wconf 87' lang='lat' dir='ltr'>praefatus</span> <span class='ocrx_word' id='word_1_177' title='bbox 826 1784 879 1806; x_wconf 84' lang='lat' dir='ltr'>rex</span> <span class='ocrx_word' id='word_1_178' title='bbox 898 1771 937 1806; x_wconf 88' lang='lat' dir='ltr'>de</span> <span class='ocrx_word' id='word_1_179' title='bbox 959 1771 1065 1818; x_wconf 78' lang='lat' dir='ltr'>galea,</span> 
     </span>
     <span class='ocr_line' id='line_1_41' title="bbox 311 1820 1067 1869; baseline 0.003 -15"><span class='ocrx_word' id='word_1_180' title='bbox 311 1822 341 1855; x_wconf 90' lang='lat' dir='ltr'>in</span> <span class='ocrx_word' id='word_1_181' title='bbox 364 1833 426 1868; x_wconf 86' lang='lat' dir='ltr'>qua</span> <span class='ocrx_word' id='word_1_182' title='bbox 448 1831 525 1865; x_wconf 86' lang='lat' dir='ltr'>erat,</span> <span class='ocrx_word' id='word_1_183' title='bbox 556 1820 665 1867; x_wconf 79' lang='lat' dir='ltr'>egredi</span> <span class='ocrx_word' id='word_1_184' title='bbox 691 1822 804 1863; x_wconf 82' lang='lat' dir='ltr'>noluit,</span> <span class='ocrx_word' id='word_1_185' title='bbox 840 1821 942 1856; x_wconf 86' lang='lat' dir='ltr'>donec</span> <span class='ocrx_word' id='word_1_186' title='bbox 966 1822 1067 1869; x_wconf 88' lang='lat' dir='ltr'>ipsius</span> 
     </span>
     <span class='ocr_line' id='line_1_42' title="bbox 310 1870 1067 1919; baseline 0 -14"><span class='ocrx_word' id='word_1_187' title='bbox 310 1870 476 1906; x_wconf 90' lang='lat' dir='ltr'>solutionis</span> <span class='ocrx_word' id='word_1_188' title='bbox 503 1870 647 1906; x_wconf 88' lang='lat' dir='ltr'>defectus</span> <span class='ocrx_word' id='word_1_189' title='bbox 670 1872 770 1907; x_wconf 79' lang='lat' dir='ltr'>extitit</span> <span class='ocrx_word' id='word_1_190' title='bbox 794 1871 998 1919; x_wconf 84' lang='lat' dir='ltr'>adimpletus,</span> <span class='ocrx_word' id='word_1_191' title='bbox 1021 1871 1067 1906; x_wconf 90' lang='lat' dir='ltr'>di-</span> 
     </span>
     <span class='ocr_line' id='line_1_43' title="bbox 311 1921 1065 1968; baseline 0.004 -13"><span class='ocrx_word' id='word_1_192' title='bbox 311 1929 446 1968; x_wconf 87' lang='lat' dir='ltr'>ctusque</span> <span class='ocrx_word' id='word_1_193' title='bbox 473 1921 659 1968; x_wconf 76' lang='lat' dir='ltr'>Alphonsus</span> <span class='ocrx_word' id='word_1_194' title='bbox 692 1922 730 1956; x_wconf 88' lang='lat' dir='ltr'>ad</span> <span class='ocrx_word' id='word_1_195' title='bbox 765 1922 833 1957; x_wconf 88' lang='lat' dir='ltr'>eius</span> <span class='ocrx_word' id='word_1_196' title='bbox 857 1924 1065 1968; x_wconf 84' lang='lat' dir='ltr'>praesentiam</span> 
     </span>
     <span class='ocr_line' id='line_1_44' title="bbox 311 1970 1065 2020; baseline 0.004 -15"><span class='ocrx_word' id='word_1_197' title='bbox 311 1970 413 2014; x_wconf 80' lang='lat' dir='ltr'>rediit,</span> <span class='ocrx_word' id='word_1_198' title='bbox 436 1984 471 2006; x_wconf 87' lang='lat' dir='ltr'>ac</span> <span class='ocrx_word' id='word_1_199' title='bbox 493 1984 604 2006; x_wconf 90' lang='lat' dir='ltr'>omnes</span> <span class='ocrx_word' id='word_1_200' title='bbox 622 1972 714 2006; x_wconf 89' lang='lat' dir='ltr'>etiam</span> <span class='ocrx_word' id='word_1_201' title='bbox 736 1972 912 2013; x_wconf 76' lang='lat' dir='ltr'>christiani,</span> <span class='ocrx_word' id='word_1_202' title='bbox 936 1985 1015 2020; x_wconf 87' lang='lat' dir='ltr'>quos</span> <span class='ocrx_word' id='word_1_203' title='bbox 1035 1973 1065 2008; x_wconf 95' lang='lat' dir='ltr'>in</span> 
     </span>
     <span class='ocr_line' id='line_1_45' title="bbox 312 2021 1065 2068; baseline 0.004 -13"><span class='ocrx_word' id='word_1_204' title='bbox 312 2021 489 2068; x_wconf 87' lang='lat' dir='ltr'>propinquo</span> <span class='ocrx_word' id='word_1_205' title='bbox 538 2033 663 2056; x_wconf 87' lang='lat' dir='ltr'>carcere</span> <span class='ocrx_word' id='word_1_206' title='bbox 702 2021 863 2057; x_wconf 87' lang='lat' dir='ltr'>detinebat</span> <span class='ocrx_word' id='word_1_207' title='bbox 906 2023 1065 2068; x_wconf 86' lang='lat' dir='ltr'>inclusos,</span> 
     </span>
     <span class='ocr_line' id='line_1_46' title="bbox 311 2070 1065 2119; baseline 0.003 -14"><span class='ocrx_word' id='word_1_208' title='bbox 311 2082 453 2117; x_wconf 91' lang='lat' dir='ltr'>quosque</span> <span class='ocrx_word' id='word_1_209' title='bbox 481 2071 510 2104; x_wconf 92' lang='lat' dir='ltr'>in</span> <span class='ocrx_word' id='word_1_210' title='bbox 543 2070 750 2119; x_wconf 73' lang='lat' dir='ltr'>Babyloniam</span> <span class='ocrx_word' id='word_1_211' title='bbox 791 2084 902 2106; x_wconf 89' lang='lat' dir='ltr'>manus</span> <span class='ocrx_word' id='word_1_212' title='bbox 939 2072 1065 2108; x_wconf 86' lang='lat' dir='ltr'>inimica</span> 
     </span>
     <span class='ocr_line' id='line_1_47' title="bbox 311 2120 1065 2161; baseline 0.004 -7"><span class='ocrx_word' id='word_1_213' title='bbox 311 2132 374 2155; x_wconf 88' lang='lat' dir='ltr'>non</span> <span class='ocrx_word' id='word_1_214' title='bbox 404 2128 555 2161; x_wconf 78' lang='lat' dir='ltr'>traxerat,</span> <span class='ocrx_word' id='word_1_215' title='bbox 591 2120 710 2155; x_wconf 89' lang='lat' dir='ltr'>liberati</span> <span class='ocrx_word' id='word_1_216' title='bbox 745 2134 760 2155; x_wconf 87' lang='lat' dir='ltr'>a</span> <span class='ocrx_word' id='word_1_217' title='bbox 794 2122 940 2161; x_wconf 82' lang='lat' dir='ltr'>vinculis,</span> <span class='ocrx_word' id='word_1_218' title='bbox 963 2134 998 2157; x_wconf 87' lang='lat' dir='ltr'>ac</span> <span class='ocrx_word' id='word_1_219' title='bbox 1024 2123 1065 2157; x_wconf 91' lang='lat' dir='ltr'>illi</span> 
     </span>
     <span class='ocr_line' id='line_1_48' title="bbox 311 2170 1065 2217; baseline 0.005 -14"><span class='ocrx_word' id='word_1_220' title='bbox 311 2170 426 2210; x_wconf 80' lang='lat' dir='ltr'>etiam,</span> <span class='ocrx_word' id='word_1_221' title='bbox 449 2170 503 2217; x_wconf 91' lang='lat' dir='ltr'>qui</span> <span class='ocrx_word' id='word_1_222' title='bbox 527 2178 602 2204; x_wconf 89' lang='lat' dir='ltr'>tunc</span> <span class='ocrx_word' id='word_1_223' title='bbox 625 2171 654 2204; x_wconf 92' lang='lat' dir='ltr'>in</span> <span class='ocrx_word' id='word_1_224' title='bbox 683 2170 828 2206; x_wconf 90' lang='lat' dir='ltr'>Damiata</span> <span class='ocrx_word' id='word_1_225' title='bbox 851 2171 996 2207; x_wconf 85' lang='lat' dir='ltr'>similiter</span> <span class='ocrx_word' id='word_1_226' title='bbox 1028 2181 1065 2207; x_wconf 91' lang='lat' dir='ltr'>te·</span> 
     </span>
     <span class='ocr_line' id='line_1_49' title="bbox 312 2218 1064 2259; baseline 0.004 -6"><span class='ocrx_word' id='word_1_227' title='bbox 312 2218 483 2259; x_wconf 83' lang='lat' dir='ltr'>nebantur‚</span> <span class='ocrx_word' id='word_1_228' title='bbox 516 2219 645 2254; x_wconf 83' lang='lat' dir='ltr'>fuerunt</span> <span class='ocrx_word' id='word_1_229' title='bbox 681 2220 712 2254; x_wconf 90' lang='lat' dir='ltr'>in</span> <span class='ocrx_word' id='word_1_230' title='bbox 749 2221 882 2255; x_wconf 68' lang='lat' dir='ltr'>navibus</span> <span class='ocrx_word' id='word_1_231' title='bbox 909 2221 1064 2256; x_wconf 88' lang='lat' dir='ltr'>collocati.</span> 
     </span>
    </p>

    <p class='ocr_par' dir='ltr' id='par_1_9' title="bbox 313 2269 1068 2713">
     <span class='ocr_line' id='line_1_50' title="bbox 360 2269 1067 2316; baseline 0.004 -13"><span class='ocrx_word' id='word_1_232' title='bbox 360 2269 381 2316; x_wconf 63' lang='lat' dir='ltr'>S</span> <span class='ocrx_word' id='word_1_233' title='bbox 405 2271 460 2303; x_wconf 77' lang='lat'>1¹.</span> <span class='ocrx_word' id='word_1_234' title='bbox 486 2269 621 2304; x_wconf 88' lang='lat' dir='ltr'>Demum</span> <span class='ocrx_word' id='word_1_235' title='bbox 646 2269 803 2316; x_wconf 80' lang='lat' dir='ltr'>praefatus</span> <span class='ocrx_word' id='word_1_236' title='bbox 828 2283 879 2305; x_wconf 80' lang='lat' dir='ltr'>rex</span> <span class='ocrx_word' id='word_1_237' title='bbox 907 2283 979 2305; x_wconf 90' lang='lat' dir='ltr'>cum</span> <span class='ocrx_word' id='word_1_238' title='bbox 1011 2283 1067 2306; x_wconf 89' lang='lat' dir='ltr'>eo-</span> 
     </span>
     <span class='ocr_line' id='line_1_51' title="bbox 313 2318 1067 2360; baseline 0.005 -8"><span class='ocrx_word' id='word_1_239' title='bbox 313 2318 383 2352; x_wconf 86' lang='lat' dir='ltr'>dem</span> <span class='ocrx_word' id='word_1_240' title='bbox 408 2318 559 2354; x_wconf 87' lang='lat' dir='ltr'>liberatus</span> <span class='ocrx_word' id='word_1_241' title='bbox 581 2320 717 2354; x_wconf 83' lang='lat' dir='ltr'>exercitu</span> <span class='ocrx_word' id='word_1_242' title='bbox 733 2348 740 2360; x_wconf 86' lang='lat'>,</span> <span class='ocrx_word' id='word_1_243' title='bbox 775 2319 812 2354; x_wconf 87' lang='lat' dir='ltr'>ad</span> <span class='ocrx_word' id='word_1_244' title='bbox 836 2320 992 2355; x_wconf 76' lang='lat' dir='ltr'>civitatem</span> <span class='ocrx_word' id='word_1_245' title='bbox 1017 2334 1067 2356; x_wconf 88' lang='lat' dir='ltr'>re-</span> 
     </span>
     <span class='ocr_line' id='line_1_52' title="bbox 313 2367 1068 2417; baseline 0.003 -15"><span class='ocrx_word' id='word_1_246' title='bbox 313 2368 402 2403; x_wconf 90' lang='lat' dir='ltr'>diens</span> <span class='ocrx_word' id='word_1_247' title='bbox 429 2367 602 2410; x_wconf 64' lang='lat' dir='ltr'>Acconerr,</span> <span class='ocrx_word' id='word_1_248' title='bbox 627 2381 810 2416; x_wconf 86' lang='lat' dir='ltr'>moramque</span> <span class='ocrx_word' id='word_1_249' title='bbox 835 2369 910 2404; x_wconf 91' lang='lat' dir='ltr'>inibi</span> <span class='ocrx_word' id='word_1_250' title='bbox 931 2370 993 2405; x_wconf 78' lang='lat' dir='ltr'>fere</span> <span class='ocrx_word' id='word_1_251' title='bbox 1014 2384 1068 2417; x_wconf 90' lang='lat' dir='ltr'>per</span> 
     </span>
     <span class='ocr_line' id='line_1_53' title="bbox 313 2417 1065 2466; baseline 0.003 -14"><span class='ocrx_word' id='word_1_252' title='bbox 313 2417 571 2465; x_wconf 85' lang='lat' dir='ltr'>quinquennium</span> <span class='ocrx_word' id='word_1_253' title='bbox 606 2418 814 2462; x_wconf 83' lang='lat' dir='ltr'>contrahens,</span> <span class='ocrx_word' id='word_1_254' title='bbox 847 2428 876 2454; x_wconf 87' lang='lat' dir='ltr'>et</span> <span class='ocrx_word' id='word_1_255' title='bbox 907 2428 1065 2466; x_wconf 88' lang='lat' dir='ltr'>tamquam</span> 
     </span>
     <span class='ocr_line' id='line_1_54' title="bbox 313 2467 1066 2513; baseline 0.004 -12"><span class='ocrx_word' id='word_1_256' title='bbox 313 2467 452 2503; x_wconf 87' lang='lat' dir='ltr'>fervidus</span> <span class='ocrx_word' id='word_1_257' title='bbox 476 2468 632 2503; x_wconf 83' lang='lat' dir='ltr'>humanae</span> <span class='ocrx_word' id='word_1_258' title='bbox 659 2468 768 2503; x_wconf 86' lang='lat' dir='ltr'>salutis</span> <span class='ocrx_word' id='word_1_259' title='bbox 795 2479 927 2513; x_wconf 84' lang='lat' dir='ltr'>amator,</span> <span class='ocrx_word' id='word_1_260' title='bbox 957 2469 1066 2504; x_wconf 90' lang='lat' dir='ltr'>multo-</span> 
     </span>
     <span class='ocr_line' id='line_1_55' title="bbox 314 2497 1067 2566; baseline 0.004 -15"><span class='ocrx_word' id='word_1_261' title='bbox 314 2529 382 2552; x_wconf 89' lang='lat' dir='ltr'>rum</span> <span class='ocrx_word' id='word_1_262' title='bbox 406 2517 622 2563; x_wconf 81' lang='lat' dir='ltr'>Agarenorum</span> <span class='ocrx_word' id='word_1_263' title='bbox 645 2526 767 2553; x_wconf 88' lang='lat' dir='ltr'>mentes</span> <span class='ocrx_word' id='word_1_264' title='bbox 784 2518 878 2553; x_wconf 88' lang='lat' dir='ltr'>duras</span> <span class='ocrx_word' id='word_1_265' title='bbox 894 2497 1067 2566; x_wconf 80' lang='lat' dir='ltr'>qiiantum-</span> 
     </span>
     <span class='ocr_line' id='line_1_56' title="bbox 313 2565 1068 2615; baseline 0.004 -14"><span class='ocrx_word' id='word_1_266' title='bbox 313 2565 399 2607; x_wconf 84' lang='lat' dir='ltr'>libet,</span> <span class='ocrx_word' id='word_1_267' title='bbox 423 2579 485 2602; x_wconf 92' lang='lat' dir='ltr'>non</span> <span class='ocrx_word' id='word_1_268' title='bbox 508 2567 611 2602; x_wconf 87' lang='lat' dir='ltr'>solum</span> <span class='ocrx_word' id='word_1_269' title='bbox 635 2567 816 2602; x_wconf 88' lang='lat' dir='ltr'>salubribus</span> <span class='ocrx_word' id='word_1_270' title='bbox 844 2567 980 2615; x_wconf 89' lang='lat' dir='ltr'>eloquiis</span> <span class='ocrx_word' id='word_1_271' title='bbox 999 2582 1068 2604; x_wconf 91' lang='lat' dir='ltr'>sua-</span> 
     </span>
     <span class='ocr_line' id='line_1_57' title="bbox 313 2615 1065 2671; baseline 0.004 -21"><span class='ocrx_word' id='word_1_272' title='bbox 313 2615 402 2660; x_wconf 88' lang='lat' dir='ltr'>dens,</span> <span class='ocrx_word' id='word_1_273' title='bbox 437 2616 492 2652; x_wconf 85' lang='lat' dir='ltr'>sed</span> <span class='ocrx_word' id='word_1_274' title='bbox 522 2617 615 2651; x_wconf 88' lang='lat' dir='ltr'>etiam</span> <span class='ocrx_word' id='word_1_275' title='bbox 646 2617 791 2671; x_wconf 82' lang='lat' dir='ltr'>exemplo</span> <span class='ocrx_word' id='word_1_276' title='bbox 816 2617 893 2652; x_wconf 63' lang='lat' dir='ltr'>ritae</span> <span class='ocrx_word' id='word_1_277' title='bbox 918 2617 1065 2653; x_wconf 89' lang='lat' dir='ltr'>laudabili</span> 
     </span>
     <span class='ocr_line' id='line_1_58' title="bbox 313 2665 1065 2713; baseline 0.003 -13"><span class='ocrx_word' id='word_1_278' title='bbox 313 2666 465 2700; x_wconf 80' lang='lat' dir='ltr'>convertit</span> <span class='ocrx_word' id='word_1_279' title='bbox 492 2665 529 2700; x_wconf 90' lang='lat' dir='ltr'>ad</span> <span class='ocrx_word' id='word_1_280' title='bbox 554 2665 743 2705; x_wconf 78' lang='lat' dir='ltr'>Dominum,</span> <span class='ocrx_word' id='word_1_281' title='bbox 779 2679 863 2713; x_wconf 84' lang='lat' dir='ltr'>ipsos</span> <span class='ocrx_word' id='word_1_282' title='bbox 886 2666 1002 2702; x_wconf 84' lang='lat' dir='ltr'>faciens</span> <span class='ocrx_word' id='word_1_283' title='bbox 1029 2668 1065 2702; x_wconf 83' lang='lat' dir='ltr'>ad</span> 
     </span>
    </p>
   </div>
   <div class='ocr_carea' id='block_1_9' title="bbox 1128 285 1258 307">
    <p class='ocr_par' dir='ltr' id='par_1_10' title="bbox 1128 285 1258 307">
     <span class='ocr_line' id='line_1_59' title="bbox 1128 285 1258 307; baseline 0.015 -2"><span class='ocrx_word' id='word_1_284' title='bbox 1128 285 1186 307; x_wconf 71' lang='lat' dir='ltr'>Vll!</span> <span class='ocrx_word' id='word_1_285' title='bbox 1212 286 1258 307; x_wconf 80' lang='grc' dir='ltr'>ΙΨ.</span> 
     </span>
    </p>
   </div>
   <div class='ocr_carea' id='block_1_10' title="bbox 1742 279 1806 312">
    <p class='ocr_par' dir='ltr' id='par_1_11' title="bbox 1742 279 1806 312">
     <span class='ocr_line' id='line_1_60' title="bbox 1742 279 1806 312; baseline 0.031 -2"><span class='ocrx_word' id='word_1_286' title='bbox 1742 279 1806 312; x_wconf 72' lang='lat' dir='ltr'>tw</span> 
     </span>
    </p>
   </div>
   <div class='ocr_carea' id='block_1_11' title="bbox 1104 340 1858 524">
    <p class='ocr_par' dir='ltr' id='par_1_12' title="bbox 1104 340 1858 524">
     <span class='ocr_line' id='line_1_61' title="bbox 1105 340 1856 379; baseline 0.008 -6"><span class='ocrx_word' id='word_1_287' title='bbox 1105 340 1228 374; x_wconf 88' lang='lat' dir='ltr'>laudem</span> <span class='ocrx_word' id='word_1_288' title='bbox 1263 341 1359 375; x_wconf 83' lang='lat' dir='ltr'>divini</span> <span class='ocrx_word' id='word_1_289' title='bbox 1396 343 1531 377; x_wconf 89' lang='lat' dir='ltr'>nominis</span> <span class='ocrx_word' id='word_1_290' title='bbox 1567 352 1595 378; x_wconf 91' lang='lat' dir='ltr'>et</span> <span class='ocrx_word' id='word_1_291' title='bbox 1636 344 1856 379; x_wconf 63' lang='lat' dir='ltr'>exaltationem</span> 
     </span>
     <span class='ocr_line' id='line_1_62' title="bbox 1105 389 1858 440; baseline 0.008 -17"><span class='ocrx_word' id='word_1_292' title='bbox 1105 389 1277 425; x_wconf 87' lang='lat' dir='ltr'>catholicae</span> <span class='ocrx_word' id='word_1_293' title='bbox 1307 390 1378 424; x_wconf 85' lang='lat' dir='ltr'>fidei</span> <span class='ocrx_word' id='word_1_294' title='bbox 1413 391 1586 427; x_wconf 83' lang='lat' dir='ltr'>honorifice</span> <span class='ocrx_word' id='word_1_295' title='bbox 1614 392 1780 440; x_wconf 87' lang='lat' dir='ltr'>baptizari,</span> <span class='ocrx_word' id='word_1_296' title='bbox 1802 406 1858 429; x_wconf 85' lang='lat' dir='ltr'>eos</span> 
     </span>
     <span class='ocr_line' id='line_1_63' title="bbox 1104 439 1858 488; baseline 0.007 -16"><span class='ocrx_word' id='word_1_297' title='bbox 1104 439 1196 473; x_wconf 84' lang='lat' dir='ltr'>donis</span> <span class='ocrx_word' id='word_1_298' title='bbox 1219 440 1438 486; x_wconf 85' lang='lat' dir='ltr'>prosequendo</span> <span class='ocrx_word' id='word_1_299' title='bbox 1461 440 1624 487; x_wconf 75' lang='lat' dir='ltr'>largifluis,</span> <span class='ocrx_word' id='word_1_300' title='bbox 1660 450 1690 477; x_wconf 81' lang='lat' dir='ltr'>et</span> <span class='ocrx_word' id='word_1_301' title='bbox 1711 444 1858 488; x_wconf 85' lang='lat' dir='ltr'>gratiosis</span> 
     </span>
     <span class='ocr_line' id='line_1_64' title="bbox 1105 488 1496 524; baseline 0.003 -2"><span class='ocrx_word' id='word_1_302' title='bbox 1105 488 1265 523; x_wconf 83' lang='lat' dir='ltr'>favoribus</span> <span class='ocrx_word' id='word_1_303' title='bbox 1287 488 1496 524; x_wconf 61' lang='lat' dir='ltr'>conferendo.</span> 
     </span>
    </p>
   </div>
   <div class='ocr_carea' id='block_1_12' title="bbox 1105 537 1908 627">
    <p class='ocr_par' dir='ltr' id='par_1_13' title="bbox 1105 537 1908 626">
     <span class='ocr_line' id='line_1_65' title="bbox 1153 537 1908 585; baseline 0.008 -14"><span class='ocrx_word' id='word_1_304' title='bbox 1153 538 1174 585; x_wconf 64' lang='lat' dir='ltr'>g</span> <span class='ocrx_word' id='word_1_305' title='bbox 1203 540 1258 572; x_wconf 77' lang='lat'>42.</span> <span class='ocrx_word' id='word_1_306' title='bbox 1280 537 1462 585; x_wconf 82' lang='lat' dir='ltr'>Multosque</span> <span class='ocrx_word' id='word_1_307' title='bbox 1486 539 1601 574; x_wconf 82' lang='lat' dir='ltr'>milites</span> <span class='ocrx_word' id='word_1_308' title='bbox 1628 549 1658 575; x_wconf 90' lang='lat' dir='ltr'>et</span> <span class='ocrx_word' id='word_1_309' title='bbox 1680 540 1756 576; x_wconf 84' lang='lat' dir='ltr'>alios</span> <span class='ocrx_word' id='word_1_310' title='bbox 1778 541 1859 577; x_wconf 86' lang='lat' dir='ltr'>chri·</span> <span class='ocrx_word' id='word_1_311' title='bbox 1898 557 1908 569; x_wconf 71' lang='lat' dir='ltr'>r·</span> 
     </span>
     <span class='ocr_line' id='line_1_66' title="bbox 1105 587 1885 627; baseline 0.005 -5"><span class='ocrx_word' id='word_1_312' title='bbox 1105 588 1224 622; x_wconf 86' lang='lat' dir='ltr'>stianos</span> <span class='ocrx_word' id='word_1_313' title='bbox 1246 587 1356 622; x_wconf 80' lang='lat' dir='ltr'>redimi</span> <span class='ocrx_word' id='word_1_314' title='bbox 1373 587 1503 627; x_wconf 86' lang='lat' dir='ltr'>faciens</span> <span class='ocrx_word' id='word_1_315' title='bbox 1526 589 1570 623; x_wconf 90' lang='lat' dir='ltr'>eis</span> <span class='ocrx_word' id='word_1_316' title='bbox 1589 589 1627 623; x_wconf 89' lang='lat' dir='ltr'>de</span> <span class='ocrx_word' id='word_1_317' title='bbox 1643 590 1857 626; x_wconf 83' lang='lat' dir='ltr'>munificentia</span> <span class='ocrx_word' id='word_1_318' title='bbox 1883 591 1885 600; x_wconf 67' lang='lat'><strong><em>¹</em></strong></span> 
     </span>
    </p>
   </div>
   <div class='ocr_carea' id='block_1_13' title="bbox 1105 638 1864 2714">
    <p class='ocr_par' dir='ltr' id='par_1_14' title="bbox 1105 638 1857 771">
     <span class='ocr_line' id='line_1_67' title="bbox 1105 638 1857 684; baseline 0.004 -12"><span class='ocrx_word' id='word_1_319' title='bbox 1105 638 1190 684; x_wconf 82' lang='lat' dir='ltr'>regia</span> <span class='ocrx_word' id='word_1_320' title='bbox 1210 645 1271 672; x_wconf 84' lang='lat' dir='ltr'>tam</span> <span class='ocrx_word' id='word_1_321' title='bbox 1296 645 1410 678; x_wconf 82' lang='lat' dir='ltr'>v‚estes</span> <span class='ocrx_word' id='word_1_322' title='bbox 1433 649 1526 684; x_wconf 85' lang='lat' dir='ltr'>quain</span> <span class='ocrx_word' id='word_1_323' title='bbox 1544 647 1662 672; x_wconf 79' lang='lat' dir='ltr'>caetera</span> <span class='ocrx_word' id='word_1_324' title='bbox 1682 641 1857 676; x_wconf 74' lang='lat' dir='ltr'>necessaria</span> 
     </span>
     <span class='ocr_line' id='line_1_68' title="bbox 1106 686 1859 742; baseline 0.004 -21"><span class='ocrx_word' id='word_1_325' title='bbox 1106 687 1206 742; x_wconf 70' lang='lat' dir='ltr'>rictu,</span> <span class='ocrx_word' id='word_1_326' title='bbox 1235 694 1327 733; x_wconf 73' lang='lat' dir='ltr'>prout</span> <span class='ocrx_word' id='word_1_327' title='bbox 1355 686 1554 732; x_wconf 82' lang='lat' dir='ltr'>singulorum</span> <span class='ocrx_word' id='word_1_328' title='bbox 1578 687 1731 722; x_wconf 80' lang='lat' dir='ltr'>suadebat</span> <span class='ocrx_word' id='word_1_329' title='bbox 1752 690 1859 724; x_wconf 87' lang='lat' dir='ltr'>condi-</span> 
     </span>
     <span class='ocr_line' id='line_1_69' title="bbox 1106 735 1400 780; baseline 0 -10"><span class='ocrx_word' id='word_1_330' title='bbox 1106 737 1167 780; x_wconf 83' lang='lat' dir='ltr'>tio,</span> <span class='ocrx_word' id='word_1_331' title='bbox 1191 735 1400 770; x_wconf 87' lang='lat' dir='ltr'>ministrabat.</span> 
     </span>
    </p>

    <p class='ocr_par' dir='ltr' id='par_1_15' title="bbox 1105 785 1861 1067">
     <span class='ocr_line' id='line_1_70' title="bbox 1153 785 1860 833; baseline 0.003 -14"><span class='ocrx_word' id='word_1_332' title='bbox 1153 786 1173 832; x_wconf 62' lang='grc' dir='ltr'><strong>ἓ</strong></span> <span class='ocrx_word' id='word_1_333' title='bbox 1202 787 1253 819; x_wconf 89' lang='lat' dir='ltr'>l5.</span> <span class='ocrx_word' id='word_1_334' title='bbox 1282 785 1390 820; x_wconf 83' lang='lat' dir='ltr'>Muros</span> <span class='ocrx_word' id='word_1_335' title='bbox 1412 797 1539 833; x_wconf 90' lang='lat' dir='ltr'>quoque</span> <span class='ocrx_word' id='word_1_336' title='bbox 1562 797 1616 820; x_wconf 87' lang='lat' dir='ltr'>seu</span> <span class='ocrx_word' id='word_1_337' title='bbox 1640 787 1764 821; x_wconf 88' lang='lat' dir='ltr'>moenia</span> <span class='ocrx_word' id='word_1_338' title='bbox 1783 787 1860 822; x_wconf 83' lang='lat' dir='ltr'>civi-</span> 
     </span>
     <span class='ocr_line' id='line_1_71' title="bbox 1106 835 1860 883; baseline 0.003 -13"><span class='ocrx_word' id='word_1_339' title='bbox 1106 843 1204 870; x_wconf 87' lang='lat' dir='ltr'>tatum</span> <span class='ocrx_word' id='word_1_340' title='bbox 1233 842 1263 870; x_wconf 92' lang='lat' dir='ltr'>et</span> <span class='ocrx_word' id='word_1_341' title='bbox 1287 843 1462 870; x_wconf 86' lang='lat' dir='ltr'>castrorum</span> <span class='ocrx_word' id='word_1_342' title='bbox 1494 835 1744 882; x_wconf 84' lang='lat' dir='ltr'>quamplurium,</span> <span class='ocrx_word' id='word_1_343' title='bbox 1779 849 1860 883; x_wconf 89' lang='lat' dir='ltr'>quae</span> 
     </span>
     <span class='ocr_line' id='line_1_72' title="bbox 1106 884 1859 931; baseline 0.004 -13"><span class='ocrx_word' id='word_1_344' title='bbox 1106 885 1135 918; x_wconf 87' lang='grc' dir='ltr'>ιιι</span> <span class='ocrx_word' id='word_1_345' title='bbox 1160 884 1242 919; x_wconf 84' lang='grc' dir='ltr'>ιιιιιι5</span> <span class='ocrx_word' id='word_1_346' title='bbox 1271 884 1410 931; x_wconf 87' lang='lat' dir='ltr'>partibus</span> <span class='ocrx_word' id='word_1_347' title='bbox 1438 896 1452 918; x_wconf 89' lang='lat' dir='ltr'>a</span> <span class='ocrx_word' id='word_1_348' title='bbox 1477 884 1625 919; x_wconf 81' lang='lat' dir='ltr'>fidelibus</span> <span class='ocrx_word' id='word_1_349' title='bbox 1654 885 1859 930; x_wconf 87' lang='lat' dir='ltr'>tenebantur,</span> 
     </span>
     <span class='ocr_line' id='line_1_73' title="bbox 1105 933 1861 982; baseline 0.003 -14"><span class='ocrx_word' id='word_1_350' title='bbox 1105 933 1178 969; x_wconf 89' lang='lat' dir='ltr'>fecit</span> <span class='ocrx_word' id='word_1_351' title='bbox 1222 934 1358 980; x_wconf 88' lang='lat' dir='ltr'>reparari</span> <span class='ocrx_word' id='word_1_352' title='bbox 1402 934 1602 974; x_wconf 79' lang='lat' dir='ltr'>solemniter,</span> <span class='ocrx_word' id='word_1_353' title='bbox 1647 947 1748 982; x_wconf 87' lang='lat' dir='ltr'>eaque</span> <span class='ocrx_word' id='word_1_354' title='bbox 1784 936 1861 970; x_wconf 91' lang='lat' dir='ltr'>alias</span> 
     </span>
     <span class='ocr_line' id='line_1_74' title="bbox 1107 983 1860 1029; baseline 0.003 -12"><span class='ocrx_word' id='word_1_355' title='bbox 1107 983 1222 1017; x_wconf 90' lang='lat' dir='ltr'>muniri</span> <span class='ocrx_word' id='word_1_356' title='bbox 1260 983 1416 1029; x_wconf 87' lang='lat' dir='ltr'>plenarie,</span> <span class='ocrx_word' id='word_1_357' title='bbox 1456 992 1548 1029; x_wconf 90' lang='lat' dir='ltr'>prout</span> <span class='ocrx_word' id='word_1_358' title='bbox 1579 985 1753 1019; x_wconf 81' lang='lat' dir='ltr'>necessitas</span> <span class='ocrx_word' id='word_1_359' title='bbox 1787 997 1860 1019; x_wconf 88' lang='lat' dir='ltr'>sua-</span> 
     </span>
     <span class='ocr_line' id='line_1_75' title="bbox 1105 1032 1210 1067; baseline -0.01 0"><span class='ocrx_word' id='word_1_360' title='bbox 1105 1032 1210 1067; x_wconf 89' lang='lat' dir='ltr'>debat.</span> 
     </span>
    </p>

    <p class='ocr_par' dir='ltr' id='par_1_16' title="bbox 1105 1080 1864 1907">
     <span class='ocr_line' id='line_1_76' title="bbox 1154 1080 1858 1130; baseline 0.007 -16.007"><span class='ocrx_word' id='word_1_361' title='bbox 1154 1082 1174 1128; x_wconf 66' lang='lat' dir='ltr'>g</span> <span class='ocrx_word' id='word_1_362' title='bbox 1205 1083 1259 1115; x_wconf 69' lang='lat'>14.</span> <span class='ocrx_word' id='word_1_363' title='bbox 1286 1080 1404 1116; x_wconf 78' lang='lat' dir='ltr'>Verum</span> <span class='ocrx_word' id='word_1_364' title='bbox 1430 1081 1609 1128; x_wconf 82' lang='lat' dir='ltr'>praedictus</span> <span class='ocrx_word' id='word_1_365' title='bbox 1632 1094 1686 1117; x_wconf 85' lang='lat' dir='ltr'>rex</span> <span class='ocrx_word' id='word_1_366' title='bbox 1709 1095 1858 1130; x_wconf 86' lang='lat' dir='ltr'>processu</span> 
     </span>
     <span class='ocr_line' id='line_1_77' title="bbox 1106 1130 1860 1178; baseline 0.003 -13"><span class='ocrx_word' id='word_1_367' title='bbox 1106 1131 1277 1178; x_wconf 85' lang='lat' dir='ltr'>temporis,</span> <span class='ocrx_word' id='word_1_368' title='bbox 1313 1130 1471 1165; x_wconf 83' lang='lat' dir='ltr'>intellecto</span> <span class='ocrx_word' id='word_1_369' title='bbox 1506 1131 1590 1178; x_wconf 91' lang='lat' dir='ltr'>quod</span> <span class='ocrx_word' id='word_1_370' title='bbox 1625 1139 1755 1166; x_wconf 90' lang='lat' dir='ltr'>matrem</span> <span class='ocrx_word' id='word_1_371' title='bbox 1791 1133 1860 1168; x_wconf 89' lang='lat' dir='ltr'>eius</span> 
     </span>
     <span class='ocr_line' id='line_1_78' title="bbox 1107 1179 1860 1229; baseline 0.004 -15"><span class='ocrx_word' id='word_1_372' title='bbox 1107 1193 1191 1214; x_wconf 86' lang='lat' dir='ltr'>mois</span> <span class='ocrx_word' id='word_1_373' title='bbox 1212 1192 1317 1214; x_wconf 89' lang='lat' dir='ltr'>amara</span> <span class='ocrx_word' id='word_1_374' title='bbox 1339 1179 1554 1223; x_wconf 80' lang='lat' dir='ltr'>subtraxerat,</span> <span class='ocrx_word' id='word_1_375' title='bbox 1582 1188 1611 1214; x_wconf 87' lang='lat' dir='ltr'>et</span> <span class='ocrx_word' id='word_1_376' title='bbox 1632 1181 1734 1216; x_wconf 86' lang='lat' dir='ltr'>eidem</span> <span class='ocrx_word' id='word_1_377' title='bbox 1763 1194 1860 1229; x_wconf 89' lang='lat' dir='ltr'>regno</span> 
     </span>
     <span class='ocr_line' id='line_1_79' title="bbox 1105 1228 1861 1277; baseline 0.004 -14"><span class='ocrx_word' id='word_1_378' title='bbox 1105 1242 1199 1275; x_wconf 69' lang='lat' dir='ltr'>graie</span> <span class='ocrx_word' id='word_1_379' title='bbox 1224 1228 1398 1275; x_wconf 87' lang='lat' dir='ltr'>periculum</span> <span class='ocrx_word' id='word_1_380' title='bbox 1424 1228 1613 1270; x_wconf 79' lang='lat' dir='ltr'>immineret,</span> <span class='ocrx_word' id='word_1_381' title='bbox 1636 1229 1675 1264; x_wconf 88' lang='lat' dir='ltr'>de</span> <span class='ocrx_word' id='word_1_382' title='bbox 1696 1242 1861 1277; x_wconf 88' lang='lat' dir='ltr'>procerum</span> 
     </span>
     <span class='ocr_line' id='line_1_80' title="bbox 1106 1277 1864 1332; baseline 0.003 -20"><span class='ocrx_word' id='word_1_383' title='bbox 1106 1291 1235 1313; x_wconf 85' lang='lat' dir='ltr'>suorum</span> <span class='ocrx_word' id='word_1_384' title='bbox 1260 1278 1413 1322; x_wconf 80' lang='lat' dir='ltr'>consilio,</span> <span class='ocrx_word' id='word_1_385' title='bbox 1441 1277 1477 1312; x_wconf 87' lang='lat' dir='ltr'>ad</span> <span class='ocrx_word' id='word_1_386' title='bbox 1503 1286 1606 1332; x_wconf 79' lang='lat' dir='ltr'>partes</span> <span class='ocrx_word' id='word_1_387' title='bbox 1634 1278 1787 1314; x_wconf 87' lang='lat' dir='ltr'>Franciae</span> <span class='ocrx_word' id='word_1_388' title='bbox 1810 1292 1864 1315; x_wconf 83' lang='lat' dir='ltr'>re-</span> 
     </span>
     <span class='ocr_line' id='line_1_81' title="bbox 1107 1327 1863 1376; baseline 0.001 -14"><span class='ocrx_word' id='word_1_389' title='bbox 1107 1328 1232 1368; x_wconf 83' lang='lat' dir='ltr'>meavit,</span> <span class='ocrx_word' id='word_1_390' title='bbox 1256 1338 1340 1361; x_wconf 90' lang='lat' dir='ltr'>nunc</span> <span class='ocrx_word' id='word_1_391' title='bbox 1373 1327 1547 1362; x_wconf 85' lang='lat' dir='ltr'>sanctitatis</span> <span class='ocrx_word' id='word_1_392' title='bbox 1579 1328 1727 1363; x_wconf 83' lang='lat' dir='ltr'>insistens</span> <span class='ocrx_word' id='word_1_393' title='bbox 1753 1329 1863 1376; x_wconf 89' lang='lat' dir='ltr'>operi-</span> 
     </span>
     <span class='ocr_line' id='line_1_82' title="bbox 1108 1376 1862 1425; baseline 0.003 -14"><span class='ocrx_word' id='word_1_394' title='bbox 1108 1376 1183 1421; x_wconf 89' lang='lat' dir='ltr'>bus,</span> <span class='ocrx_word' id='word_1_395' title='bbox 1213 1388 1299 1411; x_wconf 88' lang='lat' dir='ltr'>nunc</span> <span class='ocrx_word' id='word_1_396' title='bbox 1323 1376 1511 1412; x_wconf 85' lang='lat' dir='ltr'>monasteria</span> <span class='ocrx_word' id='word_1_397' title='bbox 1533 1385 1563 1411; x_wconf 91' lang='lat' dir='ltr'>et</span> <span class='ocrx_word' id='word_1_398' title='bbox 1591 1377 1758 1424; x_wconf 88' lang='lat' dir='ltr'>hospitalia</span> <span class='ocrx_word' id='word_1_399' title='bbox 1782 1391 1862 1425; x_wconf 91' lang='lat' dir='ltr'>pau-</span> 
     </span>
     <span class='ocr_line' id='line_1_83' title="bbox 1108 1404 1862 1473; baseline 0.003 -13"><span class='ocrx_word' id='word_1_400' title='bbox 1108 1404 1231 1473; x_wconf 72' lang='lat' dir='ltr'>pertim,</span> <span class='ocrx_word' id='word_1_401' title='bbox 1260 1438 1344 1461; x_wconf 90' lang='lat' dir='ltr'>nunc</span> <span class='ocrx_word' id='word_1_402' title='bbox 1380 1425 1493 1460; x_wconf 89' lang='lat' dir='ltr'>domos</span> <span class='ocrx_word' id='word_1_403' title='bbox 1527 1426 1603 1461; x_wconf 92' lang='lat' dir='ltr'>alias</span> <span class='ocrx_word' id='word_1_404' title='bbox 1637 1427 1753 1461; x_wconf 78' lang='lat' dir='ltr'>divinis</span> <span class='ocrx_word' id='word_1_405' title='bbox 1775 1427 1862 1462; x_wconf 88' lang='lat' dir='ltr'>obse-</span> 
     </span>
     <span class='ocr_line' id='line_1_84' title="bbox 1106 1474 1863 1522; baseline 0.004 -13"><span class='ocrx_word' id='word_1_406' title='bbox 1106 1476 1188 1522; x_wconf 82' lang='lat' dir='ltr'>quiis</span> <span class='ocrx_word' id='word_1_407' title='bbox 1211 1474 1404 1510; x_wconf 88' lang='lat' dir='ltr'>dedicandas</span> <span class='ocrx_word' id='word_1_408' title='bbox 1423 1478 1513 1522; x_wconf 88' lang='lat' dir='ltr'>(quae</span> <span class='ocrx_word' id='word_1_409' title='bbox 1530 1476 1659 1522; x_wconf 77' lang='lat' dir='ltr'>longum</span> <span class='ocrx_word' id='word_1_410' title='bbox 1676 1483 1759 1511; x_wconf 85' lang='lat' dir='ltr'>esset</span> <span class='ocrx_word' id='word_1_411' title='bbox 1773 1489 1863 1512; x_wconf 86' lang='lat' dir='ltr'>enar-</span> 
     </span>
     <span class='ocr_line' id='line_1_85' title="bbox 1108 1524 1863 1572; baseline 0.004 -13"><span class='ocrx_word' id='word_1_412' title='bbox 1108 1537 1174 1559; x_wconf 82' lang='lat' dir='ltr'>iare</span> <span class='ocrx_word' id='word_1_413' title='bbox 1198 1537 1251 1572; x_wconf 86' lang='lat' dir='ltr'>per</span> <span class='ocrx_word' id='word_1_414' title='bbox 1285 1524 1420 1571; x_wconf 82' lang='lat' dir='ltr'>singula)</span> <span class='ocrx_word' id='word_1_415' title='bbox 1456 1527 1595 1559; x_wconf 86' lang='lat' dir='ltr'>construi</span> <span class='ocrx_word' id='word_1_416' title='bbox 1622 1525 1783 1570; x_wconf 71' lang='lat' dir='ltr'>faciendo,</span> <span class='ocrx_word' id='word_1_417' title='bbox 1818 1527 1863 1562; x_wconf 86' lang='lat' dir='ltr'>eis</span> 
     </span>
     <span class='ocr_line' id='line_1_86' title="bbox 1107 1574 1862 1623; baseline 0.003 -14"><span class='ocrx_word' id='word_1_418' title='bbox 1107 1574 1145 1609; x_wconf 86' lang='lat' dir='ltr'>de</span> <span class='ocrx_word' id='word_1_419' title='bbox 1168 1574 1260 1609; x_wconf 90' lang='lat' dir='ltr'>bonis</span> <span class='ocrx_word' id='word_1_420' title='bbox 1285 1574 1421 1622; x_wconf 88' lang='lat' dir='ltr'>propriis</span> <span class='ocrx_word' id='word_1_421' title='bbox 1442 1574 1556 1620; x_wconf 88' lang='lat' dir='ltr'>amplis</span> <span class='ocrx_word' id='word_1_422' title='bbox 1578 1574 1706 1610; x_wconf 83' lang='lat' dir='ltr'>dotibus</span> <span class='ocrx_word' id='word_1_423' title='bbox 1733 1574 1862 1623; x_wconf 87' lang='lat' dir='ltr'>deputa-</span> 
     </span>
     <span class='ocr_line' id='line_1_87' title="bbox 1107 1623 1861 1665; baseline 0.003 -7"><span class='ocrx_word' id='word_1_424' title='bbox 1107 1624 1163 1665; x_wconf 85' lang='lat' dir='ltr'>tis,</span> <span class='ocrx_word' id='word_1_425' title='bbox 1203 1636 1288 1658; x_wconf 84' lang='lat' dir='ltr'>nunc</span> <span class='ocrx_word' id='word_1_426' title='bbox 1315 1625 1409 1658; x_wconf 91' lang='lat' dir='ltr'>etiam</span> <span class='ocrx_word' id='word_1_427' title='bbox 1446 1623 1587 1658; x_wconf 82' lang='lat' dir='ltr'>infirmos</span> <span class='ocrx_word' id='word_1_428' title='bbox 1614 1636 1651 1658; x_wconf 84' lang='lat' dir='ltr'>ac</span> <span class='ocrx_word' id='word_1_429' title='bbox 1678 1624 1798 1660; x_wconf 88' lang='lat' dir='ltr'>debiles</span> <span class='ocrx_word' id='word_1_430' title='bbox 1830 1626 1861 1660; x_wconf 92' lang='lat' dir='ltr'>in</span> 
     </span>
     <span class='ocr_line' id='line_1_88' title="bbox 1107 1673 1863 1710; baseline 0.004 -3"><span class='ocrx_word' id='word_1_431' title='bbox 1107 1673 1241 1708; x_wconf 87' lang='lat' dir='ltr'>diversis</span> <span class='ocrx_word' id='word_1_432' title='bbox 1282 1673 1481 1708; x_wconf 86' lang='lat' dir='ltr'>monasteriis</span> <span class='ocrx_word' id='word_1_433' title='bbox 1508 1681 1538 1708; x_wconf 84' lang='lat' dir='ltr'>et</span> <span class='ocrx_word' id='word_1_434' title='bbox 1573 1673 1778 1709; x_wconf 82' lang='lat' dir='ltr'>xenodochiis</span> <span class='ocrx_word' id='word_1_435' title='bbox 1812 1674 1863 1710; x_wconf 92' lang='lat' dir='ltr'>de—</span> 
     </span>
     <span class='ocr_line' id='line_1_89' title="bbox 1107 1722 1861 1771; baseline 0.003 -14"><span class='ocrx_word' id='word_1_436' title='bbox 1107 1722 1312 1762; x_wconf 80' lang='lat' dir='ltr'>cumbentes,</span> <span class='ocrx_word' id='word_1_437' title='bbox 1350 1722 1558 1769; x_wconf 86' lang='lat' dir='ltr'>personaliter</span> <span class='ocrx_word' id='word_1_438' title='bbox 1594 1723 1735 1764; x_wconf 65' lang='lat' dir='ltr'>visitans,</span> <span class='ocrx_word' id='word_1_439' title='bbox 1774 1724 1861 1771; x_wconf 91' lang='lat' dir='ltr'>ipsos</span> 
     </span>
     <span class='ocr_line' id='line_1_90' title="bbox 1108 1771 1862 1813; baseline 0 -6"><span class='ocrx_word' id='word_1_440' title='bbox 1108 1772 1209 1807; x_wconf 79' lang='lat' dir='ltr'>verbis</span> <span class='ocrx_word' id='word_1_441' title='bbox 1231 1772 1452 1807; x_wconf 89' lang='lat' dir='ltr'>consolatoriis</span> <span class='ocrx_word' id='word_1_442' title='bbox 1471 1771 1669 1813; x_wconf 83' lang='lat' dir='ltr'>confovebat,</span> <span class='ocrx_word' id='word_1_443' title='bbox 1693 1772 1739 1808; x_wconf 93' lang='lat' dir='ltr'>eis</span> <span class='ocrx_word' id='word_1_444' title='bbox 1759 1774 1862 1808; x_wconf 90' lang='lat' dir='ltr'>mani-</span> 
     </span>
     <span class='ocr_line' id='line_1_91' title="bbox 1108 1822 1862 1869; baseline 0.001 -13"><span class='ocrx_word' id='word_1_445' title='bbox 1108 1822 1165 1857; x_wconf 92' lang='lat' dir='ltr'>bus</span> <span class='ocrx_word' id='word_1_446' title='bbox 1189 1822 1335 1869; x_wconf 87' lang='lat' dir='ltr'>propriis,</span> <span class='ocrx_word' id='word_1_447' title='bbox 1365 1822 1446 1858; x_wconf 82' lang='lat' dir='ltr'>ssexo</span> <span class='ocrx_word' id='word_1_448' title='bbox 1474 1834 1577 1868; x_wconf 83' lang='lat' dir='ltr'>genu,</span> <span class='ocrx_word' id='word_1_449' title='bbox 1608 1830 1716 1869; x_wconf 89' lang='lat' dir='ltr'>potum</span> <span class='ocrx_word' id='word_1_450' title='bbox 1753 1831 1784 1857; x_wconf 90' lang='lat' dir='ltr'>et</span> <span class='ocrx_word' id='word_1_451' title='bbox 1816 1824 1862 1857; x_wconf 88' lang='lat' dir='ltr'>ci-</span> 
     </span>
     <span class='ocr_line' id='line_1_92' title="bbox 1108 1871 1440 1907; baseline 0 -1"><span class='ocrx_word' id='word_1_452' title='bbox 1108 1872 1191 1907; x_wconf 87' lang='lat' dir='ltr'>baria</span> <span class='ocrx_word' id='word_1_453' title='bbox 1221 1871 1440 1907; x_wconf 84' lang='lat' dir='ltr'>ministrando.</span> 
     </span>
    </p>

    <p class='ocr_par' dir='ltr' id='par_1_17' title="bbox 1107 1921 1862 2714">
     <span class='ocr_line' id='line_1_93' title="bbox 1156 1921 1860 1971; baseline 0 -14"><span class='ocrx_word' id='word_1_454' title='bbox 1156 1924 1256 1971; x_wconf 64' lang='lat'>515.</span> <span class='ocrx_word' id='word_1_455' title='bbox 1299 1921 1446 1969; x_wconf 89' lang='lat' dir='ltr'>Cumque</span> <span class='ocrx_word' id='word_1_456' title='bbox 1475 1923 1506 1957; x_wconf 91' lang='lat' dir='ltr'>in</span> <span class='ocrx_word' id='word_1_457' title='bbox 1542 1922 1731 1957; x_wconf 85' lang='lat' dir='ltr'>monasterio</span> <span class='ocrx_word' id='word_1_458' title='bbox 1765 1922 1860 1969; x_wconf 78' lang='lat' dir='ltr'>regali</span> 
     </span>
     <span class='ocr_line' id='line_1_94' title="bbox 1107 1971 1860 2019; baseline 0 -12"><span class='ocrx_word' id='word_1_459' title='bbox 1107 1973 1223 2008; x_wconf 84' lang='lat' dir='ltr'>Montis</span> <span class='ocrx_word' id='word_1_460' title='bbox 1246 1972 1447 2008; x_wconf 75' lang='lat' dir='ltr'>Belvacensis</span> <span class='ocrx_word' id='word_1_461' title='bbox 1470 1972 1637 2016; x_wconf 86' lang='lat' dir='ltr'>dioecesis,</span> <span class='ocrx_word' id='word_1_462' title='bbox 1670 1971 1754 2019; x_wconf 93' lang='lat' dir='ltr'>quod</span> <span class='ocrx_word' id='word_1_463' title='bbox 1778 1972 1860 2007; x_wconf 91' lang='lat' dir='ltr'>idem</span> 
     </span>
     <span class='ocr_line' id='line_1_95' title="bbox 1109 2022 1861 2070; baseline -0.001 -13"><span class='ocrx_word' id='word_1_464' title='bbox 1109 2035 1161 2058; x_wconf 77' lang='lat' dir='ltr'>rex</span> <span class='ocrx_word' id='word_1_465' title='bbox 1183 2035 1278 2070; x_wconf 89' lang='lat' dir='ltr'>opere</span> <span class='ocrx_word' id='word_1_466' title='bbox 1303 2022 1477 2069; x_wconf 89' lang='lat' dir='ltr'>plurimum</span> <span class='ocrx_word' id='word_1_467' title='bbox 1503 2031 1691 2068; x_wconf 88' lang='lat' dir='ltr'>sumptuoso</span> <span class='ocrx_word' id='word_1_468' title='bbox 1712 2029 1861 2056; x_wconf 88' lang='lat' dir='ltr'>constru-</span> 
     </span>
     <span class='ocr_line' id='line_1_96' title="bbox 1108 2071 1862 2113; baseline -0.001 -6"><span class='ocrx_word' id='word_1_469' title='bbox 1108 2072 1163 2113; x_wconf 76' lang='lat' dir='ltr'>xit,</span> <span class='ocrx_word' id='word_1_470' title='bbox 1191 2085 1226 2107; x_wconf 88' lang='lat' dir='ltr'>ac</span> <span class='ocrx_word' id='word_1_471' title='bbox 1245 2072 1373 2107; x_wconf 88' lang='lat' dir='ltr'>dotibus</span> <span class='ocrx_word' id='word_1_472' title='bbox 1396 2072 1554 2107; x_wconf 86' lang='lat' dir='ltr'>decorarit</span> <span class='ocrx_word' id='word_1_473' title='bbox 1577 2071 1722 2111; x_wconf 78' lang='lat' dir='ltr'>eximiis,</span> <span class='ocrx_word' id='word_1_474' title='bbox 1751 2083 1862 2106; x_wconf 88' lang='lat' dir='ltr'>mona-</span> 
     </span>
     <span class='ocr_line' id='line_1_97' title="bbox 1107 2121 1862 2169; baseline -0.001 -13"><span class='ocrx_word' id='word_1_475' title='bbox 1107 2136 1164 2157; x_wconf 86' lang='lat' dir='ltr'>cus</span> <span class='ocrx_word' id='word_1_476' title='bbox 1186 2122 1315 2169; x_wconf 85' lang='lat' dir='ltr'>quidam</span> <span class='ocrx_word' id='word_1_477' title='bbox 1340 2121 1552 2168; x_wconf 83' lang='lat' dir='ltr'>Leodegarius</span> <span class='ocrx_word' id='word_1_478' title='bbox 1576 2121 1703 2156; x_wconf 88' lang='lat' dir='ltr'>nomine</span> <span class='ocrx_word' id='word_1_479' title='bbox 1726 2133 1862 2155; x_wconf 86' lang='lat' dir='ltr'>morare-</span> 
     </span>
     <span class='ocr_line' id='line_1_98' title="bbox 1108 2169 1860 2218; baseline -0.004 -11"><span class='ocrx_word' id='word_1_480' title='bbox 1108 2180 1171 2216; x_wconf 90' lang='lat' dir='ltr'>tur,</span> <span class='ocrx_word' id='word_1_481' title='bbox 1194 2184 1288 2218; x_wconf 86' lang='lat' dir='ltr'>quem</span> <span class='ocrx_word' id='word_1_482' title='bbox 1313 2171 1391 2206; x_wconf 88' lang='lat' dir='ltr'>adeo</span> <span class='ocrx_word' id='word_1_483' title='bbox 1416 2172 1519 2218; x_wconf 90' lang='lat' dir='ltr'>leprae</span> <span class='ocrx_word' id='word_1_484' title='bbox 1543 2170 1671 2205; x_wconf 87' lang='lat' dir='ltr'>morbus</span> <span class='ocrx_word' id='word_1_485' title='bbox 1695 2169 1860 2209; x_wconf 77' lang='lat' dir='ltr'>invaserat,</span> 
     </span>
     <span class='ocr_line' id='line_1_99' title="bbox 1108 2219 1860 2268; baseline -0.004 -12"><span class='ocrx_word' id='word_1_486' title='bbox 1108 2221 1191 2268; x_wconf 91' lang='lat' dir='ltr'>quod</span> <span class='ocrx_word' id='word_1_487' title='bbox 1222 2220 1466 2256; x_wconf 84' lang='lat' dir='ltr'>abhominabilis</span> <span class='ocrx_word' id='word_1_488' title='bbox 1498 2220 1598 2255; x_wconf 85' lang='lat' dir='ltr'>sactus</span> <span class='ocrx_word' id='word_1_489' title='bbox 1633 2228 1663 2255; x_wconf 87' lang='lat' dir='ltr'>et</span> <span class='ocrx_word' id='word_1_490' title='bbox 1691 2219 1860 2266; x_wconf 89' lang='lat' dir='ltr'>despectus</span> 
     </span>
     <span class='ocr_line' id='line_1_100' title="bbox 1107 2268 1860 2324; baseline -0.004 -19"><span class='ocrx_word' id='word_1_491' title='bbox 1107 2271 1394 2318; x_wconf 87' lang='lat' dir='ltr'>quamplurimum,</span> <span class='ocrx_word' id='word_1_492' title='bbox 1430 2269 1574 2304; x_wconf 88' lang='lat' dir='ltr'>manebat</span> <span class='ocrx_word' id='word_1_493' title='bbox 1608 2276 1790 2324; x_wconf 78' lang='lat' dir='ltr'>segregatus</span> <span class='ocrx_word' id='word_1_494' title='bbox 1822 2268 1860 2303; x_wconf 90' lang='lat' dir='ltr'>ab</span> 
     </span>
     <span class='ocr_line' id='line_1_101' title="bbox 1107 2318 1859 2375; baseline -0.003 -21"><span class='ocrx_word' id='word_1_495' title='bbox 1107 2321 1191 2375; x_wconf 65' lang='lat' dir='ltr'>aliis,</span> <span class='ocrx_word' id='word_1_496' title='bbox 1223 2333 1252 2354; x_wconf 93' lang='grc' dir='ltr'>ιιι</span> <span class='ocrx_word' id='word_1_497' title='bbox 1287 2319 1421 2374; x_wconf 84' lang='lat' dir='ltr'>quadam</span> <span class='ocrx_word' id='word_1_498' title='bbox 1458 2331 1579 2353; x_wconf 84' lang='lat' dir='ltr'>camera</span> <span class='ocrx_word' id='word_1_499' title='bbox 1609 2318 1729 2365; x_wconf 90' lang='lat' dir='ltr'>positus</span> <span class='ocrx_word' id='word_1_500' title='bbox 1756 2330 1859 2352; x_wconf 88' lang='lat' dir='ltr'>mona</span> 
     </span>
     <span class='ocr_line' id='line_1_102' title="bbox 1108 2366 1858 2415; baseline -0.004 -11"><span class='ocrx_word' id='word_1_501' title='bbox 1108 2370 1192 2404; x_wconf 80' lang='lat' dir='ltr'>steiii</span> <span class='ocrx_word' id='word_1_502' title='bbox 1221 2369 1401 2412; x_wconf 85' lang='lat' dir='ltr'>memorati,</span> <span class='ocrx_word' id='word_1_503' title='bbox 1425 2369 1559 2415; x_wconf 89' lang='lat' dir='ltr'>eiusque</span> <span class='ocrx_word' id='word_1_504' title='bbox 1579 2367 1658 2402; x_wconf 92' lang='lat' dir='ltr'>oculi</span> <span class='ocrx_word' id='word_1_505' title='bbox 1688 2366 1728 2402; x_wconf 93' lang='lat' dir='ltr'>ob</span> <span class='ocrx_word' id='word_1_506' title='bbox 1755 2368 1858 2412; x_wconf 81' lang='lat' dir='ltr'>gravis</span> 
     </span>
     <span class='ocr_line' id='line_1_103' title="bbox 1109 2395 1859 2464; baseline -0.004 -11"><span class='ocrx_word' id='word_1_507' title='bbox 1109 2419 1296 2453; x_wconf 75' lang='lat' dir='ltr'>infirmitatis</span> <span class='ocrx_word' id='word_1_508' title='bbox 1323 2395 1446 2464; x_wconf 83' lang='lat' dir='ltr'>pondus</span> <span class='ocrx_word' id='word_1_509' title='bbox 1472 2430 1526 2452; x_wconf 90' lang='lat' dir='ltr'>seu</span> <span class='ocrx_word' id='word_1_510' title='bbox 1542 2416 1711 2452; x_wconf 87' lang='lat' dir='ltr'>malitiam</span> <span class='ocrx_word' id='word_1_511' title='bbox 1706 2428 1766 2451; x_wconf 83' lang='lat' dir='ltr'>tam</span> <span class='ocrx_word' id='word_1_512' title='bbox 1781 2428 1859 2452; x_wconf 89' lang='lat' dir='ltr'>con-</span> 
     </span>
     <span class='ocr_line' id='line_1_104' title="bbox 1107 2465 1858 2515; baseline -0.004 -12"><span class='ocrx_word' id='word_1_513' title='bbox 1107 2469 1242 2515; x_wconf 86' lang='lat' dir='ltr'>sumpti,</span> <span class='ocrx_word' id='word_1_514' title='bbox 1278 2467 1353 2502; x_wconf 85' lang='lat' dir='ltr'>nihil</span> <span class='ocrx_word' id='word_1_515' title='bbox 1389 2467 1518 2501; x_wconf 90' lang='lat' dir='ltr'>omnino</span> <span class='ocrx_word' id='word_1_516' title='bbox 1554 2465 1720 2509; x_wconf 87' lang='lat' dir='ltr'>videbant,</span> <span class='ocrx_word' id='word_1_517' title='bbox 1748 2478 1858 2501; x_wconf 88' lang='lat' dir='ltr'>eorum</span> 
     </span>
     <span class='ocr_line' id='line_1_105' title="bbox 1108 2512 1859 2553; baseline -0.004 0"><span class='ocrx_word' id='word_1_518' title='bbox 1108 2517 1314 2553; x_wconf 88' lang='lat' dir='ltr'>foraminibus</span> <span class='ocrx_word' id='word_1_519' title='bbox 1340 2518 1405 2551; x_wconf 61' lang='lat' dir='ltr'>site</span> <span class='ocrx_word' id='word_1_520' title='bbox 1436 2512 1511 2551; x_wconf 84' lang='lat' dir='ltr'>lo&#39;cis</span> <span class='ocrx_word' id='word_1_521' title='bbox 1544 2515 1649 2550; x_wconf 75' lang='grc' dir='ltr'>ιιιιιθι5</span> <span class='ocrx_word' id='word_1_522' title='bbox 1670 2523 1700 2550; x_wconf 88' lang='lat' dir='ltr'>et</span> <span class='ocrx_word' id='word_1_523' title='bbox 1722 2515 1859 2550; x_wconf 85' lang='lat' dir='ltr'>horridis</span> 
     </span>
     <span class='ocr_line' id='line_1_106' title="bbox 1108 2564 1858 2613; baseline -0.004 -10"><span class='ocrx_word' id='word_1_524' title='bbox 1108 2569 1167 2603; x_wconf 90' lang='lat' dir='ltr'>iam</span> <span class='ocrx_word' id='word_1_525' title='bbox 1192 2567 1332 2605; x_wconf 82' lang='lat' dir='ltr'>effectis</span> <span class='ocrx_word' id='word_1_526' title='bbox 1369 2566 1486 2613; x_wconf 88' lang='lat' dir='ltr'>quique</span> <span class='ocrx_word' id='word_1_527' title='bbox 1515 2577 1624 2600; x_wconf 89' lang='lat' dir='ltr'>nasum</span> <span class='ocrx_word' id='word_1_528' title='bbox 1661 2564 1858 2612; x_wconf 86' lang='lat' dir='ltr'>perdiderat,</span> 
     </span>
     <span class='ocr_line' id='line_1_107' title="bbox 1107 2614 1859 2658; baseline -0.004 -6"><span class='ocrx_word' id='word_1_529' title='bbox 1107 2619 1175 2652; x_wconf 90' lang='lat' dir='ltr'>eius</span> <span class='ocrx_word' id='word_1_530' title='bbox 1204 2616 1379 2651; x_wconf 80' lang='lat' dir='ltr'>tumefactis</span> <span class='ocrx_word' id='word_1_531' title='bbox 1415 2627 1476 2650; x_wconf 91' lang='lat' dir='ltr'>non</span> <span class='ocrx_word' id='word_1_532' title='bbox 1506 2614 1665 2649; x_wconf 86' lang='lat' dir='ltr'>modicum</span> <span class='ocrx_word' id='word_1_533' title='bbox 1700 2614 1802 2658; x_wconf 84' lang='lat' dir='ltr'>labiis,</span> <span class='ocrx_word' id='word_1_534' title='bbox 1829 2623 1859 2650; x_wconf 90' lang='lat' dir='ltr'>et</span> 
     </span>
     <span class='ocr_line' id='line_1_108' title="bbox 1108 2662 1859 2714; baseline -0.003 -13"><span class='ocrx_word' id='word_1_535' title='bbox 1108 2666 1260 2714; x_wconf 69' lang='lat' dir='ltr'>profunda</span> <span class='ocrx_word' id='word_1_536' title='bbox 1285 2665 1383 2699; x_wconf 77' lang='lat' dir='ltr'>fixura</span> <span class='ocrx_word' id='word_1_537' title='bbox 1419 2664 1599 2705; x_wconf 83' lang='lat' dir='ltr'>destructis,</span> <span class='ocrx_word' id='word_1_538' title='bbox 1631 2676 1666 2699; x_wconf 87' lang='lat' dir='ltr'>ac</span> <span class='ocrx_word' id='word_1_539' title='bbox 1689 2662 1772 2699; x_wconf 90' lang='lat' dir='ltr'>idem</span> <span class='ocrx_word' id='word_1_540' title='bbox 1805 2675 1859 2699; x_wconf 84' lang='lat' dir='ltr'>rex</span> 
     </span>
    </p>
   </div>
   <div class='ocr_carea' id='block_1_14' title="bbox 1873 287 2058 315">
    <p class='ocr_par' dir='ltr' id='par_1_18' title="bbox 1873 287 2058 315">
     <span class='ocr_line' id='line_1_109' title="bbox 1873 287 2058 315; baseline -0.011 0"><span class='ocrx_word' id='word_1_541' title='bbox 1873 290 1923 315; x_wconf 71' lang='lat' dir='ltr'>An.</span> <span class='ocrx_word' id='word_1_542' title='bbox 1948 287 2058 314; x_wconf 50' lang='lat'>&amp;1597</span> 
     </span>
    </p>
   </div>
   <div class='ocr_carea' id='block_1_15' title="bbox 1875 1089 2056 1141">
    <p class='ocr_par' dir='ltr' id='par_1_19' title="bbox 1875 1089 2056 1141">
     <span class='ocr_line' id='line_1_110' title="bbox 1889 1089 2056 1110; baseline 0 -1"><span class='ocrx_word' id='word_1_543' title='bbox 1889 1089 1909 1109; x_wconf 85' lang='lat' dir='ltr'>ln</span> <span class='ocrx_word' id='word_1_544' title='bbox 1950 1089 2056 1110; x_wconf 60' lang='lat' dir='ltr'>fras-imm</span> 
     </span>
     <span class='ocr_line' id='line_1_111' title="bbox 1875 1122 2056 1141; baseline -0.011 0"><span class='ocrx_word' id='word_1_545' title='bbox 1875 1127 1973 1141; x_wconf 67' lang='lat' dir='ltr'>reversus</span> <span class='ocrx_word' id='word_1_546' title='bbox 1995 1122 2056 1141; x_wconf 65' lang='lat' dir='ltr'>mu¹t³</span> 
     </span>
    </p>
   </div>
   <div class='ocr_carea' id='block_1_16' title="bbox 1875 1154 2058 1203">
    <p class='ocr_par' dir='ltr' id='par_1_20' title="bbox 1875 1154 2058 1203">
     <span class='ocr_line' id='line_1_112' title="bbox 1875 1154 2058 1178; baseline -0.005 -6"><span class='ocrx_word' id='word_1_547' title='bbox 1875 1154 1904 1178; x_wconf 76' lang='lat' dir='ltr'>pi</span> <span class='ocrx_word' id='word_1_548' title='bbox 1912 1156 1958 1172; x_wconf 69' lang='lat' dir='ltr'>tati&lt;</span> <span class='ocrx_word' id='word_1_549' title='bbox 1994 1158 2058 1178; x_wconf 62' lang='lat' dir='ltr'>opera</span> 
     </span>
     <span class='ocr_line' id='line_1_113' title="bbox 1875 1187 1961 1203; baseline 0 -1"><span class='ocrx_word' id='word_1_550' title='bbox 1875 1187 1961 1203; x_wconf 62' lang='grc' dir='ltr'>ΕἱΕΓΝΞὶ</span> 
     </span>
    </p>
   </div>
   <div class='ocr_carea' id='block_1_17' title="bbox 1876 1927 2061 2011">
    <p class='ocr_par' dir='ltr' id='par_1_21' title="bbox 1876 1927 2061 2011">
     <span class='ocr_line' id='line_1_114' title="bbox 1891 1927 2059 1955; baseline 0 -7"><span class='ocrx_word' id='word_1_551' title='bbox 1891 1927 1981 1955; x_wconf 74' lang='lat' dir='ltr'>Leproso</span> <span class='ocrx_word' id='word_1_552' title='bbox 1998 1930 2059 1948; x_wconf 79' lang='lat' dir='ltr'>mini-</span> 
     </span>
     <span class='ocr_line' id='line_1_115' title="bbox 1877 1962 2061 1980; baseline 0 -1"><span class='ocrx_word' id='word_1_553' title='bbox 1877 1964 1927 1980; x_wconf 64' lang='lat' dir='ltr'>strat</span> <span class='ocrx_word' id='word_1_554' title='bbox 1949 1962 1991 1980; x_wconf 68' lang='lat' dir='ltr'>suis</span> <span class='ocrx_word' id='word_1_555' title='bbox 2015 1966 2061 1979; x_wconf 70' lang='lat' dir='ltr'>nra-</span> 
     </span>
     <span class='ocr_line' id='line_1_116' title="bbox 1876 1991 2058 2011; baseline -0.005 0"><span class='ocrx_word' id='word_1_556' title='bbox 1876 1992 1937 2011; x_wconf 64' lang='lat' dir='ltr'>nibus</span> <span class='ocrx_word' id='word_1_557' title='bbox 1953 1991 2058 2011; x_wconf 66' lang='lat' dir='ltr'>alimenta.</span> 
     </span>
    </p>
   </div>
  </div>
 </body>
</html>
