2274 3265
135 257 183 283 An.
201 257 229 284 C.
251 257 310 283 ¹37¹

147 1947 195 1967 Eum
223 1946 317 1967 Urbanus

136 1978 249 2003 praedeces
268 1976 318 1997 San-

134 2010 317 2029 rtisadnumeraro

136 2043 247 2060 statuerat:

939 253 1122 276 GttEGOtttth
1149 253 1181 275 Xt
1208 252 1253 274 ΙΨ.

329 311 426 346 lubria
456 310 676 353 hortabantur,
703 309 922 343 demulcebant
950 308 1072 343 audito-

330 374 396 396 rum
426 360 617 408 praecordia,
645 369 673 393 et
703 360 731 393 iu
760 371 866 394 eorum
883 357 1072 393 aedificatio-

329 423 400 446 nem
424 411 589 445 salutarem
611 409 822 455 multipliciter
847 407 1070 442 redundabant.

328 460 492 503 Quandam
520 459 603 493 enim
632 459 808 497 mulierem,
836 469 913 504 quae
943 469 996 503 per
1023 464 1071 489 to—

330 520 393 544 tum
417 522 533 544 aunum
562 517 591 542 et
613 508 746 554 amplius
780 516 843 541 toto
862 518 992 553 corpore
1012 506 1072 540 im-

331 568 440 607 potens
468 559 577 600 fuerat,
599 565 627 590 ct
662 557 817 604 aliquibus
851 557 897 589 sui
934 555 1072 602 corporis

330 609 471 657 partibus
497 607 574 642 adeo
608 606 773 650 desiccata,
802 615 832 640 ut
861 606 977 651 lignum
1006 605 1073 639 ari—

328 660 402 693 dum
427 658 593 700 videretur,
608 664 637 690 et
655 669 745 702 «luae,
763 663 922 703 postquam
939 654 1074 689 Sanctus

330 710 395 756 ipse
410 705 594 753 migravitad
605 705 779 748 Christum,
794 706 830 739 ad
840 704 1072 739 eiustumulum

329 771 363 792 se
387 757 498 791 deferri
527 756 651 798 fecerat,
674 756 708 789 ad
733 755 805 788 dicti
827 754 933 789 Sancti
956 754 1074 788 invoca-

331 808 445 842 tionem
469 805 571 839 subito
594 804 687 838 fuisse
705 813 841 839 curatam
862 804 1073 838 dubium‘non

330 857 444 892 existit.
467 855 500 889 ln
523 855 647 900 siguum
669 854 864 897 huiusmodi,
880 854 991 888 mulier
1008 854 1072 900 ipsa

330 907 457 940 domum
481 917 568 938 suam
587 904 719 950 propriis
735 903 866 950 pedibus
880 911 927 937 est
942 916 1072 937 reversa.

329 954 465 997 Quidam
493 954 584 987 ctiam
613 953 777 987 casualiter
806 953 835 986 in
867 966 928 987 uno
960 952 1074 987 fossato

330 1004 468 1051 undique
484 1003 593 1037 subtus
610 1011 720 1037 terram
740 1012 921 1049 prostratus,
938 1003 976 1036 ita
990 1002 1073 1049 quod

328 1054 441 1100 aliquis
476 1052 513 1087 ad
543 1053 643 1099 ipsum
673 1052 758 1086 nullo
793 1053 884 1086 modo
914 1053 1074 1098 pervenire

330 1111 462 1150 poterat,
484 1112 648 1149 postquam
669 1101 782 1135 ibidem
804 1102 920 1135 tamdiu
937 1110 1073 1143 steterat,

328 1153 412 1200 quod
443 1151 625 1186 naturaliter
653 1152 754 1184 vivere
785 1164 845 1185 non
871 1151 1014 1189 debebat,
1037 1150 1072 1184 ad

329 1202 477 1249 praedicti
493 1202 598 1235 Sancti
623 1201 847 1234 invocationem
871 1213 886 1233 a
908 1208 1006 1233 morte
1026 1212 1075 1233 ex-

329 1253 387 1286 titit
431 1258 654 1297 praeservatus.
684 1250 778 1284 lstum
813 1250 894 1283 enim
923 1249 1072 1283 Sanctum

328 1302 435 1335 dilexit
459 1300 624 1343 Dominus,
646 1300 720 1333 etin
741 1300 800 1332 line
823 1299 978 1332 consortio
1002 1299 1074 1332 liae-

329 1350 467 1385 reditatis
494 1349 600 1395 elegit,
629 1348 775 1395 perennis
802 1360 928 1394 quoque
965 1347 1075 1381 diade-

329 1410 410 1434 mate
449 1399 565 1445 gloriae
598 1398 765 1434 decoravit,
800 1407 828 1432 et
858 1405 890 1430 ut
921 1398 990 1431 eius
1018 1410 1075 1431 no-

329 1463 399 1484 men
416 1449 618 1483 extolleretur
630 1447 777 1481 laudibus
794 1448 996 1494 populorum,
1012 1455 1073 1481 tam

329 1501 358 1533 in
387 1499 456 1534 eius
485 1499 565 1541 vita,
592 1510 685 1544 quam
716 1505 900 1543 postquam„
931 1505 960 1530 ut
986 1509 1075 1543 prae-

328 1550 471 1587 mittitur,
506 1547 635 1582 feliciter
664 1548 807 1592 migravit
839 1547 875 1580 ad
913 1546 1073 1580 Christum

327 1599 473 1646 superuis
509 1597 628 1631 deliciis
668 1597 828 1635 fruiturus,
870 1598 936 1643 ipse
972 1596 1074 1642 opifex

329 1649 497 1689 Dominus,
521 1648 548 1681 in
572 1647 696 1681 Sanctis
724 1648 789 1680 suis
818 1659 886 1680 vere
916 1647 1075 1685 mirabilis,

328 1698 474 1733 eumdem
488 1697 637 1732 Sanctum
652 1697 781 1730 aliorum
801 1696 1032 1743 quamplurium
1047 1704 1076 1730 et

329 1749 485 1783 variorum
505 1747 673 1794 splendore
693 1747 913 1780 miraculorum
939 1746 1075 1780 illustra-

330 1799 383 1841 vit,
409 1797 573 1831 manifeste
592 1796 824 1839 demonstrans,
848 1804 998 1842 quantum
1017 1795 1075 1829 sibi

330 1848 458 1882 lionoris
480 1854 510 1879 et
537 1847 726 1880 reverentiae
755 1845 933 1880 deberetur

379 1897 398 1943 S
424 1899 456 1930 4.
480 1895 572 1930 Unde
601 1896 756 1941 praefatus
784 1894 1006 1941 praedecessor
1039 1893 1077 1928 de

332 1945 512 1980 huiusmodi
529 1944 651 1979 actibus
665 1944 737 1977 dicti
753 1944 858 1978 Sancti
876 1953 905 1977 et
919 1944 1078 1978 miramus

333 1995 447 2037 habita,
485 1994 543 2027 lide
571 1994 674 2039 dignis
703 1993 949 2040 probationibus,
983 2006 1079 2039 quau-

332 2053 397 2079 tum
423 2056 514 2078 nosse
536 2043 656 2078 sinebat
684 2043 747 2087 ipsa
771 2043 934 2088 fragilitas,
951 2043 1079 2077 certitu-

332 2095 404 2128 dine
431 2095 579 2133 veritatis,
608 2093 776 2127 multorum
814 2093 1020 2139 praelatorum
1049 2100 1079 2126 et

332 2144 462 2178 aliarum
491 2144 788 2188 circumspectat-um
814 2155 1016 2189 personarum
1034 2154 1079 2175 so-

332 2193 489 2227 lemnibus
504 2192 648 2238 precibus
663 2192 781 2238 plurius
796 2194 960 2230 excitatus,
977 2193 1078 2238 ipsum

333 2243 456 2277 beatum
486 2242 675 2285 Elzearium,
715 2241 752 2275 de
781 2242 908 2276 fratrum
950 2254 1078 2275 suorum

332 2293 475 2336 consilio,
497 2292 534 2326 de
554 2304 686 2338 quorum
704 2304 833 2325 numero
849 2301 920 2325 tunc
945 2303 1080 2334 eramus,

332 2343 514 2376 auctoritate
537 2342 760 2386 omnipotentis
784 2341 838 2374 Dei
866 2350 894 2375 et
919 2341 1078 2375 beatorum

333 2392 544 2438 apostolorum
569 2390 650 2424 Petri
688 2399 717 2424 et
752 2390 839 2424 Pauli
875 2392 954 2432 eius,
988 2398 1080 2436 atque

333 2453 401 2484 sua,
429 2441 523 2475 choro
549 2440 709 2474 beatorum
727 2452 740 2473 a
770 2440 906 2474 Domino
934 2440 1079 2473 ineffabili

333 2491 576 2525 sanctificatione
590 2498 784 2536 susceptum,
797 2503 867 2524 cum
884 2490 1081 2524 solemnitate

334 2540 448 2574 celebri
472 2549 650 2574 sanctorum
680 2540 831 2585 catalogo,
857 2539 997 2573 videlicet
1027 2539 1082 2573 de-

334 2591 415 2624 cimo
437 2590 572 2637 septimo
594 2589 742 2623 kalendas
765 2590 849 2627 maii,
884 2590 1082 2635 pontificatus

334 2640 380 2674 sui
404 2652 486 2674 anno
513 2639 660 2686 septimo,
703 2639 790 2673 duxit
824 2638 1080 2673 adscribendum.

1741 241 1803 273 55t

1113 307 1152 341 Et
1180 314 1211 340 ut
1250 306 1371 340 devotis
1412 306 1555 341 laudibus
1590 306 1790 340 extolleretur
1831 306 1859 339 iu

1113 356 1212 399 terris,
1239 368 1332 402 quem
1351 356 1414 402 ipse
1437 356 1666 390 dominantium
1706 355 1862 390 Dominus

1113 406 1256 440 honorari
1282 406 1417 439 voluerat
1441 406 1469 439 in
1493 406 1636 449 excelsis,
1664 405 1860 440 festivitatem

1112 454 1311 490 Confessoris
1325 455 1465 489 ciusdem
1494 455 1542 489 die
1563 455 1708 499 vigesima
1730 455 1861 502 septima

1115 505 1229 539 mensis
1253 504 1453 551 septembris,
1476 517 1538 551 quo
1565 504 1707 550 migravit
1729 504 1766 538 ad
1795 504 1862 539 Do-

1114 555 1246 597 minum,
1269 566 1338 588 cum
1368 554 1470 587 debita
1495 555 1663 588 reverentia
1692 554 1788 587 voluit
1815 567 1862 587 ce-

1114 604 1241 644 lebrari3
1269 615 1394 649 quoquc
1421 605 1527 646 etiam,
1552 611 1581 637 ut
1617 603 1653 637 ad
1689 603 1860 638 Ecclesiam

1115 654 1241 688 fratrum
1271 653 1443 692 Minorum,
1484 653 1534 686 uhi
1571 665 1684 698 corpus
1719 652 1859 686 eiusdem

1114 703 1219 738 Sancti
1244 702 1458 737 venerabiliter
1490 703 1665 749 requiescit,
1693 701 1861 736 ferventius·

1113 762 1143 788 et
1170 753 1328 800 copiosius
1350 751 1487 787 fidelium
1516 751 1653 786 confluat
1684 751 1862 793 multitudo,

1114 803 1244 838 celebris
1283 802 1422 836 eiusdem
1467 802 1650 836 solemnitas
1686 809 1862 848 peragatur,

1114 852 1262 888 omnibus
1287 865 1355 886 vere
1379 851 1612 899 poenitentibus
1633 859 1663 886 et
1690 851 1862 888 confessis.

1114 904 1166 950 qui
1191 910 1372 937 reverenter
1397 902 1469 936 illuc
1497 903 1526 935 in
1562 900 1672 936 eodem
1696 900 1774 935 festo
1807 913 1864 935 an-

1116 954 1232 987 nuatim
1251 952 1440 986 accesserint
1461 953 1529 986 eius
1545 950 1692 997 suffragia
1722 951 1863 998 petituri,

1114 1003 1153 1037 de
1171 1002 1398 1048 omnipotentis
1426 1001 1482 1036 Dei
1506 1000 1718 1036 misericordia
1749 1008 1780 1034 et
1809 1001 1862 1046 ip-

1114 1064 1221 1086 sorum
1245 1051 1406 1085 beatorum
1430 1051 1513 1085 Petri
1541 1059 1569 1085 et
1593 1049 1680 1084 Pauli
1704 1050 1865 1097 apostolo-

1116 1114 1183 1135 rum
1206 1102 1275 1135 eius
1297 1101 1477 1135 anctoritate
1505 1100 1656 1141 conlisus,
1680 1111 1775 1133 unum
1806 1112 1865 1132 an-

1116 1164 1189 1185 num
1213 1159 1241 1185 et
1265 1150 1469 1196 quadraginta
1493 1149 1560 1184 dies
1582 1149 1620 1184 de
1649 1149 1797 1184 iniunctis
1819 1150 1864 1182 eis

1116 1200 1316 1247 poenitentiis
1339 1199 1581 1233 misericorditer
1609 1198 1763 1233 relaxavit.

1163 1250 1183 1296 g
1210 1254 1241 1283 5.
1266 1248 1294 1283 Ο
1317 1262 1408 1296 quam
1437 1248 1613 1287 tamtabitis,
1641 1261 1659 1281 o
1686 1260 1779 1294 quam
1805 1248 1864 1281 mi-

1116 1299 1220 1333 rabilis
1243 1298 1455 1345 providentiae
1485 1298 1606 1331 divinae
1629 1297 1802 1331 sublimitas
1835 1306 1861 1330 et

1117 1348 1311 1382 immensitas
1351 1347 1561 1381 retributionis
1583 1354 1726 1381 aeternae
1743 1375 1750 1385 ,
1769 1359 1861 1393 quam

1114 1398 1171 1431 sibi
1200 1397 1407 1432 servientibus
1430 1397 1657 1431 inaestimabile
1690 1396 1863 1443 praemium

1115 1447 1353 1496 compensatur!
1376 1447 1404 1482 Ο
1427 1447 1497 1483 felix
1521 1448 1639 1483 donum
1668 1460 1704 1482 ex
1733 1446 1866 1482 Summo

1116 1498 1206 1533 Bono
1222 1499 1408 1545 proveniens
1431 1508 1460 1533 et
1479 1500 1508 1533 in
1532 1498 1660 1533 Christo
1675 1497 1865 1535 consistens,

1116 1562 1179 1595 quo
1207 1562 1278 1583 cum
1308 1549 1499 1584 beatissimis
1522 1549 1684 1595 spiritibus
1707 1550 1737 1583 in
1774 1558 1867 1595 prae-

1116 1600 1214 1633 sentia
1243 1598 1423 1633 Conditor-is
1449 1600 1520 1646 quis
1533 1600 1666 1634 existere
1685 1599 1814 1638 meruit,
1837 1606 1868 1632 et

1117 1649 1376 1694 incircumscripti
1422 1649 1590 1696 splendore.
1626 1649 1755 1685 luminis
1793 1649 1868 1682 illu-

1116 1699 1223 1733 strari!
1251 1698 1279 1733 Ο
1302 1699 1501 1733 felicissimae
1525 1698 1688 1733 fertilitatis
1707 1711 1780 1746 aget·
1802 1699 1867 1733 fru-

1116 1758 1186 1784 ctus
1222 1749 1334 1783 uberes
1369 1748 1550 1795 proferens,
1586 1749 1636 1783 ubi
1671 1748 1763 1784 flores
1793 1761 1867 1795 pro-

1117 1799 1214 1833 deunt
1241 1811 1298 1833 nec
1321 1806 1477 1841 arescunt,
1506 1798 1558 1833 ubi
1599 1799 1719 1833 semina
1760 1810 1866 1846 sparsa

1119 1861 1179 1883 non
1209 1857 1338 1896 pereunt
1366 1856 1397 1882 et
1421 1848 1492 1891 ubi,
1518 1848 1730 1895 multiplicatis
1765 1849 1869 1883 mani-

1119 1898 1211 1945 puliS,
1230 1911 1323 1944 grana
1338 1898 1453 1944 gloriae
1466 1897 1671 1944 colliguntur!
1684 1897 1743 1932 Hic
1757 1909 1869 1944 nempe

1118 1948 1288 1983 Confessor
1306 1948 1407 1982 almus
1428 1948 1511 1982 hunc
1534 1960 1643 1994 agrum
1662 1947 1870 1995 obsequiosus

1118 1998 1264 2041 excoluit,
1293 1998 1321 2031 in
1345 2010 1381 2031 eo
1406 1998 1553 2032 virtutum
1577 2010 1724 2044 spargere
1750 1998 1868 2032 semina
1905 2042 1907 2044 Ι

1119 2048 1249 2086 studuit.
1277 2060 1311 2081 ac
1335 2048 1413 2081 vitae
1437 2047 1504 2081 talia
1528 2059 1622 2092 grana
1641 2047 1787 2093 colligere
1802 2060 1869 2081 me-

1121 2098 1179 2130 ruit
1195 2105 1263 2144 post
1280 2096 1412 2131 labores.
1435 2096 1559 2130 Exultet
1577 2097 1668 2143 igitur
1687 2104 1785 2131 mater
1806 2097 1869 2131 Ec-

1119 2151 1225 2189 etesia,
1248 2159 1278 2184 et
1304 2151 1454 2185 solemnia
1489 2150 1594 2185 festiva
1622 2150 1758 2185 celebret
1790 2163 1870 2198 gau-

1120 2207 1256 2243 diorum,
1279 2218 1358 2252 qnae
1381 2213 1499 2239 tantum
1527 2213 1555 2239 et
1583 2205 1675 2240 talem
1700 2205 1797 2239 lilium
1820 2218 1871 2251 ge-

1121 2261 1200 2299 nuit,
1220 2260 1365 2306 produxit
1388 2267 1507 2303 natum,
1526 2259 1669 2294 educavit
1690 2259 1869 2298 alumnum,

1122 2316 1179 2349 iam
1226 2316 1305 2349 inter
1356 2326 1463 2359 regum
1506 2314 1642 2359 gloriosa
1684 2314 1867 2349 caelestium

1120 2369 1244 2413 agmina
1269 2368 1465 2407 rutilantenn
1487 2368 1632 2406 laetetur,
1672 2368 1818 2415 inquam,
1842 2377 1871 2403 et

1122 2422 1242 2464 iubilet,
1256 2434 1290 2456 ac
1307 2423 1336 2455 in
1352 2421 1459 2456 laudes
1470 2421 1620 2456 Altissimi
1632 2434 1723 2457 voces
1736 2431 1870 2469 promat,

1121 2489 1201 2522 quae
1224 2475 1341 2509 sobolis
1364 2483 1423 2509 tam
1449 2475 1636 2522 praecelsae,
1661 2483 1720 2509 tam
1737 2476 1870 2510 celebris

1124 2530 1271 2564 illustrata
1294 2529 1468 2576 fulgoribus
1483 2530 1614 2575 insignis
1629 2529 1769 2564 decorata
1793 2542 1871 2564 cou-

1121 2585 1263 2631 spicitur,
1286 2598 1367 2632 quae
1390 2586 1512 2619 sonoris
1544 2584 1713 2619 attollendo
1741 2597 1871 2631 praeco-

1123 2640 1194 2680 niis,
1222 2651 1428 2686 summaeque
1458 2639 1664 2674 venerationis
1678 2638 1870 2673 exhibitione

1877 248 1926 275 An.
1943 247 1971 273 C.
1990 247 2053 274 1571

1985 660 2060 686 ‹epul-

1970 692 2060 711 visitan-

1878 723 1930 742 tibus
1953 722 2061 742 concessit

1878 754 2025 779 indulgentias.

1877 691 1947 711 rltrum

1891 1252 1969 1272 Gaudia
1982 1257 2018 1278 pro
2029 1252 2061 1271 hin

1879 1284 1976 1309 proponit
2006 1282 2062 1302 Gre-

1879 1319 1956 1339 goriusv
