2274 3265
95 287 145 313 Au.
159 287 189 314 C.
208 286 274 313 {286

119 2423 160 2445 Μιιῑ
152 2432 185 2445 §a
190 2425 248 2476 ἰὶἰιΊτ
251 2426 289 2446 ba-

106 2458 136 2476 rin
157 2463 187 2476 iur
230 2457 289 2478 Setis

106 2488 160 2513 Apus
164 2491 178 2508 1.

913 281 1068 304 Nicolaum·
1105 280 1135 301 tx
1165 280 1210 300 Ι”.Ι

292 339 401 373 harum
425 338 539 373 seriem
568 337 767 372 continentes
806 335 937 370 fideliter
975 343 1039 369 stu-

292 388 367 423 deas
389 387 544 423 intimare.

341 437 411 472 Dat.
434 436 554 473 Romae
576 436 658 484 apud
687 435 719 469 S
743 434 904 473 Sabinam,
936 437 956 467 5
980 445 1039 467 ca—

294 487 402 522 lendas
424 486 614 530 decembris,
643 484 842 532 pontificatus
871 483 967 517 nostri
989 495 1037 516 an.

293 537 444 572 secundo.

334 594 393 624 Dat.
410 594 457 624 die
475 593 511 623 27
530 592 660 623 novemb.
681 591 765 627 1286,
784 596 861 630 pont.
879 600 955 620 anno
972 599 1000 619 11.

525 735 732 785 NlCOLAUS
766 735 807 783 lV

570 823 664 854 PAPA
690 823 765 853 CXCI

294 892 386 924 Anno
407 901 496 923 aerae
517 889 568 923 Ch.
595 901 703 922 comm.
735 886 1041 921 MCCLXXXVIII.

295 955 539 1044 Hieronymus
564 997 658 1042 pati-ia
676 995 873 1030 Asculanus
869 1008 897 1028 in
913 995 1042 1034 Piceno

294 1055 382 1081 antea
398 1046 490 1080 frater
509 1045 631 1080 ordinis
650 1045 805 1079 Minornin
822 1043 854 1078 S.
871 1044 1028 1079 Francis(
1023 1057 1042 1087 ι,

294 1097 385 1131 cuius
409 1095 509 1130 suerat
536 1096 679 1130 minister
705 1094 871 1141 generalis
901 1102 1043 1140 postmo-

295 1145 369 1180 dum
393 1144 426 1180 S.
450 1145 489 1180 R.
512 1145 549 1180 E.
573 1144 740 1179 cardinalis
762 1143 928 1189 episcopus
946 1143 1044 1177 Prae-

297 1196 451 1238 nestinis,
479 1194 596 1229 electus
618 1203 663 1228 est
696 1195 724 1227 in
757 1193 925 1228 Summum
960 1192 1044 1226 Pon-

297 1245 410 1280 tilicem
437 1245 488 1278 die
510 1248 555 1278 22
584 1243 730 1278 februarii
758 1255 840 1276 anno
866 1244 971 1282 1288,
999 1254 1044 1276 ea-

295 1293 430 1340 demqne
468 1294 517 1328 die
545 1302 724 1333 coronatus,
765 1291 912 1326 Nicolaus
949 1291 1044 1325 voluit

295 1343 457 1390 appellari.
493 1342 579 1377 Sedit
604 1343 632 1376 in
669 1341 850 1388 pontificatu
885 1353 985 1375 annos
1014 1353 1044 1384 v,

296 1405 435 1427 mensem
469 1405 497 1431 1,
531 1391 599 1426 dies
635 1404 695 1426 xm
723 1394 777 1435 (Ι),
819 1390 1046 1436 imperantibus

296 1443 326 1476 in
349 1441 480 1478 Oriente
499 1442 693 1484 Andronico,
722 1442 751 1475 in
775 1440 949 1474 Occidente
973 1453 1045 1475 vero

295 1491 466 1538 Rodulplio
489 1503 562 1538 rege
586 1490 812 1525 Romanorum.
840 1490 924 1524 Obiit
943 1490 1045 1536 siqui—

296 1541 367 1576 dem
395 1542 446 1576 die
471 1543 492 1574 4
516 1541 625 1587 aprilis
655 1543 760 1582 1292,
783 1548 814 1575 et
835 1542 979 1586 sepultus
1001 1547 1047 1573 est

298 1592 329 1625 in
366 1590 491 1626 basilica
529 1590 562 1625 S.
599 1590 713 1625 Mariae
741 1589 876 1624 Maioris.
918 1588 1046 1624 vacavit

297 1641 387 1676 sedes
417 1653 516 1675 annos
543 1653 579 1681 n,
608 1653 707 1675 mens.
737 1652 786 1677 ιιι,
810 1640 892 1674 diem
925 1651 946 1673 ι.

660 1791 682 1825 1.

299 1867 430 1900 Sanciae
462 1866 602 1911 Agathae
625 1873 756 1905 terram,
790 1865 914 1908 aliaque
946 1871 1047 1897 castra

348 1924 372 1949 et
387 1917 454 1950 loca
468 1917 510 1950 ad
517 1916 706 1961 provinciam
725 1915 847 1948 Massae
865 1913 1047 1952 Trabariae,

348 1978 409 1999 non
443 1973 544 1999 autem
579 1966 620 1998 ad
660 1964 882 1998 Romandiolae
916 1970 1049 2007 spectare

349 2016 483 2049 declarat
510 2017 562 2059 (2).

568 2083 780 2115 SUMMARIUM

300 2149 393 2179 Massa
417 2147 556 2178 Trabaria
574 2148 647 2177 iuris
667 2146 750 2177 Sedis
767 2147 866 2186 Apost.
882 2163 921 2168 -—
938 2145 1048 2175 Causae

340 2188 560 2218 declarationis.
578 2204 617 2210 ——
635 2186 806 2217 Declaratio.

344 2255 467 2284 Nicotaus
503 2256 643 2292 episcopus
666 2261 762 2284 servus
786 2261 925 2284 servorum
947 2255 1004 2288 Dei,

434 2305 468 2333 ad
497 2306 657 2341 perpetuam
675 2305 716 2333 rei
744 2304 912 2333 memoriam.

351 2368 432 2404 Cum
463 2369 543 2403 inter
576 2369 651 2403 alias
687 2369 861 2415 proxincias
896 2377 925 2403 et
953 2376 1050 2402 terras

305 2419 462 2454 Romanae
477 2418 648 2463 Ecclesiae
665 2431 797 2465 quarum
821 2426 933 2453 statum
960 2430 1050 2465 prae-

304 2469 418 2504 striari
444 2482 459 2504 a
484 2469 583 2503 noxiis
610 2477 639 2502 et
671 2481 818 2516 piospere
852 2468 941 2515 dirigi
980 2480 1051 2514 per-

305 2528 461 2565 optamus
489 2519 527 2554 de
551 2519 677 2565 pacilito
691 2526 771 2552 statu
789 2519 951 2553 bominum
973 2518 1051 2552 Mis-

305 2581 356 2602 sae
383 2569 561 2608 Trahariae,
589 2581 666 2615 qnae
700 2577 744 2602 est
779 2568 929 2602 Gamerae
956 2568 1051 2602 Sedis

305 2617 504 2664 Apostolicae
550 2618 731 2653 demanium
775 2618 931 2665 speciale,
969 2626 1051 2651 tanto

340 2685 379 2720 (1)
398 2684 508 2712 lnclusts
523 2689 659 2711 extremis.
678 2684 715 2719 (⁶2)
733 2684 769 2710 Ex
788 2685 891 2719 Regest.
912 2684 992 2711 Vatic.

1728 263 1770 293 87

1082 341 1244 367 teneamur
1281 330 1467 385 propensius
1508 328 1663 375 cogitare,
1709 335 1825 374 quanto

1082 383 1166 429 ipsos
1194 381 1405 435 praerogatiia
1429 379 1540 414 favoris
1567 386 1596 412 et
1614 378 1730 423 gratiae
1754 389 1826 423 pro-

1081 431 1246 477 sequimur
1274 430 1402 476 potiori3
1432 441 1488 462 nos
1511 428 1557 474 pia
1578 427 1825 462 considtratione

1083 481 1211 524 inducti,
1234 479 1317 527 quod
1337 479 1409 513 olim
1430 478 1614 524 plerumque
1633 477 1712 512 inter
1728 477 1828 524 ipsius

1083 530 1202 565 Massam
1242 538 1271 564 et
1299 527 1524 563 Romandiolae
1547 535 1683 562 rectores
1711 527 1826 561 dudum

1083 580 1213 614 diffisis
1240 578 1463 625 temporibus
1459 590 1488 611 in
1513 577 1588 623 ipsis
1611 577 1750 623 partibus
1775 589 1830 624 per

1082 629 1197 664 Stdem
1226 628 1441 683 Apostolicam
1469 626 1653 673 deputatos
1681 639 1775 674 suptr
1793 639 1829 660 eo

1082 680 1166 726 grati
1204 679 1405 715 contentione
1439 684 1568 720 exorta⁷
1603 675 1685 722 quod
1721 688 1829 710 eorum

1084 730 1233 765 wilterutio
1261 737 1423 764 asserente
1451 735 1549 762 castra
1585 734 1614 760 et
1649 727 1830 765 tenimenta,

1084 792 1162 826 qnae
1197 780 1346 813 (licuntur
1373 778 1507 813 Sanctae
1534 775 1690 822 Agatliae,
1728 775 1831 811 Silvae

1086 830 1211 871 Planzgit
1238 829 1349 869 Billis
1385 828 1532 876 Raynerii
1561 827 1599 862 de
1627 827 1732 861 Monte
1766 828 1832 861 An-

1085 880 1171 919 ι’,ἰοΙο
1197 879 1342 927 Raynerii
1369 878 1408 913 de
1441 877 1641 921 Castaldeto‚
1664 876 1832 923 Hugolini

1085 929 1249 973 Piagnani
1273 929 1458 972 Macer-atae
1476 927 1644 968 Gattariae
1663 926 1832 973 Vergnanti

1085 987 1114 1012 et
1134 978 1243 1017 Trivii
1265 978 1399 1013 Wittoni
1436 986 1464 1013 et
1491 977 1623 1012 Saxinae
1641 990 1712 1012 cum
1727 989 1833 1012 omni-

1086 1028 1144 1063 bus
1167 1027 1370 1071 districtibus,
1394 1026 1551 1071 curtibus,
1579 1027 1669 1071 villis,
1699 1026 1831 1069 iuribus,

1086 1077 1203 1112 linibus
1230 1085 1260 1112 et
1284 1078 1480 1124 pertinentiis
1505 1077 1569 1111 suis
1599 1076 1636 1111 ad
1665 1089 1753 1111 suam
1784 1076 1834 1110 iu-

1087 1127 1299 1162 risdictionem
1339 1135 1502 1174 spectare;
1542 1126 1686 1161 homines
1733 1126 1833 1180 ipsius

1087 1176 1206 1211 Massae
1245 1177 1274 1210 in
1318 1176 1451 1224 quadam
1500 1176 1700 1231 perplexitate
1740 1175 1832 1222 positi

1087 1238 1315 1281 nonnunquam
1351 1226 1464 1261 damna
1497 1226 1599 1272 gravia
1632 1234 1661 1260 et
1696 1225 1834 1273 pericula

1088 1276 1303 1310 incur-:tetum
1338 1285 1367 1310 et
1397 1275 1465 1309 ideo
1497 1275 1660 1331 cupientes
1692 1276 1833 1322 ipsorum

1088 1325 1282 1359 indemnitati
1307 1337 1501 1372 praecavere,
1528 1336 1563 1359 ac
1585 1325 1681 1371 quieti
1709 1332 1835 1372 paterna

1089 1375 1292 1421 imposterum
1328 1374 1538 1409 sollicitudine
1562 1373 1745 1420 providere;
1782 1385 1835 1408 vo-

1089 1425 1210 1469 lumus,
1247 1433 1276 1459 et
1304 1425 1487 1459 auctoritate
1524 1424 1694 1471 apostolica
1730 1422 1835 1458 decla-

1089 1486 1194 1509 ramus
1215 1482 1405 1515 statuentes,
1438 1482 1468 1508 111
1500 1486 1537 1508 ex
1573 1486 1657 1508 nunc
1691 1487 1720 1507 ιιι
1743 1481 1835 1508 antea

1090 1524 1248 1570 praedicta
1285 1532 1382 1558 castra
1411 1531 1440 1558 et
1468 1523 1637 1558 tenimenta
1667 1535 1738 1558 cum
1767 1535 1836 1557 oin-

1090 1574 1182 1607 nibns
1197 1574 1402 1614 districtibus,
1418 1572 1571 1611 curtibus,
1595 1573 1685 1616 vittis,
1702 1573 1837 1616 iuribus,

1091 1623 1205 1657 linibus
1232 1633 1262 1658 et
1285 1623 1482 1670 pertinentiis
1518 1623 1594 1666 suis,
1631 1635 1689 1657 nec
1722 1635 1783 1657 non
1807 1631 1838 1656 et

1089 1685 1200 1708 omnes
1222 1673 1273 1708 alii
1294 1674 1449 1710 homines,
1465 1681 1494 1708 et
1517 1681 1633 1718 castra,
1656 1685 1736 1720 quae
1759 1671 1837 1707 infra

1091 1723 1167 1758 [ines
1190 1724 1329 1770 ipsorum
1353 1723 1493 1758 locorum
1521 1723 1673 1763 existunt,
1696 1722 1756 1757 sul)
1787 1722 1836 1757 iu-

1090 1773 1269 1808 risdictione
1314 1786 1348 1808 ac
1387 1773 1528 1808 dominio
1563 1773 1692 1808 rectoris
1740 1772 1838 1820 ipsius

1090 1822 1224 1864 aiassae,
1253 1824 1305 1870 qui
1329 1836 1385 1870 pro
1408 1831 1547 1870 tempore
1571 1823 1660 1857 fuerit
1689 1822 1763 1856 inibi
1786 1834 1838 1857 au-

1090 1873 1229 1908 ctoritate
1260 1873 1429 1919 apostolica
1457 1873 1646 1920 deputatus,
1687 1880 1838 1919 perpetuo

1091 1931 1235 1957 maneant
1262 1931 1292 1957 et
1312 1923 1501 1958 consistant:
1529 1935 1570 1957 ac·
1591 1922 1774 1957 eorumdem
1799 1921 1839 1956 lo-

1091 1984 1198 2006 corum
1246 1972 1390 2007 homines
1436 1972 1527 2007 sicuti
1577 1972 1696 2007 incolae
1739 1971 1839 2005 dictae

1090 2021 1210 2056 Massae
1240 2023 1269 2056 in
1294 2022 1440 2057 omnibns
1467 2032 1496 2056 et
1524 2034 1579 2068 per
1605 2022 1709 2056 omnia
1737 2021 1838 2056 eidem

1091 2072 1201 2106 rectori
1240 2079 1405 2106 teneantur
1441 2071 1570 2107 firmiter
1607 2079 1636 2106 et
1675 2070 1840 2106 efficaciter

1090 2121 1230 2156 obedire.

1141 2170 1223 2205 Nulli
1260 2183 1334 2216 ergo
1373 2171 1502 2205 omnino
1541 2170 1704 2205 hominum
1748 2169 1838 2205 liceat

1093 2220 1171 2255 banc
1212 2221 1353 2268 paginam
1400 2229 1574 2255 nostrarum
1621 2219 1838 2254 declarationis

1091 2278 1120 2304 et
1158 2271 1391 2305 constitutionis
1421 2271 1602 2316 infringere,
1626 2270 1672 2304 vel
1704 2270 1730 2303 ei
1759 2282 1836 2304 ausu

1093 2321 1256 2355 temerario
1291 2321 1454 2355 contraire.
1493 2319 1524 2355 Si
1552 2321 1622 2367 quis
1645 2329 1747 2354 autem
1780 2319 1839 2354 boc

1092 2379 1242 2405 attentare
1295 2370 1553 2417 praesumpserit,
1590 2370 1838 2416 indignationem

1094 2421 1315 2467 omnipotentis
1338 2419 1407 2460 Dei,
1444 2432 1478 2454 ac
1507 2419 1669 2454 beatorum
1699 2420 1781 2454 Petri
1811 2428 1840 2453 et

1093 2471 1180 2505 Pauli
1204 2470 1413 2517 apostolorum
1440 2470 1508 2504 eius
1529 2483 1562 2506 se
1589 2470 1710 2505 noverit
1734 2470 1840 2504 incur-

1093 2533 1212 2555 surum.

1144 2571 1255 2605 Datum
1280 2568 1395 2610 Reate,
1418 2569 1559 2604 kalendis
1586 2570 1731 2616 augusti,

1095 2620 1229 2655 tificatns
1252 2619 1347 2653 nostri
1373 2632 1454 2654 anno
1483 2620 1593 2668 primo.

1142 2678 1203 2708 Dat.
1222 2679 1267 2708 die
1288 2679 1295 2706 1
1324 2679 1439 2716 augusti
1462 2678 1542 2713 1288,
1559 2678 1659 2717 pontif.
1682 2686 1758 2707 anno
1777 2686 1794 2707 1.

1762 2581 1840 2616 pon-

1840 269 1888 294 Λιι.
1908 267 2018 294 01²8ss

1853 437 1880 457 Cin
1869 444 1931 457 nusae
1953 438 2023 456 dect--

1841 470 1928 489 nttmm

1881 1423 2005 1444 nectendo.
