2274 3265
240 254 286 278 Αη.
305 253 332 278 C.
355 252 418 278 ¹505

488 239 551 272 172

434 304 509 339 colis
545 303 686 350 imperii,
721 313 906 348 regnorum,
938 313 992 336 seu
1021 310 1172 336 terrarum

434 366 578 393 suarum,
602 352 646 386 vel
674 350 908 386 transeuntibus
929 363 984 397 per
1005 363 1057 391 ea,
1081 349 1175 385 uude-

433 415 569 449 cumque
593 400 750 441 oriuudis,
772 399 810 435 ad
837 399 953 436 Sedem
979 399 1174 435 venientibus

435 460 654 493 memoratam,
690 450 737 485 vel
760 450 963 485 redeuntibus
988 450 1027 484 ab
1048 449 1174 492 eadem,

434 502 627 548 equitaturas
646 500 795 540 limitant·‚
815 500 860 534 vel
879 499 1065 535 subtrahunt
1094 511 1174 546 quae

433 551 588 595 deserunt,
612 551 657 585 vel
680 558 839 597 reportant
866 562 920 596 pro
942 549 1007 583 suis
1029 556 1174 595 opportu-

434 600 583 636 nitatibus
611 600 657 634 vel
683 599 846 646 expensis,
879 607 933 634 aut
953 599 1079 646 quasvis
1100 597 1175 633 alias

435 664 483 686 res
509 659 539 686 et
561 650 657 689 bona,
673 650 736 684 sive
754 649 897 696 aperiunt
919 647 1039 688 literas,
1056 647 1101 682 vel
1117 660 1175 681 au·—

435 701 552 741 sernnt‚
582 712 635 733 seu
660 708 763 734 taxant
786 710 952 733 numerum
973 708 1174 743 personarum

433 759 485 785 aut
511 749 727 789 evectionum,
750 748 795 782 vel
818 747 895 782 alias
916 746 1034 780 directe
1059 745 1104 780 vel
1128 745 1176 779 in-

434 800 551 835 directe
579 798 693 833 talibus
725 797 924 832 venientibus
945 796 991 830 vel
1014 794 1176 830 redeunti-

435 849 494 884 bus
524 847 783 895 impedimentum
808 847 854 881 vel
874 844 1071 879 obstaculum
1092 856 1177 890 prae-

433 908 514 933 stare
553 904 776 944 praesumunt,
807 894 1009 942 impeditores
1042 893 1107 928 fore
1138 893 1174 928 ad

433 948 547 983 dictam
574 945 688 981 Sedem
712 945 904 980 venientium
920 952 949 978 et
964 942 1176 986 redeuntium,

434 1006 463 1033 et
489 994 823 1032 excommunicationis
856 993 1043 1028 sententiam
1071 992 1177 1027 incur-

409 1064 419 1075 κ
436 1060 502 1082 rere
529 1044 752 1091 supradictam.
789 1043 877 1078 Adeo
912 1042 1026 1077 nostris
1052 1051 1177 1088 tempo-

413 1101 421 1141 s
436 1096 532 1135 ribus,
555 1095 635 1129 sicut
651 1094 726 1129 alias
743 1094 868 1133 fecerat,
892 1092 1012 1127 notorie
1027 1091 1073 1125 sui
1090 1091 1176 1137 regni

399 1159 407 1171 ¹
436 1148 514 1180 lines
536 1145 565 1179 in
589 1153 836 1189 transgressores
858 1141 1053 1189 gravissimis
1080 1141 1177 1175 inter—

374 1222 385 1233 „
402 1194 421 1234 ’,ᾗ
437 1195 562 1229 minatis
595 1195 723 1241 poenis,
757 1202 788 1227 et
816 1193 845 1226 in
871 1205 927 1226 nos
955 1191 1074 1226 iactatis
1096 1189 1178 1224 blas—

437 1244 571 1291 phemiis
586 1251 687 1278 arctae
709 1241 869 1278 custodiae
894 1241 1038 1289 deputat,
1068 1239 1178 1274 ablatis

435 1302 543 1329 contra
576 1293 690 1328 dictam
727 1291 913 1327 sententiam
947 1299 1083 1325 nostram
1116 1301 1177 1324 non

434 1344 535 1378 solum
573 1342 750 1388 indigenis,
786 1341 842 1376 scd
870 1341 961 1375 etiam
984 1339 1023 1374 ad
1045 1338 1177 1374 eandem

434 1392 549 1428 Sedem
566 1404 620 1439 per
643 1403 774 1437 reguum
794 1390 894 1438 ipsius
908 1389 1035 1424 aliunde
1057 1388 1180 1423 venien-

435 1442 519 1477 tibus
552 1441 645 1476 rebus
672 1440 755 1479 suis,
792 1439 837 1474 vel
871 1439 1023 1474 iniuriose
1051 1438 1178 1482 taxatis,

437 1494 500 1527 imo
526 1498 630 1527 autem
659 1490 788 1524 omnino
810 1489 997 1532 subtractis,
1017 1500 1053 1523 ac
1069 1487 1180 1522 litteris

435 1554 512 1589 quas
538 1540 683 1575 deferunt
712 1539 828 1585 apertis
855 1551 910 1586 per
936 1537 1084 1573 custodes
1107 1549 1180 1584 pas—

436 1604 541 1634 suum,
566 1598 617 1624 aut
643 1589 772 1624 retentis
793 1588 879 1635 quod
907 1588 1014 1622 nullus
1032 1587 1128 1621 libere
1143 1586 1178 1621 ad

437 1640 625 1687 praedictam
645 1637 766 1684 ‘Sedem
795 1646 897 1684 potest
923 1636 1087 1672 accedere:
1124 1648 1180 1670 nec

437 1688 562 1736 praelati
584 1688 735 1723 Franciae
756 1699 810 1733 per
826 1699 898 1727 nos,
921 1695 953 1722 ut
972 1699 1067 1733 super
1089 1685 1182 1720 dictis

435 1738 681 1774 deliberaremus
697 1749 767 1772 cum
797 1737 845 1781 tis,
872 1736 908 1772 ad
938 1744 1075 1771 nostram
1099 1747 1182 1782 prae-

435 1789 565 1823 sentiam
587 1787 707 1822 evocari
744 1795 935 1832 potuerunt,
962 1786 1046 1820 sicut
1072 1796 1179 1820 eorum

436 1838 616 1873 huiusmodi
644 1850 698 1884 per
733 1836 852 1871 litteras
884 1843 1023 1879 constat,
1050 1833 1180 1882 quasin

435 1888 573 1923 archivio
595 1887 756 1922 Romanae
780 1886 939 1921 Ecclesiae
957 1885 1088 1920 facimus
1110 1896 1182 1919 con-

436 1939 560 1974 servari.
594 1938 647 1973 Sic
675 1945 705 1972 et
730 1937 930 1981 Novioinen.,
951 1935 1181 1974 Constantien„

436 1989 607 2024 Bituricen.
639 1987 778 2035 episcopi
809 1987 948 2034 ipsorum
980 1986 1107 2020 nuntios
1128 1996 1183 2019 ex-

436 2039 566 2080 cusatio,
577 2038 688 2073 eodem
702 2036 894 2083 impediente
915 2048 997 2081 rege,
1015 2035 1183 2079 venire(l);

436 2101 497 2137 qua
544 2101 634 2123 causa
670 2087 791 2122 etiamsi
832 2087 976 2133 princeps
1015 2086 1182 2132 quisquam

437 2139 544 2184 suerit,
566 2139 618 2185 qui
647 2137 706 2172 hoc
729 2135 938 2184 prohibuerit,
967 2135 1054 2169 illum
1078 2143 1183 2169 censet

438 2201 536 2224 canon
588 2187 811 2223 communione
859 2184 1053 2233 privandum.
1104 2184 1185 2226 Quis

438 2240 520 2274 enim
547 2238 644 2274 libere
670 2237 708 2272 ad
734 2244 937 2271 memoratam
966 2233 1081 2269 Sedem
1106 2246 1183 2280 pro-

438 2290 532 2325 ficisci
561 2289 653 2327 dicet,
688 2287 740 2335 qui
776 2286 821 2321 sic
857 2292 1013 2325 tractatur,
1048 2293 1078 2319 et
1099 2284 1183 2330 quod

439 2340 622 2379 retineatur,
652 2338 695 2372 vel
720 2349 852 2382 regnum
877 2335 1071 2383 permittatur
1087 2334 1184 2373 exire,

439 2389 498 2425 sub
538 2389 664 2424 alterius
706 2395 856 2434 potestate
895 2384 1059 2420 consistit?
1092 2383 1185 2418 Certe

440 2439 544 2474 nullus
570 2438 624 2485 qui
644 2450 717 2472 sane
740 2436 902 2481 intelligat.
937 2445 967 2470 et
995 2434 1047 2481 qui
1077 2433 1185 2480 scripti

442 2490 516 2524 iuris
532 2489 590 2523 vim
612 2489 641 2522 in
664 2487 724 2522 hoc
740 2494 917 2531 cognoscat,
938 2484 1029 2520 habet
1051 2483 1184 2530 aliquam

443 2541 615 2574 veritatem⁴

490 2588 510 2636 ἓ
532 2593 562 2623 5.
587 2587 647 2623 Sed
673 2586 811 2622 volentes
832 2585 1006 2620 secundum
1025 2596 1185 2619 sacrorum

479 2651 516 2683 (t)
533 2650 607 2677 Deest
624 2650 665 2676 hic
681 2648 789 2684 aliquid,
807 2652 884 2675 etiam
901 2648 925 2674 in
943 2647 1081 2674 Lcihnitio.

1014 246 1198 269 namnum
1221 245 1380 268 ROMANCM

1215 299 1389 334 doctrinam
1428 310 1585 333 canonum
1620 298 1707 345 pacis
1732 311 1856 334 servare
1892 299 1960 333 vin—

1215 348 1333 392 culum,
1357 360 1428 384 eum
1450 347 1605 394 aequitate
1618 355 1649 383 et
1668 347 1811 383 firmitate
1827 356 1960 395 portare,

1216 410 1272 433 uec
1286 401 1331 443 (1)
1352 398 1397 433 sic
1411 397 1484 432 moti
1502 410 1624 432 sumus.
1652 396 1753 432 Immo
1786 397 1960 444 evangelica

1215 447 1297 483 dicta
1325 455 1493 495 pensantes
1524 446 1627 482 conati
1661 459 1772 482 sumus
1804 455 1959 481 errantem

1215 510 1304 532 ovem
1322 506 1382 532 tam
1400 496 1538 537 charam,
1561 505 1687 543 tamque
1710 495 1799 531 nobis
1813 495 1959 531 dilectam

1976 248 2023 274 An.
2042 246 2069 273 C.
2091 246 2156 272 t505

1987 308 2054 334 Quare
2073 313 2155 327 missurn

1976 341 2042 359 videm
2066 338 2085 357 S.
2103 337 2156 357 Mar-

1975 371 2023 390 ικΙΙι
2061 370 2156 389 ranttna-

1976 402 2015 421 tvm
2032 402 2064 427 qui
2076 400 2156 420 ati-otu-

1976 436 2053 452 tiuumu
2064 432 2157 452 offerret.

1215 547 1304 594 quasi
1321 546 1457 594 propriis
1479 545 1622 581 humeris
1641 558 1680 580 ne
1700 545 1814 592 periret
1829 544 1866 580 ad
1882 544 1963 580 ovile
1986 547 1989 549 ’

1217 596 1385 636 reducere,
1421 608 1452 630 in
1475 595 1623 630 uberibus
1645 594 1799 630 collocare
1827 595 1963 640 pascuis,

1216 654 1246 679 et
1268 645 1449 680 dulcedinis
1469 644 1583 692 pabulo
1609 645 1787 680 confovere.
1810 644 1888 679 Nam
1910 657 1964 679 co-

1216 694 1348 741 gitantes
1374 694 1548 730 secundum
1577 693 1739 740 Evangelii
1770 693 1963 740 parabolam,

1216 744 1299 790 quod
1322 743 1375 790 qui
1404 744 1557 778 notarium
1592 751 1752 790 spreverat
1777 743 1886 778 saltem
1915 756 1962 778 no

1217 801 1314 827 strum
1356 801 1512 827 vereretur
1542 792 1653 836 filium,
1672 793 1708 827 ad
1749 791 1963 827 reducendum

1217 854 1289 876 enm
1314 842 1413 876 tilium
1437 850 1579 876 nostrum
1613 842 1805 886 Iohannem,
1841 850 1870 876 et
1892 855 1965 876 san-

1217 899 1337 926 ctorum
1373 890 1509 926 Marcelli
1558 898 1589 926 et
1621 891 1705 926 Petri
1746 891 1963 939 presbyterum

1218 939 1405 975 cardinalem
1442 939 1481 975 de
1520 952 1618 987 regno
1651 941 1820 976 oriundum
1847 941 1964 988 ipsius,

1217 990 1271 1037 qui
1300 998 1458 1036 tamquam
1490 989 1610 1024 amicus
1641 1002 1720 1025 suus
1751 990 1821 1025 eius
1847 990 1966 1025 zelabat

1218 1039 1368 1083 salutem,
1392 1038 1573 1074 curavimus
1601 1038 1759 1074 destinare
1781 1038 1963 1074 offerentem

1219 1090 1298 1124 inter
1325 1096 1446 1124 caetera
1473 1088 1532 1123 sihi
1558 1100 1597 1122 ex
1624 1096 1711 1134 parte
1735 1096 1838 1123 nostra
1871 1088 1966 1124 abso-

1219 1139 1370 1174 lutionem
1398 1137 1437 1173 ab
1456 1137 1815 1173 excommunicationum
1837 1145 1966 1172 senten-

1219 1189 1270 1223 tiis
1291 1188 1407 1236 quibus
1423 1195 1488 1223 erat
1512 1186 1691 1223 notabiliter
1718 1187 1866 1222 irretitus.

1267 1238 1287 1283 S
1309 1239 1341 1271 4.
1366 1237 1483 1272 Verum
1507 1237 1619 1272 frustra
1641 1249 1699 1272 nos
1721 1235 1791 1272 talis
1813 1236 1966 1283 cogitatus

1219 1287 1363 1334 arripuit,
1390 1287 1461 1334 quia
1490 1287 1516 1321 si
1539 1299 1611 1334 erga
1645 1286 1841 1334 praedictum
1878 1296 1966 1321 nota-

1221 1337 1299 1371 rium
1325 1349 1370 1377 se,
1399 1345 1431 1371 ut
1465 1336 1685 1383 praemittitur,
1716 1336 1833 1382 gessit,
1868 1335 1965 1370 fitium

1220 1394 1363 1421 nostrum
1387 1386 1486 1432 magis
1515 1385 1725 1432 ignominiose
1758 1387 1966 1432 compescuit,

1220 1436 1293 1483 quia
1327 1436 1410 1470 sicut
1440 1436 1506 1482 ipse
1538 1434 1705 1470 cardinalis
1733 1434 1821 1469 nobis
1844 1434 1967 1474 retulit,

1221 1486 1354 1520 oblatam
1378 1484 1606 1520 absolutionem
1635 1484 1843 1531 contempsit,
1876 1484 1967 1531 eique

1221 1534 1379 1582 deputatis
1401 1533 1565 1575 custodiis,
1596 1546 1636 1569 ne
1654 1533 1752 1569 libere
1779 1533 1823 1569 ire
1851 1543 1968 1581 posset.

1221 1597 1284 1631 quo
1307 1584 1411 1628 vellet,
1439 1596 1497 1619 nec
1519 1583 1660 1631 recipere
1682 1583 1735 1631 qui
1764 1583 1909 1619 venirent
1930 1584 1967 1618 ad

1222 1647 1306 1678 eum,
1332 1633 1370 1668 de
1392 1645 1490 1679 regno
1508 1645 1578 1677 suo,
1601 1646 1664 1668 non
1688 1645 1885 1668 reversurum
1901 1633 1969 1667 sine

1222 1682 1358 1724 licentia,
1385 1690 1415 1717 et
1436 1683 1482 1718 sic
1498 1682 1744 1730 quodammodo,
1760 1691 1793 1717 ut
1809 1683 1876 1717 eius
1894 1695 1969 1718 car-

1223 1732 1336 1767 dinalis
1365 1731 1458 1767 verbo
1481 1741 1624 1776 utamur,
1647 1733 1734 1779 regio
1760 1732 1864 1768 banno
1886 1744 1968 1778 sup-

1225 1783 1360 1829 positum
1388 1781 1517 1829 protulit
1542 1790 1574 1816 et
1599 1781 1711 1817 efflavit
1744 1781 1891 1816 eundem.
1929 1782 1967 1817 Et

1223 1832 1314 1867 etiam
1350 1831 1428 1866 ultra
1457 1830 1633 1878 parabolam
1662 1832 1730 1879 ipse
1756 1830 1883 1866 tandem
1912 1844 1970 1866 nos

1223 1881 1348 1917 Patrem
1376 1881 1510 1916 familias
1545 1893 1607 1916 non
1645 1881 1765 1917 dimisit
1799 1881 1969 1923 intactum,

1223 1932 1279 1967 sed
1308 1932 1418 1967 iterum
1444 1931 1587 1967 laceravit
1613 1930 1838 1978 blasphemiis,
1864 1939 1895 1966 et
1920 1931 1969 1966 in-

1224 1983 1313 2017 iuriis
1335 1981 1503 2023 lacessivit,
1523 1981 1640 2017 oblitus
1658 1981 1744 2029 quod
1765 1981 1887 2028 legitur:
1903 1980 1969 2016 Ho-

1224 2046 1298 2068 nora
1322 2040 1439 2079 patrem
1467 2040 1557 2066 tuum
1593 2040 1620 2067 et
1656 2039 1786 2066 matrem
1815 2040 1911 2072 tuam,
1938 2040 1971 2066 ut

1225 2083 1268 2118 sis
1287 2082 1460 2129 longaevus
1482 2094 1577 2130 super
1600 2090 1726 2121 terram,
1749 2090 1778 2117 et
1801 2080 1884 2128 quod
1908 2081 1971 2116 filio

1225 2145 1349 2180 semper
1376 2132 1506 2167 honesta
1524 2139 1554 2166 et
1575 2139 1680 2166 sancta
1711 2131 1813 2167 Patris
1847 2131 1970 2178 querela

1225 2182 1354 2217 deberet
1382 2181 1497 2220 videri,
1525 2190 1554 2216 et
1582 2181 1682 2216 taliter
1709 2181 1777 2216 eius
1800 2193 1861 2216 non
1889 2179 1971 2216 effici

1225 2232 1400 2278 castigator:
1425 2230 1751 2266 confoederationibus
1779 2239 1809 2266 et
1837 2231 1972 2278 colliga—

1227 2282 1364 2317 tionibus
1390 2281 1479 2316 sactis
1505 2294 1575 2316 cum
1616 2281 1777 2316 nonnullis
1804 2280 1971 2329 praelatis,

1226 2340 1256 2367 et
1283 2332 1427 2378 personis
1448 2331 1516 2366 aliis
1538 2331 1624 2377 regni
1647 2331 1708 2372 sui,
1742 2332 1827 2378 pacis
1855 2331 1972 2367 vincu-

1227 2382 1304 2423 lum,
1320 2381 1404 2428 quod
1418 2381 1537 2417 salvum
1561 2393 1630 2416 esse
1653 2381 1725 2416 totis
1747 2380 1911 2415 affectibus
1931 2381 1974 2415 ui-

1229 2432 1383 2476 tebamur,
1399 2431 1494 2479 rupit,
1517 2430 1711 2478 perturbavit
1739 2431 1887 2466 unitatem
1920 2443 1974 2465 ec-

1994 1244 2091 1270 Legatum
2104 1246 2162 1271 regio

1981 1277 2050 1297 banno
2081 1276 2165 1297 subiicit

1982 1307 2096 1334 Philippus.

1227 2481 1450 2520 clesiasticam.
1473 2489 1504 2517 et
1526 2481 1745 2516 inconsutilem
1769 2480 1895 2516 Domini
1920 2489 1974 2516 tu-
2008 2483 2012 2486 “

1229 2532 1329 2567 nicam
1358 2531 1501 2566 scindere
1529 2543 1590 2567 non
1613 2531 1747 2578 expavit,
1769 2542 1805 2566 ac
1825 2542 1900 2566 suae
1915 2544 1974 2578 ap-

1229 2582 1389 2630 pellationi
1425 2581 1553 2616 frivolae
1586 2589 1694 2616 contra
1717 2593 1776 2616 nos
1802 2579 1972 2616 adhaerere

1264 2644 1302 2679 (l)
1319 2645 1379 2679 Leg.
1398 2644 1483 2671 forsan
1503 2652 1558 2675 7³⁰⁵,
1580 2642 1636 2670 loco
1655 2651 1708 2669 nec.
