2274 3265
120 235 169 262 An.
186 235 214 261 C.
235 235 300 261 1356

127 1773 198 1795 Senos
214 1774 270 1793 lasti.

913 238 1109 262 leNEDtCTts
1137 240 1184 262 x11
1207 241 1256 262 PP-

316 290 537 335 deputationis,
551 291 784 331 inhibitionum,
802 292 1059 334 declarationum,

317 340 502 384 provisionis
516 368 525 383 ,
554 342 792 388 prohibitionis,
822 343 1038 378 concessionis
1052 371 1059 383 ,

318 390 541 430 innovationis,
571 392 806 438 approbationis
819 419 828 436 7
852 393 1035 427 monitionis
1050 420 1059 433 ,

315 439 507 474 extensionis
522 448 552 474 et
568 441 785 476 mandatorum
811 442 993 486 infringere,
1015 442 1058 475 vel

315 488 340 521 ei
355 500 432 523 ausu
454 491 619 525 temerario
633 491 799 525 contraite
819 491 852 526 Si
869 492 941 538 quis
955 499 1058 526 autem

316 537 375 572 hoc
402 546 555 573 attentare
583 541 841 587 praesumpserit,
870 541 1060 587 indignatio—

316 600 385 621 nem
414 588 640 635 omnipotentis
661 588 718 623 Dei
739 599 768 623 et
791 590 951 625 beatorum
978 590 1058 624 Petri

314 644 344 670 et
371 637 458 671 Pauli
487 638 701 685 apostolorum
726 640 795 674 cius
821 652 853 674 se
873 641 993 675 noverit
1013 641 1060 673 in-

314 699 494 721 cursurum.

363 736 477 770 Datum
493 737 668 777 Avenione,
681 751 722 772 xit
738 738 860 774 kalend.
878 739 957 779 iulii,
974 747 1058 787 pont.

316 787 412 819 nostri
440 798 523 820 auno
549 788 700 821 secundo.

354 847 413 876 Dat.
438 848 484 877 die
507 848 545 878 20
566 850 639 878 iunii
665 850 749 883 1330,
773 852 874 890 pontii.
897 862 972 881 anno
992 861 1021 881 tt⁴

656 1009 720 1043 Vll⁴

312 1090 426 1123 Contra
459 1090 652 1130 Fract'cellos,
676 1104 837 1136 eorumque
870 1105 1007 1136 sequaces
1035 1100 1062 1125 et

358 1140 494 1182 fautores
512 1152 566 1184 per
581 1142 689 1174 Sedent
712 1143 919 1185 Apostoli'cant
935 1144 1062 1175 damna-

358 1196 403 1222 tos
431 1190 487 1231 (l).

576 1268 787 1299 SUMMAtttttM

309 1329 407 1360 Series
442 1332 519 1361 sacti.
542 1349 579 1353 —
605 1331 629 1360 l.
650 1330 802 1360 Decretum
830 1332 874 1367 (de
893 1342 941 1370 quo
964 1333 989 1360 io
1015 1342 1060 1360 ru.-

348 1376 445 1412 bi‘t'ca).

306 1447 466 1477 Benedictus
495 1449 637 1484 opiscopus
665 1457 759 1478 servus
779 1456 920 1478 servorum
938 1449 994 1481 nei,
1014 1456 1060 1477 ve-

351 1499 518 1528 nerabilibus
534 1499 671 1529 fratribus
689 1500 839 1528 Bertrando
859 1501 1059 1537 archiepiscopo

351 1547 540 1582 EbredunensL
573 1550 602 1577 et
638 1549 730 1578 ioanni
764 1550 886 1585 episcopo
928 1550 1057 1586 Anagnin-

351 1598 446 1626 nostro
468 1598 496 1626 in
524 1599 715 1634 spiritualibus
739 1599 817 1627 Urbis
846 1599 958 1632 vicario,
984 1600 1059 1628 satu-

350 1649 406 1676 tem
427 1649 457 1677 et
481 1649 658 1684 apostoticam
677 1649 900 1678 benedictionem.

356 1721 484 1756 Dudum
513 1721 551 1756 ad
579 1721 770 1756 audientiam
804 1724 900 1757 nostri
929 1733 1057 1770 ipos-to-

306 1772 389 1806 latus
412 1771 587 1818 perducto
615 1772 699 1818 quod
729 1772 856 1818 quidam
887 1774 1055 1820 perimiosi

307 1821 451 1855 homines
463 1830 493 1855 et
516 1834 650 1867 pertensi
667 1834 699 1855 ει
712 1822 895 1857 Fiaticellos
917 1836 949 1857 s«
954 1836 970 1856 u
986 1822 1058 1857 Fri-1

308 1879 369 1905 tres
403 1871 442 1905 de
471 1870 611 1917 paupere
640 1871 708 1906 Vita
733 1872 894 1916 dicentes,
922 1886 1056 1919 quorum

306 1929 389 1956 secta
405 1920 547 1967 pestifera
564 1921 636 1955 olim
656 1921 830 1967 perSedem
843 1922 1055 1968 Apostolicam

306 1970 450 2005 damnata
474 1970 586 2009 extitit,
605 1979 634 2004 et
657 1981 825 2018 perpetuae
852 1971 1054 2018 prohibitioni

306 2020 459 2063 subiecta,
488 2020 518 2053 in
545 2019 626 2054 Urbe
654 2033 689 2054 ac
712 2021 801 2054 terris
818 2021 974 2055 Ecclesiae
991 2021 1057 2056 Ro-

307 2082 416 2105 manae
434 2070 613 2104 immediate
625 2070 786 2113 subiectis,
809 2072 1056 2106 circumvicinis-

306 2132 368 2166 que
406 2119 549 2166 partibus
583 2129 840 2158 comitiorantes,
879 2134 1000 2154 errores
1026 2131 1057 2156 et

307 2170 453 2204 haereses
476 2169 576 2203 varios
601 2170 774 2214 periculose
794 2171 942 2204 nimirum
962 2172 1055 2205 semi-

307 2218 439 2258 nabant,
467 2227 528 2253 tam
546 2219 724 2261 ordinariis,
748 2232 841 2266 quam
870 2220 992 2255 dilectis
1022 2222 1057 2254 ti-

307 2269 356 2303 liis
384 2269 626 2315 inquisitoribus
650 2270 820 2304 haereticae
844 2270 1001 2317 pravitatis
1025 2272 1055 2305 iu

307 2319 452 2364 praelatis
480 2318 576 2360 Urbe,
600 2319 689 2352 terris
716 2332 751 2353 ac
780 2319 919 2366 partibus
946 2328 1057 2355 aucto-

307 2370 396 2402 ritate
431 2368 601 2415 apostolica
642 2368 801 2415 deputatis
836 2370 962 2403 dedisse
1003 2383 1057 2415 per

308 2426 430 2452 nostras
456 2418 530 2452 certi
553 2418 669 2452 tenoris
691 2418 828 2453 diversas
851 2419 954 2454 literas
990 2433 1056 2454 me-

308 2468 459 2501 minimus
482 2468 511 2502 in
541 2467 708 2510 mandatis,
733 2477 765 2502 ut
788 2469 992 2504 commissum
1011 2470 1056 2504 eis

308 2517 519 2563 inquisitionis
541 2517 679 2552 osticium
708 2517 839 2552 solerter
866 2527 895 2553 et
924 2518 1057 2553 fideliter

306 2579 402 2614 super
426 2567 473 2601 liis
494 2575 524 2600 et
551 2566 620 2600 aliis
654 2567 814 2614 negotium
841 2568 1056 2615 inquisitionis

341 2640 379 2676 (t)
395 2641 434 2668 Ex
456 2641 558 2676 aegest.
578 2642 602 2668 in
620 2642 727 2668 Archiv.
753 2642 837 2668 Vatie.

1734 232 1803 264 387

1103 294 1303 339 tangentibus
1324 305 1519 342 exequentes
1541 296 1579 331 dc
1605 296 1775 343 praedictis
1795 310 1850 331 ne—

1101 356 1193 390 quam
1206 344 1401 389 hominibus,
1411 359 1583 393 votumque
1592 346 1850 392 receptatoribus,

1101 393 1326 439 complicibus,
1349 394 1523 429 fautoribus
1546 406 1576 429 ot
1605 396 1785 431 valitoribus
1815 409 1850 431 ai:

1101 455 1210 476 eorum
1234 451 1264 476 ot
1291 444 1458 478 cuiuslibet
1482 445 1619 490 ipsorum
1645 446 1672 479 in
1692 446 1748 480 hac
1765 455 1850 491 parto

1101 492 1298 535 criminibus,
1312 493 1438 527 delii-tis
1460 503 1489 527 et
1507 495 1665 529 erroribus
1690 496 1848 529 veritatem

1104 542 1261 588 inquirere
1289 542 1394 576 solerti
1417 543 1556 577 adhibita
1585 544 1745 589 diligentia
1777 557 1849 591 pro-

1102 601 1261 634 curarent,
1283 592 1320 626 ad
1346 592 1535 638 captionem,
1563 594 1792 628 correctionem
1820 604 1848 629 et

1104 642 1298 687 punitionem
1318 654 1439 685 corum,
1462 642 1638 677 secundnm
1669 644 1851 678 sanctiones

1102 691 1270 726 canonicas
1286 699 1315 725 et
1331 692 1491 736 privilegia
1511 704 1659 726 concessa
1681 693 1784 727 eidem
1803 694 1851 727 in-

1102 741 1282 786 quisitionis
1298 741 1414 784 officio,
1430 742 1637 776 nihilominus
1660 743 1849 787 processuri.

1152 791 1171 839 g
1196 794 1225 825 t.
1248 791 1331 825 Sane
1354 803 1426 825 cum
1443 819 1451 830 ,
1479 792 1557 826 sicut
1586 792 1622 825 ad
1653 805 1710 825 nos
1733 791 1851 827 noviter

1102 849 1149 875 est
1178 841 1349 887 perlatum,
1375 840 1607 888 praedictorutti
1638 842 1790 876 malornm
1823 852 1849 876 et

1102 890 1392 937 superstitiosorum
1430 890 1593 926 hominum
1638 893 1851 938 praesumptio

1105 940 1280 987 periculosa
1308 949 1337 974 et
1371 942 1535 975 temeraria
1571 953 1632 975 non
1656 950 1704 976 est
1731 942 1760 976 in
1790 941 1852 976 illis

1105 990 1245 1036 partibus
1261 990 1426 1031 diminuta,
1441 991 1494 1024 sed
1511 999 1618 1025 aucta:
1641 1003 1713 1025 cum
1733 991 1850 1026 nedum

1104 1040 1185 1085 ipsi,
1217 1040 1394 1087 quinimmo
1428 1040 1633 1086 quamplures
1662 1040 1712 1075 alii
1740 1054 1849 1076 eorum

1103 1089 1162 1123 sub
1189 1090 1258 1123 aliis
1281 1098 1383 1123 tamen
1412 1089 1544 1124 (liversis
1580 1089 1659 1124 lictis
1693 1090 1850 1125 habitibus

1102 1147 1270 1184 sequentes
1293 1146 1323 1172 et
1356 1139 1513 1174 imitantes
1547 1139 1691 1174 damnata
1721 1141 1849 1185 vestigia

1103 1188 1131 1221 in
1156 1188 1275 1222 eisdem
1301 1187 1395 1227 Urbe,
1419 1189 1509 1223 terris
1536 1198 1566 1223 et
1601 1189 1765 1233 partibus,
1793 1202 1850 1224 nec

1103 1249 1164 1271 non
1192 1246 1221 1271 et
1250 1239 1278 1270 in
1304 1250 1399 1283 regno
1421 1250 1457 1272 ac
1480 1240 1572 1273 terris
1594 1238 1720 1273 Siciliae
1747 1239 1851 1274 ‹lisse-

1103 1287 1261 1321 miuantes
1283 1287 1384 1321 varios
1407 1299 1531 1322 errores
1554 1296 1584 1323 et
1612 1287 1758 1322 haereses
1787 1300 1849 1323 non

1101 1336 1169 1371 siue
1193 1336 1363 1370 multorum
1389 1335 1546 1371 santorum
1575 1338 1714 1371 consiliis
1741 1347 1771 1372 et
1793 1350 1851 1372 au-

1101 1387 1184 1421 xiliis
1206 1394 1458 1425 commorantur-2
1483 1400 1539 1421 nos
1561 1387 1656 1433 igitur
1678 1388 1772 1422 tantis
1803 1400 1852 1434 pe-

1101 1437 1207 1472 riculis
1225 1436 1349 1471 obviare
1373 1436 1541 1470 salubriter
1559 1438 1735 1483 copienteS,
1748 1437 1850 1472 frater-

1102 1487 1190 1521 nitati
1220 1494 1340 1521 vestrae
1364 1499 1419 1533 per
1439 1486 1611 1533 apostolica
1634 1487 1750 1533 scripta
1770 1499 1849 1522 com-

1102 1537 1255 1571 mittimus
1278 1544 1309 1570 et
1332 1536 1532 1577 mandamus,
1560 1544 1717 1583 quatenus
1745 1548 1799 1572 vos
1821 1545 1850 1571 ct

1100 1586 1232 1634 quilibet
1262 1594 1397 1620 vestrum
1427 1587 1457 1620 io
1487 1586 1624 1621 solidum
1655 1599 1708 1632 per
1732 1599 1786 1621 vos
1805 1588 1850 1621 vel

1099 1638 1193 1671 alium
1229 1649 1283 1670 seu
1312 1636 1389 1670 alios
1410 1635 1561 1670 adversus
1584 1635 1759 1682 praedictos
1793 1636 1852 1671 lio—

1101 1688 1201 1721 mines
1223 1698 1398 1733 eorumque
1420 1698 1573 1732 sequaces
1587 1713 1595 1729 ,
1623 1685 1794 1733 complices
1816 1699 1849 1720 ac

1101 1745 1292 1783 receptores,
1320 1735 1458 1770 fautores
1480 1744 1510 1769 et
1532 1736 1692 1769 adiutores
1719 1736 1851 1771 clericos

1099 1796 1128 1821 et
1151 1787 1245 1820 laicos
1271 1786 1502 1833 cuiuscumque
1525 1793 1641 1826 status,
1665 1785 1826 1831 dignitatis
1842 1814 1849 1825 ,

1100 1835 1353 1882 praeeminentiae
1389 1835 1434 1869 vel
1470 1835 1662 1869 conditionis
1696 1835 1849 1872 existant.

1098 1886 1218 1920 etiamsi
1248 1885 1418 1931 pontificali
1448 1885 1493 1919 vel
1522 1885 1630 1931 quavis
1652 1884 1710 1919 alia
1738 1885 1850 1930 digni-

1099 1943 1159 1970 tate
1189 1935 1414 1981 praemineant,
1437 1934 1625 1981 simpliciter
1643 1943 1672 1969 et
1694 1934 1733 1969 de
1757 1934 1849 1981 plano

1098 1986 1164 2019 sine
1187 1985 1318 2031 strepitu
1342 1993 1371 2017 et
1399 1984 1498 2029 ligura
1518 1984 1637 2027 indicii,
1668 1984 1846 2019 secundum

1098 2035 1265 2069 canonicas
1301 2035 1479 2068 sanctiones
1505 2043 1535 2068 et
1573 2034 1732 2080 privilegia
1765 2046 1848 2068 con-

1098 2098 1184 2119 cessa
1204 2084 1305 2119 eidem
1325 2084 1540 2131 inquisitionis
1557 2083 1672 2127 officio,
1691 2084 1727 2118 ad
1743 2083 1848 2130 inqui-

1098 2135 1255 2171 sinonem,
1275 2134 1503 2168 correctionem
1527 2142 1556 2167 et
1586 2134 1781 2179 punitionem
1801 2142 1848 2167 ta—

1099 2184 1186 2226 lium,
1207 2192 1299 2230 prout
1321 2183 1490 2218 cuiuslibet
1518 2195 1667 2218 excessus
1685 2191 1716 2217 et
1742 2182 1845 2218 delicti

1098 2234 1233 2281 qualitas
1260 2234 1408 2278 exegerit,
1432 2246 1486 2279 per
1505 2246 1558 2268 vos
1585 2242 1638 2268 aut
1660 2245 1733 2267 cum
1760 2233 1847 2267 oidi-

1099 2284 1194 2318 nariis
1223 2292 1252 2317 et
1280 2283 1523 2330 inquisitoribus
1551 2282 1742 2337 praedictis,
1768 2295 1846 2329 qnos

1097 2333 1261 2367 solicitetis
1283 2345 1377 2379 super
1406 2332 1453 2367 liis
1476 2333 1667 2367 coniunctim
1693 2331 1737 2366 tel
1761 2344 1847 2379 sepa-

1099 2383 1202 2427 ratim,
1218 2391 1309 2429 prout
1324 2382 1449 2429 quando
1464 2390 1496 2417 et
1507 2391 1652 2429 quotiens
1661 2381 1846 2428 expedient

1099 2432 1297 2478 procedatis3
1321 2433 1361 2467 ita
1390 2432 1475 2478 quod
1501 2431 1647 2478 pestifera
1670 2431 1756 2466 labes
1785 2444 1845 2466 ex-

1097 2484 1232 2528 tirpetur
1255 2481 1434 2515 huiusmodi
1457 2491 1488 2516 et
1503 2481 1672 2515 catholicae
1695 2481 1765 2515 fidei
1782 2481 1847 2515 cla-

1099 2533 1172 2565 ritas
1189 2539 1347 2566 remaneat
1370 2530 1503 2565 illibata:
1522 2530 1771 2565 contradictores
1791 2543 1845 2577 pet·

1097 2593 1262 2616 censuram
1285 2580 1528 2615 ecclesiasticam
1552 2579 1766 2627 appellatione
1791 2593 1844 2614 re-

1098 2638 1179 2665 mota
1202 2630 1444 2677 compescendo,
1474 2642 1534 2664 non
1559 2629 1757 2664 obstantibus
1782 2637 1842 2664 tam

1867 243 1915 268 An.
1934 241 1961 267 C.
1984 242 2049 268 1336

1879 1399 1989 1421 Decretum
2022 1401 2046 1420 cte

1866 1432 1936 1458 quoin
1947 1431 2039 1452 rubim*-
