2274 3265
119 249 167 275 Au.
186 247 213 273 C.
233 246 299 273 ¹556

921 247 1001 270 BENE
1007 247 1117 270 ntCTus
1140 247 1186 269 ΧΠ
1211 247 1259 269 ΙΨ.

320 301 495 348 theologiae
519 302 643 337 festinet
666 313 837 346 recurrere,
860 311 890 336 et
912 314 1007 349 super
1030 302 1068 336 iis

319 351 445 385 veritate
459 360 630 398 comperta,
645 351 728 386 fratri
747 351 815 386 talia
832 352 1067 398 dogmatizanti,

319 399 522 446 praedicanti,
546 400 725 435 defendenti
743 412 796 435 seu
820 400 1069 448 approbanti,ac

317 450 574 497 quibuscumque
609 450 679 485 aliis
706 450 864 489 fratribus,
899 450 944 484 vel
974 450 1002 483 in
1033 450 1068 484 iis

319 499 505 543 faventibus,
534 500 580 534 vel
604 512 676 534 eum
699 499 953 539 defendentibus,
979 507 1069 545 prout

317 548 482 595 culparum
518 561 628 583 eorum
656 549 790 596 qualitas
816 561 871 583 seu
906 561 1069 595 praesum-

319 605 428 644 ptuosa
453 599 611 633 temeritas
633 599 783 644 exegerit,
802 598 841 632 de
868 598 1001 632 consilio
1026 598 1070 632 di-

318 656 492 682 seretorum
537 647 666 682 fratrum
712 647 768 682 loci
799 647 925 694 praefati
965 647 1068 682 Studii

317 697 453 731 debitam
478 709 610 744 poenam
636 697 792 743 imponat;
814 706 843 732 et
870 696 907 732 ad
925 709 1070 731 revocan-

317 746 390 780 dum
427 758 497 780 cum
530 745 643 780 effectu
669 746 857 792 praedictam
887 747 1068 793 opinionem

316 807 480 830 erroneam
504 796 591 842 ipsos
619 804 744 830 moneat
763 804 793 830 et
817 796 954 836 inducat;
985 795 1069 843 quod

316 845 341 879 si
365 844 566 891 pertinaciter
589 856 696 890 parere
730 846 988 892 contempserint
1014 857 1072 879 nec

316 906 330 927 ἰ
355 893 471 928 talibus
493 893 645 928 desistere
665 893 742 928 sorte
764 894 928 934 ioluerint,
957 906 1010 928 eos
1033 894 1072 928 de

318 942 549 989 praedictorum
585 942 717 977 consilio
752 944 868 978 carceri
903 943 1071 990 mancipet,

316 1000 345 1026 et
369 992 500 1026 detineri
526 992 617 1026 faeiat
644 992 851 1039 mancipatos,
874 992 977 1026 donec
1005 992 1072 1026 effl-

317 1041 432 1076 caciter
449 1041 622 1088 paruerint,
639 1049 666 1075 et
684 1041 886 1076 destiterinta
902 1041 1070 1088 praedictis.

317 1090 354 1125 Et
391 1091 602 1125 nihilominus
638 1090 817 1137 praedictus
856 1091 1000 1137 superior
1035 1091 1073 1125 de

317 1141 500 1186 praemissis
539 1140 689 1174 omuibus
722 1139 846 1187 plenam
889 1148 917 1174 et
947 1139 1070 1173 fidelem

318 1189 499 1224 relationem
537 1189 629 1224 faciat
661 1190 690 1223 in
728 1190 829 1235 primo
866 1188 1070 1235 subsequenti

317 1239 457 1286 capitulo
491 1238 643 1284 generali,
667 1239 697 1273 in
721 1251 784 1284 quo
812 1237 887 1284 quid
910 1250 1006 1284 super
1028 1238 1073 1271 eis

319 1288 496 1323 faciendum
526 1287 630 1328 suerit,
659 1286 786 1334 plenius
805 1286 980 1321 ordinetur.
1015 1286 1074 1321 Di-

317 1337 456 1372 strictius
491 1337 584 1371 etiam
623 1335 824 1376 inhibemus,
848 1347 887 1369 ne
908 1344 1072 1382 postquam

317 1399 413 1433 super
436 1387 567 1432 negocio
584 1385 655 1420 fidei
679 1386 825 1440 quaestio
848 1396 902 1419 seu
921 1384 1074 1419 dubitatio

317 1435 433 1483 aliqua,
451 1448 548 1483 super
563 1447 623 1481 qna
647 1436 710 1468 sint
732 1434 903 1481 opiniones
926 1434 1075 1469 adversae

319 1486 363 1519 vel
391 1485 547 1529 diversae,
562 1484 696 1519 deducta
711 1484 803 1518 suerit
818 1483 855 1518 ad
873 1483 1075 1531 Apostolicae

317 1534 410 1569 Sedis
433 1547 580 1577 examen,
606 1534 775 1580 quisquam
799 1546 836 1567 ex
864 1541 940 1567 tunc
963 1533 1076 1567 alteru-

319 1593 396 1618 tram
427 1593 545 1631 partem
564 1583 787 1626 determinare,
805 1582 920 1628 eligere
949 1582 995 1616 vel
1018 1595 1075 1629 ap-

320 1634 451 1688 probate
493 1640 695 1681 praesumat,-
734 1632 787 1666 sed
827 1644 923 1680 super
949 1632 1074 1666 easdem

319 1683 386 1718 eius
409 1682 561 1718 iudicium
585 1695 642 1717 seu
670 1682 841 1716 declaratio
879 1689 1075 1728 expectetur.

319 1732 484 1768 Praeterea
507 1733 705 1776 ordinamus,
728 1731 812 1778 quod
837 1731 1006 1777 magistris,
1030 1731 1076 1765 le-

320 1782 461 1817 ctoribus
483 1791 512 1817 et
536 1781 718 1817 baecalariis
737 1782 766 1815 in
796 1781 917 1815 Studiis
939 1793 1077 1826 genera-

322 1832 403 1866 libus
426 1831 617 1878 legentibus,
642 1843 697 1877 per
719 1838 895 1865 conventus
923 1829 1077 1873 locorum,

323 1882 375 1915 ubi
405 1880 527 1927 legunt,
562 1880 601 1915 de
629 1888 710 1913 vitae
745 1879 932 1913 necessariis
965 1878 1077 1912 debeat

324 1930 500 1977 provideri,
522 1930 598 1965 alias
617 1937 721 1963 autem
744 1940 913 1975 expensas,
936 1928 999 1961 sire
1023 1940 1078 1975 pro

324 1980 434 2014 itinere
460 1979 525 2014 sive
560 1991 615 2026 pro
642 1978 758 2012 lectura
800 1977 965 2021 librorum,
1001 1989 1079 2010 con-

323 2037 447 2069 ventuS,
469 2029 508 2063 ‹le
536 2040 598 2075 quo
621 2027 797 2071 mittentur,
825 2026 936 2061 babeat
964 2038 1078 2072 procu-

325 2091 404 2117 rare,
423 2078 599 2112 moderatas
621 2085 738 2119 tamen,
753 2084 781 2109 et
800 2076 887 2122 prius
904 2088 918 2109 a
936 2076 1078 2110 ministro

324 2127 461 2173 generali
486 2127 531 2161 vel
557 2126 738 2173 provinciali
764 2133 896 2159 taxatas:
925 2125 949 2158 si
973 2133 1077 2159 autem

325 2184 499 2211 conventus
527 2189 588 2210 non
617 2174 749 2209 sufficiat
774 2174 810 2208 ad
835 2186 990 2229 expensas
1019 2175 1078 2208 hu-

326 2226 461 2261 iusmodi
498 2224 737 2267 ministrandas,
775 2225 864 2257 t'aciat
902 2224 946 2257 eis
977 2224 1078 2257 dietus

325 2276 480 2322 generalis
519 2275 563 2309 tel
601 2251 797 2320 proxincialis
833 2273 988 2328 ptotideri
1026 2285 1079 2319 pet

325 2325 583 2359 communitattm
617 2322 777 2357 custodiae
812 2323 856 2356 tel
886 2323 1077 2369 protintffiae

326 2375 365 2408 de
387 2373 504 2421 quibus
531 2380 748 2411 assumuntur,
772 2371 809 2405 de
835 2371 1002 2418 praedietis
1024 2384 1077 2405 ex-

327 2424 448 2471 pensis:
472 2422 599 2478 quando
621 2430 724 2457 autem
749 2420 959 2460 remittentur
975 2421 1079 2468 proii-

327 2475 419 2507 dtant
452 2473 499 2507 eis
526 2480 710 2510 conventus,
732 2483 747 2505 a
771 2471 887 2517 quibus
910 2470 1077 2510 recedunt,

327 2531 355 2557 et
378 2523 401 2556 si
436 2530 612 2556 conventus
648 2520 829 2555 huiusmodi
867 2532 928 2554 non
959 2520 1076 2566 possint

329 2572 505 2620 piovidere,
529 2571 617 2605 saciat
651 2571 696 2604 eis
724 2569 941 2617 praedictus0
923 2569 1078 2603 oetieralis

328 2622 374 2656 tel
400 2620 612 2668 proxincialis,
634 2632 688 2666 per
704 2618 860 2653 custodias
884 2618 928 2652 vel
953 2619 1077 2663 provin-

408 2679 481 2709 Ball.
507 2677 582 2706 Rom.
614 2677 666 2705 vot.
689 2676 732 2705 lt.
922 2676 955 2704 51

1746 237 1806 270 401

1110 302 1194 342 cias,
1230 302 1322 336 cuius
1350 310 1454 343 erunt,
1492 310 1582 350 prout
1606 315 1698 350 supra
1729 303 1758 336 in
1790 314 1862 337 casu

1110 351 1171 386 alio
1194 360 1241 385 est
1271 352 1444 398 provisum.

1159 400 1179 447 g
1218 403 1273 435 15.
1315 400 1439 435 Rursus
1473 402 1669 443 ordinamus,
1704 401 1786 448 quod
1825 403 1864 435 de

1112 450 1199 484 libris
1224 450 1348 484 donatis
1378 451 1422 485 vel
1452 451 1563 497 legatis
1585 452 1685 485 cnivis
1718 464 1862 485 commu-

1112 500 1198 534 nitati
1241 512 1296 534 seu
1327 512 1480 547 personae
1515 500 1646 539 ordinis,
1675 500 1713 533 de
1748 500 1865 546 quibus

1112 548 1265 583 donantes
1302 549 1428 595 provide
1464 550 1703 595 tllsposutwint,
1748 549 1797 583 siat
1835 550 1862 582 id

1112 599 1285 639 dumtaxat,
1308 599 1392 646 quod
1414 599 1601 645 dispositum
1620 599 1663 631 rel
1686 598 1863 632 ordinatum

1113 649 1205 682 fuerit
1229 661 1283 695 per
1304 648 1443 682 eosdem.
1464 648 1548 682 Libri
1569 660 1640 682 vero
1658 649 1786 681 fratrum
1808 648 1865 681 de-

1112 699 1305 739 cedentium,
1328 710 1409 745 quos
1437 698 1494 744 ipsi
1527 698 1647 738 fratros,
1676 698 1750 730 (lum
1781 698 1865 730 vive-

1114 757 1193 787 rent,
1216 760 1231 782 a
1260 748 1486 782 communitate
1515 747 1696 793 provinciae
1732 746 1777 779 rel
1806 759 1864 780 ru-

1113 797 1233 832 stodiae
1268 797 1312 831 vel
1341 805 1517 832 conventus
1551 796 1738 835 habuerant,
1771 795 1866 829 libere

1113 846 1150 880 ad
1186 846 1268 880 illam
1297 846 1569 884 communitatem,
1597 858 1611 879 a
1641 857 1700 891 qna
1729 856 1782 878 eos
1810 844 1867 878 ha-

1115 896 1257 935 buerant,
1286 903 1495 934 revertantur,
1532 894 1573 928 illi
1603 907 1675 928 vero
1704 893 1784 934 libri,
1812 895 1865 940 qui

1114 944 1261 979 fratribus
1296 945 1384 979 aliter
1406 957 1500 991 quam
1524 956 1618 990 supra
1651 944 1770 977 dictum
1808 951 1866 983 est,

1115 994 1299 1029 obvenerint
1323 994 1369 1028 vel
1397 994 1578 1033 obvenient,
1601 1005 1657 1027 seu
1686 992 1725 1027 de
1749 991 1867 1038 quibus

1116 1056 1169 1087 per
1191 1043 1359 1077 donantem
1378 1055 1432 1077 seu
1453 1044 1609 1088 legantem
1633 1053 1782 1088 expresse
1806 1054 1867 1074 non

1115 1092 1210 1126 fuerit
1232 1092 1423 1133 ordinatum,
1447 1092 1521 1138 ipsis
1544 1091 1689 1125 fratribus
1716 1090 1870 1125 deceden-

1117 1141 1202 1175 tibus
1229 1141 1266 1175 ad
1290 1154 1399 1175 eorum
1429 1149 1603 1175 conventus
1645 1140 1742 1173 libere
1771 1152 1871 1173 rever-

1116 1198 1231 1224 tantur.
1260 1190 1324 1225 Nec
1347 1190 1416 1224 libri
1440 1189 1477 1224 ad
1504 1197 1696 1223 conventum
1732 1188 1868 1235 aliquem

1118 1240 1313 1286 pertinentes
1340 1239 1570 1273 distribuantur
1600 1238 1644 1272 rel
1673 1238 1868 1277 alienentur,

1116 1288 1170 1322 sed
1207 1289 1245 1322 de
1269 1289 1345 1335 ipsis
1369 1288 1529 1322 muniatur
1565 1287 1656 1333 plene
1684 1295 1870 1329 conventus,

1117 1337 1156 1371 ita
1179 1338 1262 1384 quod
1287 1338 1325 1371 de
1348 1338 1564 1383 grammatica,
1588 1335 1699 1381 logica,
1729 1336 1869 1383 philoso-

1118 1386 1189 1433 phia
1214 1395 1242 1421 et
1271 1386 1429 1432 theologia
1454 1386 1628 1419 habeantur
1652 1386 1680 1419 in
1706 1386 1772 1431 ipso
1794 1397 1870 1419 eon-

1118 1444 1212 1469 ventu
1241 1435 1309 1470 libri
1334 1435 1497 1482 duplicati,
1521 1435 1566 1468 rel
1596 1434 1733 1480 amplius
1762 1433 1871 1467 multi-

1119 1485 1224 1532 plicati
1247 1485 1423 1519 secundum
1449 1484 1716 1530 magnitudinem,
1752 1496 1871 1517 utime—

1119 1535 1291 1575 rositatem,
1316 1534 1528 1568 conditionem
1553 1541 1583 1567 et
1618 1541 1731 1567 statum
1756 1533 1871 1567 cuius—

1118 1584 1194 1618 libet
1221 1592 1406 1619 eonventus.
1441 1583 1613 1629 Postquam
1650 1595 1721 1617 vero
1741 1581 1872 1629 quilibet

1119 1642 1295 1668 conventus
1336 1633 1428 1667 suerit
1468 1632 1555 1667 libris
1598 1632 1779 1678 praemissis
1811 1630 1871 1665 hoc

1119 1683 1213 1717 modo
1242 1682 1394 1727 munitus,
1418 1682 1457 1715 de
1485 1682 1555 1716 aliis
1578 1681 1665 1715 libris
1693 1681 1742 1715 fiat
1764 1682 1872 1714 ‹listri-

1121 1733 1206 1767 butio
1231 1733 1331 1780 primo
1356 1710 1503 1766 trin-ibus
1531 1730 1673 1765 eiusdem
1698 1738 1872 1764 conventus

1120 1782 1277 1816 habilibus
1304 1791 1332 1815 et
1357 1781 1588 1826 indigentibus,
1628 1779 1741 1814 deiude
1768 1780 1805 1820 si,
1828 1779 1872 1813 fa-

1120 1840 1167 1865 cta
1195 1831 1431 1875 distributione,
1455 1830 1636 1864 huiusmodi
1666 1829 1734 1863 libri
1765 1841 1873 1876 super-

1122 1881 1249 1921 l'uerint,
1278 1880 1323 1914 rel
1351 1881 1376 1915 si
1402 1881 1430 1913 iu
1473 1880 1541 1926 ipso
1574 1889 1729 1915 conventu
1765 1878 1874 1912 fratres

1122 1942 1182 1964 non
1224 1929 1340 1964 fuerint
1368 1929 1489 1963 habiles
1525 1928 1570 1961 rel
1601 1928 1788 1974 indigentes,
1823 1928 1873 1960 di-

1121 1979 1316 2014 stribuantur
1350 1979 1418 2013 aliis
1441 1977 1589 2012 fratribus
1611 1990 1648 2012 ex
1685 1977 1794 2012 eadem
1819 1989 1874 2010 cu—

1121 2029 1219 2062 stodia
1244 2036 1377 2069 tantum,
1400 2028 1490 2062 cuius
1517 2028 1574 2061 erit
1597 2029 1664 2074 ipse
1687 2034 1871 2061 conventus.

1122 2077 1366 2112 Distributiones
1388 2085 1491 2111 autem
1516 2076 1698 2110 huiusmodi
1724 2075 1797 2108 liant
1820 2087 1875 2122 per

1120 2127 1328 2173 gnardianum
1367 2127 1405 2160 de
1441 2137 1598 2160 consensu
1636 2132 1811 2159 conventus
1845 2133 1872 2157 et

1121 2177 1159 2210 de
1186 2176 1309 2210 licentia
1334 2176 1478 2210 miniari.
1509 2174 1744 2209 Decedentibus
1768 2181 1871 2207 autem

1123 2226 1198 2272 ipsis
1226 2225 1382 2265 fratribus,
1412 2225 1493 2264 libri,
1517 2225 1568 2270 qui
1593 2225 1640 2257 eis
1674 2223 1794 2257 fuerant
1822 2223 1872 2256 di-

1120 2275 1260 2313 stributi,
1292 2275 1328 2308 ad
1371 2276 1473 2320 ipsum
1519 2282 1722 2315 conventum,
1756 2284 1770 2305 a
1810 2284 1872 2318 quo

1122 2324 1216 2357 habiti
1242 2323 1496 2367 fuerant,libere,
1521 2331 1552 2356 ut
1577 2322 1799 2369 praemittitur,
1823 2333 1872 2355 re-

1123 2381 1280 2407 vertantur
1303 2374 1396 2407 modo
1418 2372 1572 2407 consimili
1592 2372 1662 2406 aliis
1683 2370 1872 2405 distribuen-

1121 2424 1164 2468 ati,
1187 2423 1225 2457 de
1253 2435 1333 2457 novo
1358 2422 1482 2469 proviso
1506 2430 1621 2464 tamen,
1650 2421 1733 2467 quod
1761 2419 1872 2454 melio-

1121 2485 1170 2507 res
1205 2484 1259 2507 seu
1289 2471 1431 2506 utiliores
1453 2471 1522 2505 libri
1543 2483 1669 2517 semper
1691 2478 1871 2504 remaneant

1122 2523 1149 2556 in
1189 2529 1345 2556 conventu
1385 2534 1440 2567 pro
1475 2520 1652 2554 munitione
1701 2519 1869 2566 praedicta.

1121 2571 1204 2605 Libri
1234 2583 1305 2605 vero
1341 2570 1377 2605 ad
1413 2569 1670 2604 communitatem
1708 2567 1870 2603 custodiae

1122 2622 1316 2668 pertinentes
1354 2619 1582 2654 distribuantur
1621 2618 1649 2651 in
1689 2617 1870 2665 provinciali

1881 247 1929 273 Αη,
1952 246 2061 274 (1433ss

1968 412 2034 430 ΙιῑιιιΔ
