2274 3265
223 275 271 300 Αη.
291 274 319 300 C.
337 275 402 300 11150

301 1734 396 1754 ingressu

222 1760 395 1779 monasteriorum

219 1790 350 1809 monialium:

469 264 535 295 ria

419 329 568 363 Bonifacii
581 327 649 362 Vll}
660 328 732 361 Cum
746 340 785 360 ex
797 339 840 370 eo,
854 327 882 360 in
899 340 926 359 e.
945 328 987 360 De
999 329 1162 361 excessibus
1207 326 1319 358 intrari·
1349 322 1603 370 praesumpserit,
1626 322 1694 367 ipso
1721 322 1811 361 facto,
1827 322 1940 356 carceri
1970 333 2140 354 Eitinrumeiau-

414 380 633 423 praelatorum,
657 377 709 410 lib.
733 378 766 409 (ἢ.

983 272 1081 294 mitta
1087 272 1166 293 ittttat
1196 269 1354 292 ROMAN'UM

1204 373 1409 419 mancipetur.
1448 373 1485 406 Et
1513 372 1677 417 diligenter
1703 371 1862 405 attendant
1884 372 1942 405 mi-

466 426 555 469 ltem,
575 425 626 460 uhi
651 425 753 471 regula
775 425 848 459 dicit
869 425 953 472 quod
970 424 1161 470 ubicumque
1204 422 1303 462 iiistri,
1326 421 1408 468 quod
1424 421 1575 456 moniales
1590 420 1647 454 sibi
1662 419 1848 455 commissae
1861 420 1943 454 debi-

416 538 448 560 se.
472 537 533 559 non
557 537 647 572 posse
673 525 807 570 regulam
826 523 1028 569 spiritualiter
1050 523 1159 557 ohser-

416 586 498 614 vare,
520 574 715 609 declaramus
739 574 848 607 iustam
869 585 936 607 esse
962 585 1086 607 causam
1112 585 1161 605 re-

414 624 557 659 currendi
580 624 617 658 ad
635 624 825 662 ministrum,
848 635 919 656 cum
948 622 999 656 tali
1022 622 1089 655 loco
1116 630 1158 655 cst

414 686 531 708 annexa
567 674 739 720 proprietas
775 673 819 706 vel
856 684 927 706 cura
967 672 1158 710 animarum,

417 736 530 770 pueros
559 722 731 769 baptizandi
760 732 789 756 et
815 722 872 756 alia
896 721 1083 768 parochialia
1113 721 1158 753 fa-

415 772 529 811 ciendi:
551 780 602 806 aut
625 772 695 818 quia
726 771 779 815 ihi,
802 771 930 805 domiuo
959 770 1157 807 reclamante,

414 831 574 856 morantur
589 821 712 861 fratrcs;
735 829 785 854 aut
807 820 890 867 quia,
907 827 1033 866 propter
1047 830 1157 852 neces-

412 872 564 906 sariorum
583 871 762 917 penuriam,
777 878 897 916 oportet
915 880 968 903 eos
984 869 1012 902 in
1027 880 1159 913 cougre-

411 921 588 967 gationibus
604 920 648 953 vel
663 918 900 966 quaestionibus
913 922 956 960 (t)
971 918 1156 957 inhonestis,

411 978 517 1004 contra
542 969 666 1015 regulae
691 969 857 1015 puritatem
871 976 899 1001 et
919 979 1009 1000 usum
1029 966 1157 1001 Ordinis

408 1019 601 1065 generalem,
624 1017 785 1061 excedere,
808 1025 859 1051 aut
883 1024 1010 1062 propter
1029 1016 1157 1050 societa-

411 1077 471 1103 tem
485 1068 680 1102 inhonestam
696 1065 1155 1113 velimportabilemfratribus,

411 1117 591 1162 praesertim
627 1115 758 1150 rudibus
792 1124 821 1149 et
850 1115 1006 1154 infirmis;
1030 1123 1156 1161 propter

410 1165 590 1201 huiusmodi
619 1173 722 1199 autem
750 1178 861 1199 causas
886 1173 914 1199 et
940 1164 1070 1208 similes,
1093 1164 1155 1198 fra—

410 1225 473 1251 tres
495 1215 608 1250 debent
631 1222 661 1249 et
684 1222 814 1261 possunt
835 1214 872 1248 ad
897 1226 972 1248 suos
996 1214 1155 1248 ministros

410 1278 582 1304 recurrere,
605 1277 660 1311 per
682 1264 808 1299 eosdem
838 1264 910 1297 inde
934 1264 981 1309 pie
1005 1272 1034 1297 et
1059 1272 1156 1309 pater-

411 1315 520 1349 naliter
538 1314 720 1353 amovendi,
735 1322 764 1347 et
781 1315 809 1347 in
826 1313 902 1347 locis
921 1313 1040 1347 devotis
1053 1321 1081 1347 et
1097 1313 1156 1359 spi-

411 1364 575 1399 ritualibus
603 1363 789 1398 collocandi.

627 1437 702 1481 Cap.
730 1437 779 1469 XI
804 1437 946 1481 Regiilae.

459 1508 569 1550 Quoad
595 1508 796 1543 undecimum
820 1507 993 1554 capitulum
1018 1508 1153 1553 regulae.

411 1557 502 1599 Quod
526 1558 633 1592 fratres
657 1570 717 1592 non
734 1556 949 1604 ingrediantur
966 1558 1153 1591 monasteria

410 1620 623 1642 monacarum.

460 1656 635 1691 Statuimtis
657 1665 686 1691 et
708 1657 889 1690 ordinamus
913 1656 987 1689 illtid
1004 1669 1072 1690 esse
1087 1669 1155 1689 ser—

412 1705 558 1746 vandum,
586 1706 671 1753 quod
697 1706 852 1753 praefatus
866 1705 1014 1739 ‘Nicolaitis
1037 1705 1078 1739 ΙΙΙ
1100 1705 1154 1739 dc-

411 1757 508 1790 crevit
530 1756 560 1790 iii
584 1755 691 1790 eadem
717 1768 772 1789 sua
797 1755 961 1794 Decretali,
992 1756 1079 1789 Eoei'i't
1102 1756 1156 1799 qui

409 1807 547 1845 seminat,
577 1811 591 1849 ᾗ
619 1807 756 1851 Denique
790 1807 863 1851 qnia.
890 1807 1075 1839 continetur:
1102 1805 1153 1839 ubi

410 1854 597 1890 determinat
633 1855 823 1902 prohibitum
853 1867 923 1889 esse
947 1855 1093 1889 fratribus
1117 1868 1154 1889 ne

411 1905 625 1952 ingrediantur
648 1905 832 1940 monasteria
857 1917 1057 1940 monacarum
1074 1918 1155 1952 qua-

410 1967 627 2003 rumcumque,
640 1956 818 2002 intelligens
836 1955 961 1989 nomine
975 1955 1153 1989 monasterii

409 2004 590 2044 claustrum,
613 2005 724 2039 domos
751 2013 781 2039 et
803 2005 942 2039 officinas
971 2005 1154 2047 interiores,

411 2066 465 2099 pro
492 2067 529 2089 eo
560 2054 643 2101 quod
673 2054 709 2089 ad
739 2055 797 2089 alia
829 2055 906 2094 loca,
935 2054 986 2088 ubi
1014 2055 1155 2088 homines

410 2104 584 2138 saeculares
600 2104 801 2144 conveniunt,
817 2113 946 2150 possunt
959 2104 1068 2139 fratres
1085 2105 1154 2151 ipsi,

410 2165 501 2188 causa
526 2154 765 2200 praedicationis
794 2154 837 2188 rel
861 2154 1077 2201 eleemosynae
1101 2167 1155 2201 pe-

411 2204 545 2248 tendae,
578 2203 749 2243 accedere,
777 2203 891 2250 quihus
917 2204 944 2237 id
973 2216 988 2238 a
1017 2206 1156 2250 superio-

411 2252 499 2288 ribus
521 2254 598 2292 suis,
624 2266 678 2300 pro
701 2265 754 2287 sua
773 2254 948 2288 maturitate
971 2253 1016 2286 vel
1034 2254 1156 2289 idonei·

411 2311 471 2336 tate
486 2331 493 2341 ,
517 2302 607 2337 fuerit
641 2315 841 2346 concessum,
865 2303 1003 2349 exceptis
1031 2316 1156 2351 semper

412 2352 640 2398 praedictarum
666 2352 863 2386 monasteriis
891 2352 1094 2390 inclusarum,
1117 2354 1154 2387 ad

411 2413 491 2447 quae
514 2401 590 2436 nulli
614 2401 705 2436 datur
731 2402 900 2436 accedendi
927 2402 1064 2441 facultas,
1088 2404 1155 2437 sine

412 2450 504 2485 Sedis
516 2451 656 2486 eiusdem
670 2452 794 2486 licentia
804 2452 940 2498 speciali.
957 2452 1048 2494 Quod
1062 2455 1154 2487 etiam

412 2500 586 2547 Gregorius
608 2500 649 2534 lx
673 2501 901 2535 determinavit.

462 2550 622 2585 Addentes
641 2551 844 2585 nihilominus
856 2551 985 2598 qttod,si
1001 2552 1157 2598 qnis,stne

415 2600 627 2634 ministrorum
644 2600 780 2643 licentia,
792 2601 916 2646 aliquod
935 2602 1156 2635 monasterium

450 2657 487 2691 (1)
508 2658 606 2684 Wadri.
624 2661 772 2690 quaestibus
791 2661 941 2685 inhonestis.

224 484 326 534 1ῐὶονιυῑευ
340 515 356 535 0
371 485 401 535 „1³⁴⁶
416 485 488 510 sunt
508 476 626 515 fratreS,
646 477 697 522 qui
718 475 832 509 scirent
851 482 881 508 et
900 482 1161 519 recognoscerent
1204 481 1262 505 tam
1277 471 1453 505 clausuram
1469 478 1602 508 servent,
1619 478 1679 503 tam
1700 468 1827 503 fratrum
1851 481 1941 515 quam

221 521 268 540 rrae
280 522 289 534 a
302 521 325 535 os
360 522 367 535 i·
384 522 401 536 t-

1201 520 1409 555 saecularitim
1429 532 1573 554 accessus
1586 519 1622 553 ad
1646 531 1678 553 se
1701 518 1943 565 compescendo,

1201 569 1261 603 suh
1276 569 1528 603 interminatione
1548 567 1776 602 maledictionis
1789 575 1943 601 aeternae.

1251 619 1339 661 Item,
1354 619 1519 653 statuimus
1533 626 1560 651 ct
1577 617 1759 652 ordinamus
1772 616 1856 663 quod
1874 617 1945 650 nul-

1202 668 1249 701 lus
1271 669 1363 702 frater
1385 668 1423 701 de
1446 676 1568 701 caetero
1585 675 1760 713 praesumat
1778 666 1843 700 lieri
1864 678 1943 700 com-

1202 726 1287 763 pater
1316 718 1450 752 virorum
1481 717 1524 751 vel
1549 716 1727 754 mulierum,
1750 715 1853 762 etqui
1884 716 1942 748 iam

1200 767 1488 814 compaternitatem
1524 765 1759 804 contraxerint,
1790 771 1941 811 quantum

1201 816 1228 849 in
1246 817 1289 850 eis
1304 825 1361 855 est,
1386 817 1443 849 hoc
1467 815 1593 849 nomine
1615 828 1648 849 se
1667 827 1682 848 a
1699 814 1823 849 nemine
1846 815 1944 848 nomi-

1201 866 1263 899 nari
1283 865 1475 911 permittant,
1493 878 1549 898 nec
1580 864 1637 911 ipsi
1665 864 1742 898 alios
1771 864 1942 898 nominent.

1200 915 1233 948 Et
1263 916 1314 962 qui
1344 915 1572 958 contrafecerit,
1594 913 1709 948 carceri
1738 914 1942 959 mancipetur.

1405 993 1479 1036 Cap.
1508 991 1576 1024 XII
1600 992 1743 1035 Reyulae.

1246 1062 1356 1104 Quoad
1373 1062 1598 1096 duodecimum
1614 1062 1784 1108 capitulum
1806 1061 1942 1108 regulae.

1199 1112 1243 1146 De
1267 1112 1416 1145 euntibus
1442 1112 1521 1145 inter
1542 1111 1727 1145 Saracenos.

1245 1161 1422 1195 Statuimus
1441 1161 1524 1208 quod
1553 1169 1696 1195 servetur
1719 1160 1836 1207 regula,
1859 1168 1887 1194 et
1911 1161 1940 1194 iii

1199 1211 1352 1257 praesenti
1370 1210 1506 1257 capitulo
1521 1218 1548 1243 et
1567 1211 1594 1243 in
1608 1209 1860 1257 quibuscumque
1874 1209 1942 1244 aliis

1197 1260 1341 1306 capitulis
1375 1259 1584 1305 generalibus.
1613 1267 1764 1305 quantum
1795 1259 1942 1306 possibile

1197 1318 1264 1349 est,
1295 1310 1497 1356 provideatur
1526 1318 1555 1343 et
1582 1308 1766 1355 disponatur
1794 1308 1832 1342 de
1860 1308 1942 1343 bono

1198 1360 1351 1406 regimine.
1381 1359 1519 1392 locorum
1556 1359 1670 1393 Terrae
1703 1359 1853 1398 Sanctae,
1882 1366 1941 1392 tam

1196 1408 1298 1455 quoad
1322 1408 1541 1453 guardianum,
1561 1420 1654 1454 quam
1671 1407 1774 1454 quoad
1790 1408 1867 1442 alios
1883 1408 1943 1441 fra-

1198 1467 1277 1501 tres,
1307 1459 1345 1491 ita
1374 1457 1456 1504 quod
1487 1470 1611 1503 semper
1636 1469 1693 1503 pro
1715 1457 1943 1503 gubernatione,

1198 1507 1319 1541 illorum
1342 1507 1481 1541 locorum
1506 1507 1661 1552 eligantur
1683 1507 1712 1540 in
1735 1507 1880 1553 capitulis
1895 1519 1944 1552 ge-

1198 1557 1355 1590 neralibus
1385 1556 1424 1590 de
1459 1555 1642 1590 melioribus
1673 1563 1702 1589 et
1730 1555 1944 1590 devotioribus

1197 1605 1344 1639 fratribus
1374 1605 1527 1643 Ordinis,
1561 1605 1613 1651 qui
1642 1606 1722 1643 vita,
1748 1605 1887 1639 moribus
1915 1613 1944 1637 ct

1197 1655 1336 1688 doctrina
1367 1654 1509 1700 probati,
1533 1654 1610 1688 lucis
1638 1653 1816 1699 exemplum
1848 1666 1944 1699 prae-

1197 1704 1285 1737 beant
1301 1712 1330 1737 et
1347 1703 1595 1737 aedificationem
1617 1704 1732 1750 pariter
1751 1703 1944 1747 infidelibus,

1196 1766 1267 1787 cum
1293 1753 1407 1800 quibus
1430 1753 1595 1799 contigerit
1623 1753 1809 1787 conversari.

1246 1804 1334 1847 Item,
1356 1803 1523 1837 statuimus
1538 1811 1567 1837 et
1581 1803 1763 1837 ordinamus
1777 1802 1860 1849 quod
1878 1816 1944 1849 prc-

1196 1862 1356 1887 curatores
1378 1852 1506 1887 Ordinis
1530 1853 1559 1886 in
1583 1852 1676 1887 Curia
1699 1852 1841 1887 Romana
1866 1853 1942 1886 nihil

1196 1904 1321 1949 exigant
1344 1902 1389 1937 vel
1413 1910 1597 1949 extorquere
1621 1910 1820 1949 praesumant
1843 1914 1858 1936 a
1883 1902 1945 1936 fra-

1196 1953 1295 1988 tribus
1318 1951 1559 1987 advenientibus
1591 1951 1827 1998 undecumque:
1859 1952 1943 1998 quod

1196 2003 1220 2037 si
1250 2015 1341 2037 secus
1369 2002 1514 2041 fecerint,
1542 2003 1610 2048 ipso
1638 2001 1729 2045 facto,
1756 2013 1813 2035 suo
1844 2002 1944 2036 officio

1196 2053 1258 2087 sint
1287 2051 1405 2099 privati.
1442 2051 1481 2085 Et
1515 2059 1698 2098 procurator
1730 2051 1945 2085 cismontanus

1197 2109 1304 2136 tractet
1341 2101 1467 2147 negocia
1501 2102 1787 2140 cismontanorum3
1818 2100 1943 2134 fratrum

1197 2152 1447 2186 ultramontanas
1463 2159 1566 2185 autem
1582 2159 1691 2185 tractet
1706 2150 1834 2197 negocia
1852 2150 1944 2184 ultra-

1199 2210 1427 2235 montanorum.

1247 2251 1343 2290 hem,
1366 2251 1532 2285 statuimus
1544 2258 1573 2284 et
1592 2249 1786 2289 ordinamus,
1809 2248 1868 2284 sub
1891 2261 1945 2284 ea-

1197 2301 1267 2335 dem
1298 2313 1408 2347 poena,
1432 2300 1514 2347 quod
1544 2299 1744 2347 inquisitores
1771 2300 1943 2334 haereticae

1199 2359 1357 2397 pravitatis
1372 2358 1535 2384 teneantur
1550 2357 1712 2383 restituere
1724 2357 1941 2383 communitati

1198 2408 1421 2443 conventuum,
1437 2399 1488 2433 tibi
1505 2399 1642 2433 osticium
1661 2399 1872 2445 inquisitionis
1894 2411 1945 2432 ex-

1198 2458 1323 2492 ercent,
1349 2449 1497 2496 quicquid
1525 2449 1582 2483 sihi
1603 2449 1747 2482 advenire
1764 2448 1873 2494 poterit
1899 2448 1943 2482 vel

1198 2507 1376 2545 competere
1399 2512 1435 2533 ex
1458 2498 1559 2532 officio
1586 2498 1799 2545 inquisitionis
1814 2526 1822 2541 ,
1845 2510 1944 2544 usque

1199 2547 1235 2581 ad
1251 2548 1437 2594 condignam
1459 2548 1699 2582 satisfactionem
1724 2560 1944 2594 expensarum,

1200 2598 1320 2644 quasin
1337 2598 1503 2642 praedictis
1526 2597 1733 2632 conventibus
1749 2598 1943 2644 perceperint

1201 2648 1274 2681 dum
1298 2648 1433 2682 officium
1459 2647 1671 2694 inquisitionis
1688 2655 1846 2682 exercent.
1871 2646 1907 2680 Et
1920 2648 1943 2680 si

1959 268 2006 294 Αη.
2026 267 2054 292 C.
2074 267 2140 292 iti-30

1971 1191 1998 1211 De
2039 1192 2139 1217 regimine

1957 1223 2050 1243 locorum
2064 1224 2140 1243 Terrae

1957 1253 2054 1274 Sanctae.

1971 2279 2042 2306 Quoad
2060 2284 2141 2305 eipen-

1959 2318 1992 2331 §as
2009 2310 2044 2330 FF.
2069 2311 2138 2336 iuqui-

1958 2345 2028 2364 nitori<
2054 2349 2109 2362 timii
2129 2348 2139 2360 e

1959 2375 2095 2399 liiiigeiitiziiti.
