2274 3265
110 246 160 271 An.
177 245 204 271 C.
227 244 291 270 1556

907 244 1100 268 Rumpimus
1122 245 1165 266 xn
1190 244 1238 266 ΡΙ).

305 300 404 344 scalli,
437 313 518 347 quae
554 303 725 337 correxisse
765 302 904 346 deberet,
933 311 1051 349 praeter

304 350 380 384 alias
415 363 543 396 poenaS,
584 364 665 398 quae
700 351 759 386 sibi
795 360 957 399 propterea
995 363 1051 398 pro

305 400 422 434 meritis
448 402 589 447 aequitas
609 402 740 436 suaserit
770 402 968 447 iullivendas,
1005 409 1052 434 te-

306 449 448 489 uehitur,
472 463 529 484 nec
552 451 846 506 marescallusipse,
861 463 924 498 quo
947 451 1051 485 minus

304 500 479 549 corrigatur
500 508 528 533 et
554 501 700 546 puniatur
726 500 830 535 ‹lebite
862 501 944 535 iuxta
971 512 1051 547 qua-

304 549 406 584 litates
434 562 620 584 excessuum
659 558 689 584 et
721 550 909 585 delictorum
938 550 1051 597 ipsius,

305 607 430 645 propter
454 598 512 633 hoc
535 599 736 634 remanebit'
731 600 891 634 immunis.

354 647 436 683 Nulli
475 660 550 694 ergo
587 650 717 684 omnino
754 650 917 684 hominum
961 648 1051 683 liceat

305 698 384 733 hanc
409 698 552 744 paginam
577 707 701 733 nostrae
740 698 974 734 constitutionis
997 699 1052 733 in·-

305 747 437 793 sringere
459 754 512 780 etc.

353 796 466 831 Datum
489 796 570 843 apud
600 796 731 832 Pontem
755 797 885 844 Sorgiae
914 797 1053 833 Avenie-

304 859 375 880 nen.
417 846 570 881 dioecesis
603 856 692 882 sexto
720 848 790 882 idus
821 848 896 891 iulii,
925 848 1054 895 pontili-

304 902 391 930 catus
413 896 510 930 nostri
533 909 616 931 anno
643 898 794 932 secundo.

356 956 416 986 Dat.
439 957 486 987 die
506 958 543 988 ¹10
565 958 628 987 iulii
647 959 732 995 1336,
752 959 854 997 pontis.
876 969 952 989 anuo
972 969 1000 989 ιι.

656 1116 709 1159 IX.

308 1201 400 1241 Quod
414 1207 538 1234 rectores
560 1206 586 1232 ec
608 1199 794 1233 thesaurarii
815 1206 966 1233 terraram
991 1200 1054 1233 Ro-

352 1262 462 1283 manae
487 1249 637 1282 Ecclesiae
663 1250 825 1293 stipendia,
847 1261 925 1293 quae
940 1251 1054 1282 dantur

350 1311 408 1343 pro
435 1300 558 1336 militia,
577 1299 785 1342 familiaribus
812 1300 874 1332 suis
896 1299 1055 1343 assiynare

353 1361 414 1382 non
431 1349 547 1393 possint
570 1350 624 1389 (1).

570 1426 784 1457 SUMMAmUM

302 1494 415 1524 Causae
441 1493 554 1524 dandae
584 1494 667 1532 legis.
694 1511 733 1516 —
763 1494 788 1524 1.
810 1494 985 1524 Constitutio
1010 1496 1055 1533 (de

342 1550 393 1578 qua
414 1540 443 1569 in
463 1539 597 1577 rubrica).
621 1555 660 1560 —
687 1538 801 1568 Poenae
824 1544 923 1568 contra
948 1539 1054 1570 inobe-

343 1584 468 1614 dientes.

324 1659 485 1688 Benedictus
512 1659 655 1694 episcopus
684 1665 780 1687 servus
812 1666 951 1688 servorum
976 1659 1032 1693 Dei,

459 1708 492 1736 ad
512 1708 636 1737 futuram
664 1708 705 1736 rei
729 1709 896 1737 memoriam.

352 1783 454 1818 Habet
483 1781 544 1815 fide
580 1780 748 1827 dignorum
790 1781 899 1817 relatio
942 1782 1056 1817 nostris

276 1847 287 1861 e
302 1833 433 1868 auribus
459 1831 588 1877 saepius
613 1830 780 1869 inculcata,
799 1831 881 1877 quod
906 1832 978 1866 licet
1001 1844 1056 1879 per

303 1882 475 1917 Ecclesiam
504 1880 681 1915 Romanam
717 1880 892 1915 rectoribus
928 1890 958 1916 et
991 1882 1057 1916 the-

303 1931 454 1966 saurariis
486 1931 645 1977 deputatis
668 1931 698 1964 in
738 1930 842 1974 terris,
865 1931 967 1965 eidem
1002 1931 1057 1965 Ec-

303 1981 415 2016 clesiae
443 1980 623 2015 immediate
647 1980 810 2020 subiectis,
834 1980 872 2015 de
888 1981 1056 2028 stipendiis

304 2045 358 2078 pro
384 2044 418 2067 se
449 2032 578 2078 suisque
612 2030 818 2065 familiaribus
853 2032 1055 2077 provideatur

303 2082 467 2122 decentem
495 2081 590 2128 aliqui
619 2089 722 2115 tamen
747 2088 902 2115 rectorum
926 2090 955 2116 et
985 2081 1056 2117 the—

303 2132 512 2166 saurariorum
538 2132 676 2178 ipsorum
692 2131 873 2165 huiusmodi
892 2131 1058 2179 stipendiis

304 2194 364 2216 non
386 2181 536 2221 contenti
559 2180 613 2215 sed
637 2181 784 2215 avaritiae
812 2182 962 2216 caecitate
985 2194 1057 2228 per-

287 2231 487 2275 ,cussi,‹lum
513 2230 716 2265 rectoribus
712 2231 790 2277 ipsis
812 2231 1007 2271 conceditur,
1025 2241 1056 2265 ut

304 2289 408 2315 tenere
426 2281 545 2328 possint
568 2280 606 2314 ad
635 2280 790 2326 stipendia
814 2280 975 2315 Ecclesiae
1004 2290 1057 2315 aut

304 2339 454 2365 terrarum
485 2330 716 2377 praedictarum
741 2338 859 2365 certum
889 2331 1056 2377 stipendia-

304 2381 433 2422 riorum,
470 2380 610 2427 equitum
640 2388 667 2414 et
704 2379 843 2426 peditum
869 2393 1057 2421 numerum;

304 2431 349 2465 vel
374 2431 431 2476 ipsi
453 2430 545 2465 etiam
576 2442 631 2476 pro
654 2430 837 2464 coercendis
873 2430 1056 2468 rebellibus.

302 2488 331 2515 et
354 2480 504 2514 faciendis
531 2479 773 2514 executionihus
801 2480 948 2526 iustitiae,
983 2493 1055 2515 cum

303 2530 474 2565 necessitas
502 2529 654 2569 imminet,
681 2542 735 2576 per
762 2542 795 2564 se
823 2538 931 2565 teuent
966 2530 1058 2565 fami-

304 2581 396 2614 liares
418 2592 491 2614 suos
518 2580 609 2613 etiam
640 2579 767 2625 ignaros
801 2588 830 2613 et
868 2580 990 2628 ineptos
1019 2582 1056 2615 ad

339 2652 378 2686 (1)
395 2651 431 2677 Ex
453 2651 557 2684 Regest.
578 2651 602 2676 in
624 2650 732 2676 Archiv.
752 2650 832 2676 Varie.

1723 236 1791 268 589

1089 309 1176 335 actus
1198 301 1391 336 exercendos
1418 302 1599 337 huiusmodi
1627 303 1664 337 ad
1687 303 1767 338 clieta
1791 304 1841 337 sti-

1091 350 1214 396 pendia
1243 358 1276 384 ut
1310 363 1344 385 ea
1374 351 1535 387 lucrentur
1561 361 1591 387 et
1627 352 1767 388 ditentur
1801 366 1839 388 ex

1090 400 1145 439 eis,
1173 407 1203 435 et
1230 413 1291 435 non
1316 408 1347 434 ut
1371 400 1399 434 in
1423 401 1545 437 actibus
1569 402 1738 449 praedictis
1772 415 1841 437 ser-

1092 450 1186 494 viant,
1205 462 1277 484 cum
1295 462 1353 485 nec
1368 450 1485 486 servire
1503 459 1631 498 possent
1645 460 1699 487 aut
1713 452 1839 490 scirent

1093 507 1183 547 prout
1204 507 1436 534 consueverunt
1459 500 1627 535 interdum.

1139 550 1159 596 g
1183 552 1213 583 1.
1245 548 1310 583 Nos
1332 549 1428 594 igitur
1455 550 1539 593 tatia,
1561 562 1642 597 quae
1669 550 1786 586 cedunt
1811 552 1839 586 in

1092 608 1215 634 nostrae
1233 598 1459 634 detrimentum
1487 598 1656 640 Gamerae,
1672 600 1838 635 damnum-

1091 661 1152 696 que
1175 657 1299 683 vertunt
1323 648 1465 684 utilitatis
1482 649 1640 696 publicae,
1656 650 1787 686 tolerare
1803 651 1841 685 de

1091 707 1215 734 caetero
1234 699 1366 734 minime
1390 699 1610 739 intendentes,
1637 699 1787 735 omnibus
1814 710 1843 735 ct

1091 748 1225 794 singulis
1249 747 1425 783 rectoribus
1446 756 1477 783 et
1504 749 1706 784 thesaurariis
1740 757 1844 785 terra-

1093 811 1162 833 rum
1212 798 1350 845 ipsarum
1391 798 1610 845 praesentibus
1643 806 1673 833 et
1713 800 1844 845 posteris

1094 847 1282 882 mandamus
1322 856 1353 882 et
1388 847 1572 882 inhibemus
1605 859 1765 896 expresse,
1807 862 1845 884 ne

1094 898 1232 944 ipsorum
1275 897 1390 944 aliquis
1429 909 1621 945 quemquam
1660 897 1843 934 familiarem

1092 959 1185 982 suum
1205 946 1352 982 clericum
1382 946 1430 981 vel
1454 947 1583 991 laicum,
1617 947 1845 1003 cuiuscumque

1094 996 1286 1031 conditionis
1306 996 1430 1037 existat,
1446 997 1483 1032 ad
1499 996 1677 1044 stipendia
1672 1010 1748 1045 ipsa
1763 1011 1844 1046 quae

1093 1046 1252 1081 dabuntur
1266 1058 1322 1093 pro
1338 1046 1485 1088 tenenda,
1501 1055 1533 1081 ut
1549 1047 1734 1094 praefertur,
1751 1056 1845 1094 gente

1093 1095 1260 1143 armigera,
1283 1107 1412 1143 ponere,
1439 1097 1486 1131 vel
1511 1108 1546 1131 ea
1575 1097 1724 1144 cuiquam
1752 1097 1846 1132 fami-

1094 1144 1160 1179 liari
1186 1145 1345 1192 praedicto
1367 1145 1501 1186 solvere,
1521 1145 1630 1181 fraude
1644 1158 1845 1195 quacumque

1093 1202 1247 1235 cessante,
1271 1194 1392 1241 absque
1414 1202 1520 1230 nostra
1544 1195 1669 1230 licentia
1697 1195 1745 1231 vel
1762 1210 1848 1232 man-

1094 1243 1166 1278 dato
1188 1244 1314 1290 speciali
1339 1254 1529 1291 praesumat.
1552 1244 1755 1300 Quicumque
1776 1259 1847 1282 vero

1095 1293 1242 1340 ponendo
1266 1293 1310 1327 vel
1334 1293 1486 1328 solvendo
1508 1295 1703 1329 contrarium
1729 1295 1849 1339 fecerit,

1094 1341 1228 1389 duplum
1274 1342 1482 1378 nihilominus
1515 1343 1638 1391 ipsius,
1677 1345 1763 1392 quod
1803 1346 1850 1381 sic

1093 1392 1229 1426 solutum
1258 1391 1409 1432 extiterit,
1432 1400 1556 1427 nostrae
1585 1393 1761 1441 praedictae
1786 1394 1850 1430 Ca-

1094 1453 1200 1476 merae
1229 1442 1405 1482 restituere,
1432 1450 1555 1489 praeter
1595 1455 1728 1490 poenam
1762 1444 1851 1478 inssi-

1094 1491 1229 1538 geudam
1243 1492 1303 1526 sibi
1317 1504 1372 1539 pro
1392 1491 1640 1539 transgressione
1655 1493 1849 1539 huiusmodi,

1095 1549 1249 1576 teneatur.

1144 1590 1228 1625 Nulli
1244 1603 1319 1637 ergo
1333 1591 1464 1626 omnino
1480 1591 1645 1627 hominum
1663 1591 1755 1628 liceat
1768 1593 1849 1629 hanc

1095 1641 1240 1688 paginam
1270 1649 1395 1676 nostrae
1425 1641 1662 1677 constitutionis
1697 1642 1850 1690 infringe-

1096 1702 1139 1729 re,
1162 1698 1214 1725 etc.

1144 1740 1259 1775 Datum
1273 1740 1356 1788 apud
1371 1740 1504 1776 Pontem
1517 1741 1637 1789 Sorgiae
1650 1741 1848 1778 Avenionen.

1095 1790 1249 1826 dioecesis
1292 1799 1380 1826 sexto
1415 1790 1486 1826 idus
1520 1791 1605 1832 iulii,
1648 1793 1848 1839 pontificatus

1097 1849 1191 1876 nostri
1215 1854 1298 1876 anno
1321 1854 1357 1877 ιι.

1265 1903 1325 1934 Dat.
1349 1903 1395 1934 die
1414 1914 1551 1944 annoque
1569 1905 1682 1935 eodem.

1453 2066 1491 2102 X.

1100 2152 1191 2192 Quod
1217 2151 1359 2195 beneficia
1385 2156 1533 2184 vacatura
1565 2161 1620 2195 per
1658 2151 1849 2194 adeptionem

1146 2202 1281 2234 aliorum
1290 2200 1459 2244 apostolica
1473 2201 1653 2233 auctoritate
1668 2200 1849 2233 collatorum

1147 2257 1297 2283 reservata
1325 2257 1514 2287 censeantur,
1540 2250 1660 2282 etiamsi
1681 2255 1751 2282 ante
1773 2262 1849 2283 asse-

1146 2301 1293 2333 cutionem
1317 2300 1468 2332 dictorum
1482 2300 1694 2344 beneficiorum
1705 2311 1743 2332 ex
1756 2311 1848 2333 cansa

1144 2350 1378 2394 perrmctationis
1396 2350 1441 2382 vel
1467 2350 1612 2393 simplicis
1633 2350 1848 2393 resignationis

1147 2400 1321 2432 vacaverint
1348 2401 1401 2442 (1).

1364 2477 1578 2509 SUMMARIUM

1098 2542 1242 2572 Beneficia
1267 2541 1407 2571 nonnulla
1433 2541 1500 2571 Sedi
1524 2541 1710 2579 Apostolicae
1737 2550 1768 2571 se
1797 2550 1846 2570 re-

1138 2596 1272 2615 servasse
1294 2587 1350 2615 ait:
1370 2603 1408 2608 —
1435 2587 1457 2615 l.
1480 2586 1559 2621 Quae
1578 2586 1647 2615 dum
1670 2586 1844 2616 conferren-

1133 2649 1171 2685 (1)
1189 2650 1225 2675 Ex
1245 2649 1351 2683 aegest.
1370 2650 1394 2675 in
1412 2649 1523 2676 Archiv.
1542 2648 1623 2675 Vatic.

1858 250 1905 276 An.
1925 248 1950 274 (ἶ.
1973 249 2039 274 ¹555

1871 564 1995 584 (Ληειιιιιιιη
2017 565 2040 583 vlt·

1858 603 1895 622 qua
1908 602 1926 615 in
1939 596 2040 615 intima&

1876 1255 1959 1276 Poenae
1972 1260 2045 1276 rantra

1863 1294 1898 1307 mo
1887 1288 2019 1307 obertu-ntes.
