2274 3265
191 287 240 314 An.
261 286 289 311 C.
306 285 371 311 ¹382

222 1133 339 1154 Exordium,

206 1528 376 1550 xencestau1met

193 1561 289 1581 tjaiotnm
317 1564 378 1584 reges

194 1592 331 1612 Rornanorum
345 1589 379 1608 [11¹-

194 1624 244 1643 deia
279 1620 379 1641 nonnulla

194 1660 239 1673 cuni
264 1651 379 1672 haereticis

195 1689 215 1704 ει
237 1682 379 1703 5·111ει·031101ς

194 1717 267 1735 imis-se
295 1714 377 1733 asserit.

218 2462 338 2482 ttutusnuntt
353 2461 375 2480 [w

204 2495 254 2514 dcta
277 2493 333 2513 nulla
349 2494 385 2512 111.»

205 2526 277 2545 clarat.
299 2525 323 2543 ab
343 2530 386 2543 011-

206 2561 244 2580 que
259 2555 320 2574 §olvit
334 2553 386 2573 Seu>

205 2585 296 2605 ceslaum

437 273 506 305 584
964 275 1150 298 antistatum

389 418 674 463 Confoederati'ones
695 428 761 449 cum
778 414 935 448 haereticis
948 424 1139 458 quacwnque

435 469 583 514 firmitate
603 467 777 508 roboratae,
795 465 899 497 nullae
914 471 939 496 et
956 464 1065 495 irritae
1087 463 1139 494 ‹le-

436 519 595 550 clarantnr
622 517 678 557 (1).

656 591 871 624 SUMMAtuUttt

389 657 555 687 Exordium.
591 673 630 679 —
661 657 687 685 1.
711 655 905 685 Venceslaum
943 658 970 682 et
1002 651 1137 681 Carolnm

429 710 512 739 reges
535 700 733 730 Romanorum
764 700 879 728 foedera
908 696 1047 726 nonnulla
1072 703 1138 723 cum

429 746 585 775 haereticis
615 749 644 774 et
670 743 870 773 schismaticis
898 741 1000 771 iniisse
1023 739 1139 767 asserit.

428 807 465 811 —
484 790 512 819 2.
540 788 715 818 Huiusmodi
740 787 855 817 foedera
888 785 967 814 nulla
991 783 1137 815 declarat,

428 834 463 864 ab
482 835 584 872 eisque
608 833 694 862 solvit
717 830 922 861 venceslaum.
946 845 983 849 —
1013 826 1048 855 Ea
1083 825 1137 855 ob<

428 878 536 907 servari
561 880 636 906 vetat
654 875 783 904 omnino.
801 890 840 895 —
858 873 885 902 3.
906 871 1073 901 Clausulae.

431 953 552 982 urbanus
586 951 727 986 episcopus
757 955 853 977 servus
880 954 1020 976 servorum
1039 945 1095 977 Dei,

523 1002 557 1029 ad
589 1000 717 1028 futuram
757 998 799 1027 rei
835 997 1005 1025 memoriam.

438 1074 521 1108 lnter
552 1071 781 1106 sollicitudines
803 1070 923 1109 varias,
950 1067 1067 1115 quibus
1089 1079 1140 1101 as-

388 1124 478 1158 sidue
502 1122 689 1170 premimur,
714 1120 762 1154 illa
789 1119 950 1166 potissime
981 1116 1083 1164 pulsat
1111 1123 1141 1150 et

388 1173 500 1208 excitat
534 1179 671 1206 mentem
697 1177 859 1208 nostram,
887 1176 922 1202 ut
949 1167 1031 1201 circa
1054 1166 1141 1199 salu-

389 1232 449 1257 tem
481 1221 658 1256 animarum
694 1217 960 1253 Christifidelinm
996 1215 1141 1250 sollicitis

389 1271 503 1305 studiis
530 1269 744 1309 intendamus,
767 1278 796 1302 ct
820 1280 858 1301 ne
881 1265 991 1300 fideles
1015 1265 1073 1312 ipsi
1103 1277 1140 1298 ex

389 1319 547 1355 consortio
561 1327 590 1354 et
605 1318 843 1366 participatione
862 1315 1139 1350 schismaticorum

390 1384 443 1404 seu
467 1369 696 1404 haereticorum
721 1366 898 1401 labefactari
929 1364 1062 1407 valeant,
1089 1363 1140 1397 ad-

392 1420 558 1454 hibeamus
586 1416 722 1452 remedia
752 1424 939 1463 opportuna.

441 1469 461 1515 g
489 1470 520 1502 ’1.
543 1467 628 1501 Sane
650 1467 686 1501 ad
717 1474 857 1500 nostrum
880 1475 983 1511 nuper
999 1461 1141 1509 pervenit

393 1518 552 1556 auditum,
574 1516 658 1564 quod
684 1525 744 1550 tam
762 1514 946 1549 carissimus
969 1513 998 1546 in
1015 1511 1142 1546 Christo

395 1567 476 1601 filius
508 1575 613 1600 noster
639 1564 833 1600 Venceslaus
867 1563 1083 1597 Romanorum
1113 1569 1140 1593 ct

394 1616 565 1651 Bohemiae
589 1628 640 1650 rex
670 1614 812 1657 illustris,
839 1624 933 1660 quam
962 1612 1056 1645 etiam
1076 1610 1142 1644 cla-

395 1678 446 1700 rae
469 1665 639 1699 memoriae
667 1663 799 1698 Carolus
828 1662 1046 1696 Romanorum
1077 1659 1142 1693 im-

396 1723 520 1761 perator
542 1722 571 1749 et
588 1714 688 1761 ipsius
712 1713 796 1759 regis
818 1711 954 1757 genitor,
976 1708 1070 1743 simul
1098 1708 1141 1742 »el

395 1764 573 1798 successive
594 1763 762 1798 noiinullas
784 1760 1082 1796 confoederationes
1097 1758 1141 1792 vel

395 1813 612 1859 colligationes
649 1825 705 1846 seu
740 1812 819 1857 ligas
854 1820 883 1845 et
918 1809 1144 1845 conventiones

395 1875 466 1897 cum
491 1863 623 1897 diversis
650 1861 788 1907 regibus,
818 1859 1027 1907 principibus,
1047 1857 1144 1892 duci-

398 1912 468 1953 bus,
491 1912 662 1946 comitibus
685 1924 719 1945 ac
743 1909 963 1956 magnatibus,
987 1907 1146 1942 nobilibus

397 1970 426 1995 et
453 1962 546 1996 certis
571 1962 642 1996 aliis
669 1961 807 1995 inierunt
834 1972 889 1993 seu
918 1959 1083 1996 fecerunt,
1116 1965 1144 1989 et

397 2011 480 2058 quod
508 2010 603 2057 aliqui
632 2022 667 2044 ex
692 2009 874 2044 huiusmodi
899 2007 1040 2054 regibus,
1061 2005 1145 2052 prin-

398 2061 542 2107 cipibus,
565 2060 710 2100 ducibus,
738 2058 919 2101 comitibus,
947 2055 1146 2102 magnatibus

398 2122 453 2143 seu
479 2109 655 2149 nobilibus,
679 2117 729 2142 aut
759 2108 848 2147 aliis,
880 2116 953 2141 tunc
976 2114 1063 2139 erant
1090 2117 1145 2138 scu

399 2167 505 2206 postca
536 2167 608 2192 sunt
638 2158 739 2192 vtl‘ecti
763 2156 953 2192 schismatici
982 2168 1037 2189 scu
1070 2154 1147 2188 liae-

400 2209 483 2243 retici
508 2207 663 2242 manifesti
686 2216 716 2241 et
732 2207 770 2241 ab
784 2207 902 2241 unitate
924 2205 1059 2240 Sanctae
1080 2203 1147 2238 Ro-

399 2270 508 2293 manae
547 2267 575 2292 et
607 2256 791 2292 universalis
813 2255 974 2290 Ecclesiae
1002 2254 1146 2300 separati,

398 2308 542 2355 quamvis
590 2320 644 2354 per
692 2319 748 2340 nos
778 2307 854 2341 alias
900 2303 1049 2339 declarati
1086 2315 1146 2336 non

398 2366 472 2393 sint.

449 2408 468 2453 S
494 2409 527 2440 ⁶2.
551 2406 614 2441 Nos
638 2406 732 2451 igitur
754 2404 964 2443 attendentes,
987 2402 1148 2450 (1110111111-

403 2456 537 2490 iusmodi
577 2456 872 2489 confoederationes
907 2462 935 2487 et
978 2453 1057 2498 ligae
1092 2464 1147 2485 scu

403 2507 638 2543 conventiones,
663 2506 760 2539 factae
782 2517 852 2538 cuin
884 2502 1064 2537 huiusmodi
1083 2503 1138 2535 hac

403 2555 506 2589 seticis
539 2563 590 2589 aut
612 2554 845 2597 schismaticis,
880 2561 1044 2599 postquam
1071 2551 1148 2585 tales

403 2604 502 2637 ‹ffecti
526 2612 625 2643 eraut,
654 2612 726 2637 sunt
751 2603 945 2641 temerariae,
971 2602 1097 2635 illicitae
1121 2609 1147 2633 et

438 2670 475 2703 (1)
496 2669 533 2695 Ex
554 2669 712 2696 Collectione
732 2670 858 2695 Actorum
882 2669 978 2694 [timer.

1180 273 1339 296 ttOttrtNUttt

1183 331 1249 376 ipso
1274 331 1340 363 inre,
1370 327 1484 371 nullae,
1509 326 1566 360 etsi
1591 326 1669 359 forte
1691 334 1763 360 ante
1791 325 1932 372 ipsorum

1182 380 1303 426 lapsum
1322 378 1350 411 in
1367 376 1504 411 schisma
1520 388 1574 409 seu
1595 374 1749 408 haeresim
1768 374 1863 408 initae
1875 387 1932 409 seu

1182 428 1278 462 factae
1308 428 1454 468 fuissent,
1484 425 1606 458 etiamsi
1635 424 1736 457 forent
1759 423 1934 458 iuramento

1184 477 1227 511 vel
1259 476 1319 510 fide
1350 476 1423 509 data
1452 475 1592 507 firmatae
1614 481 1667 507 aut
1695 472 1935 507 confirmatione

1181 525 1352 573 apostolica
1381 524 1428 557 vel
1457 535 1657 570 quacumque
1695 522 1841 556 firmitate
1876 522 1934 556 alia

1183 575 1357 617 roboratae,
1374 580 1539 620 postquam
1558 572 1645 611 tales,
1662 579 1694 606 ut
1712 571 1936 618 praemittitur,

1182 634 1254 658 sunt
1277 624 1391 662 effecti,
1410 635 1447 657 co
1468 623 1535 669 ipso
1555 630 1616 655 tam
1647 621 1727 655 idem
1757 632 1821 660 rex,
1842 632 1935 667 quam

1182 674 1232 708 alii
1261 674 1313 720 qui
1344 673 1448 707 forsan
1478 683 1537 705 una
1575 683 1645 704 cum
1680 682 1717 703 eo
1753 669 1936 703 huiusmodi

1182 722 1502 765 confoederationes,
1539 720 1756 765 colligationes
1796 728 1826 753 et
1861 719 1937 764 ligas

1183 784 1238 806 seu
1262 772 1489 806 conventiones
1505 782 1577 804 cum
1599 768 1715 803 talibus
1729 767 1865 801 inierunt
1881 779 1935 802 seu

1183 822 1338 864 fecerunt,
1361 830 1389 855 et
1412 820 1449 854 ad
1468 832 1549 866 quos
1566 816 1748 853 huiusmodi
1772 817 1938 851 confoede-

1184 871 1333 913 rationes,
1355 870 1590 914 colligationes,
1618 867 1697 913 ligae
1720 878 1776 900 seu
1801 878 1938 901 conven-

1184 921 1285 954 tiones
1312 917 1552 966 quomodolibet
1579 916 1704 951 extendi
1737 924 1880 961 possunt,
1908 924 1938 949 et

1183 982 1318 1015 quorum
1349 969 1477 1002 interest
1503 967 1548 1001 vel
1579 967 1731 1000 interesse
1760 965 1938 1010 poterit,ab

1183 1031 1290 1052 earum
1331 1017 1551 1052 observatione
1587 1015 1722 1049 absoluti
1772 1015 1938 1054 existunt,

1184 1068 1314 1114 illasque
1343 1067 1421 1114 ipsis
1453 1077 1577 1100 servare
1600 1077 1662 1098 non
1691 1063 1940 1105 debent.Quin-

1185 1118 1248 1151 imo
1273 1118 1340 1163 ipse
1362 1129 1414 1150 rex
1444 1114 1627 1150 huiusmodi
1661 1113 1881 1148 schismaticos
1909 1120 1940 1147 et

1185 1166 1371 1209 haereticos,
1388 1165 1508 1200 ratione
1522 1164 1658 1210 imperii,
1673 1163 1710 1197 ad
1724 1162 1808 1210 quod
1820 1162 1941 1197 electus

1183 1224 1212 1249 et
1233 1229 1287 1262 per
1306 1228 1363 1249 nos
1385 1214 1591 1261 approbatus,
1609 1213 1638 1246 in
1653 1212 1788 1246 favorem
1806 1210 1941 1245 Sanctae

1185 1265 1347 1300 Romanae
1373 1272 1404 1298 et
1433 1262 1627 1298 Universalis
1647 1261 1822 1304 Ecclesiae,
1849 1261 1940 1294 cuius

1184 1324 1231 1350 est
1249 1315 1431 1357 advocatus,
1453 1326 1509 1360 pro
1527 1324 1620 1359 posse
1639 1310 1787 1358 prosequi
1803 1318 1940 1350 tenetur,

1184 1365 1334 1412 quodque
1363 1363 1467 1397 omnis
1495 1361 1680 1396 communio
1714 1373 1785 1394 cum
1825 1359 1942 1394 talibus

1186 1414 1353 1448 haereticis
1375 1424 1430 1446 seu
1459 1410 1670 1445 schismaticis
1694 1410 1789 1443 nimis
1813 1409 1941 1455 pericu-

1186 1464 1249 1498 losa
1278 1462 1408 1504 existit,
1435 1473 1506 1496 cum
1536 1460 1621 1494 nulla
1650 1460 1689 1493 sit
1718 1470 1858 1505 prorsus
1883 1470 1940 1493 nec

1186 1525 1254 1547 csse
1272 1512 1386 1546 debeat
1411 1510 1607 1557 participatio
1627 1508 1706 1542 lucis
1726 1508 1762 1541 ad
1782 1507 1940 1551 tenebras,

1189 1563 1234 1596 vel
1273 1561 1392 1596 Christi
1423 1559 1461 1594 ad
1486 1559 1647 1600 Belial3et
1665 1558 1832 1604 cupientes
1846 1569 1941 1604 super

1188 1612 1234 1645 his
1263 1611 1436 1645 animarum
1461 1609 1553 1643 saluti
1582 1617 1612 1643 et
1636 1607 1810 1647 honori,ac
1833 1607 1939 1641 statuti

1186 1660 1328 1695 eiusdem
1353 1659 1435 1706 regis
1466 1666 1496 1691 et
1524 1658 1658 1692 aliorum
1683 1668 1819 1703 quorum
1844 1656 1941 1690 inter-

1186 1719 1243 1749 cst,
1261 1719 1291 1744 ut
1310 1710 1496 1757 praefertur,
1519 1707 1686 1742 salubriter
1710 1705 1888 1753 providere,
1912 1714 1941 1740 et

1188 1761 1335 1807 periculis
1362 1768 1391 1793 et
1419 1757 1597 1801 scandalis,
1620 1767 1699 1804 quae
1729 1756 1804 1802 ipsis
1828 1756 1942 1790 exinde

1189 1810 1354 1857 provenire
1371 1807 1635 1856 possent,utiliter
1647 1818 1843 1853 praecavere,
1857 1818 1943 1840 eum-

1187 1861 1259 1894 dem
1285 1871 1390 1905 regern
1414 1866 1443 1891 et
1472 1869 1584 1891 omnes
1612 1856 1697 1895 illos,
1725 1868 1862 1901 quorum
1891 1855 1941 1889 in-

1188 1918 1281 1944 terest
1314 1918 1341 1942 ct
1374 1908 1526 1941 interesse
1546 1906 1670 1953 poterit,
1692 1904 1864 1951 apostolica
1884 1917 1943 1939 au-

1188 1960 1331 1993 ctoritate
1362 1966 1471 1991 tenore
1502 1956 1716 2003 praesentium
1745 1953 1943 1988 declaramus

1190 2008 1283 2043 fuisse
1298 2016 1327 2042 et
1350 2020 1418 2041 esse
1441 2006 1478 2040 ab
1492 2006 1674 2040 earunulem
1691 2003 1944 2038 confoederatio—

1191 2071 1277 2097 num,
1305 2057 1557 2103 colligationum,
1586 2055 1717 2101 ligarum
1741 2063 1769 2088 et
1799 2066 1944 2087 conven-

1191 2108 1310 2141 tionum
1334 2105 1553 2141 observatione
1577 2105 1701 2151 penitus
1725 2103 1899 2142 absolutos,
1914 2111 1943 2136 et

1190 2157 1225 2190 ad
1256 2169 1362 2191 earum
1386 2155 1636 2189 observationem
1660 2153 1857 2199 aliquatenus
1881 2163 1941 2186 non

1192 2207 1300 2246 teneri,
1326 2206 1467 2252 illasque,
1489 2213 1645 2251 quatenns
1660 2203 1697 2236 dc
1716 2203 1796 2236 facto
1821 2213 1944 2249 proces-

1191 2266 1313 2299 serunt,
1329 2267 1503 2294 cassamus,
1520 2254 1680 2288 irritamus
1695 2260 1724 2286 et
1741 2251 1859 2286 nullius
1874 2263 1943 2285 esse

1191 2306 1393 2340 deceruimus
1410 2305 1575 2338 firmitatis.
1587 2303 1623 2336 Et
1634 2303 1763 2348 insuper
1777 2301 1943 2348 cupientes

1191 2357 1367 2389 animarum
1406 2353 1554 2400 periculis
1576 2352 1718 2394 obviare,
1747 2360 1808 2385 tam
1837 2351 1941 2385 eidem

1193 2407 1268 2451 regi,
1282 2418 1374 2451 «ruam
1395 2405 1487 2438 ctiam
1505 2403 1652 2437 omnibns
1667 2401 1846 2435 huiusmodi
1863 2401 1942 2442 aliis,

1192 2468 1324 2501 iptorum
1351 2455 1488 2493 inu-rest,
1512 2465 1566 2487 sen
1592 2452 1741 2486 interesse
1762 2459 1876 2498 potest,
1897 2459 1944 2485 te·-

1195 2519 1268 2538 n‹n·e
1298 2506 1509 2550 praesentium
1546 2502 1719 2536 districtius
1750 2500 1944 2544 inhibemus,

1195 2568 1232 2587 nc
1273 2554 1579 2588 confoederationes,
1608 2552 1836 2597 colligationes,
1867 2551 1945 2595 ligas

1193 2612 1244 2636 3111
1282 2603 1506 2636 conventiones
1535 2601 1715 2635 huiusmodi
1747 2601 1945 2647 aliquatenus

1194 2652 1372 2691 observent,
1401 2665 1454 2685 seu
1479 2652 1517 2685 ab
1546 2651 1607 2684 illis
1629 2650 1786 2685 observari
1811 2661 1946 2696 quomo-

1950 268 2000 294 Αη.
2021 267 2131 294 01:582

1970 2313 1998 2334 Ea
2034 2313 2144 2334 observari

1957 2349 2014 2366 vetat
2030 2345 2123 2365 omnino.
