2274 3265
105 285 154 311 An.
173 284 202 311 C.
220 284 280 309 1'151

118 396 181 416 Etiam
219 393 284 419 quoad

104 427 211 449 rebellium
228 432 287 452 puni>

103 462 188 478 tionem.

938 276 1100 299 »tammus
1122 276 1140 296 V
1164 276 1210 297 ΡΡ.

1714 264 1780 295 749

347 338 362 377 ἓ
385 336 417 368 5.
443 334 479 368 Et
502 333 747 368 contradictores
769 332 924 380 quoslibet
946 340 975 366 et
1001 345 1045 366 re·
1085 344 1156 365 cuin
1185 330 1293 364 endi-m
1324 330 1493 365 Basileensi
1533 329 1677 373 concilio,
1700 329 1831 363 ordina—

300 383 408 424 belles,
424 384 653 430 cuiuscumque
675 391 784 423 status,
803 382 931 429 gradus,
951 393 1045 429 praee-

301 434 467 469 minentiae
483 433 528 468 vel
543 432 733 468 conditionis
746 433 890 476 existant,
901 440 1046 478 etquam-

301 483 347 517 vis
378 482 588 518 ecelesiastica
625 482 671 516 vel
706 482 862 516 mundana
878 509 885 521 ,
923 481 1043 516 etiamsi

302 533 394 579 regali
423 532 470 567 vel
499 531 670 579 pontificali
700 531 911 578 praefulgeant
939 530 1045 576 digni-

300 590 374 626 tate,
395 589 579 617 auctoritate
602 589 706 615 nostra
729 593 784 627 per
811 592 975 615 censuram
996 592 1045 614 ec-

301 631 505 667 clesiasticam
528 639 559 666 et
580 630 639 665 alia
668 630 744 665 iuris
770 630 919 674 remedia,
941 629 1044 676 appel-

301 681 416 716 latione
445 681 628 728 postposita,
650 679 884 726 compescendi,
908 687 937 714 et
951 691 1045 726 super

301 731 362 771 his,
384 731 510 777 quoties
524 742 606 777 opus
628 730 735 770 fuerit,
750 729 899 764 auxilium
925 728 1044 763 brachii

300 780 469 815 saecularis
485 779 662 819 invocandi;
678 780 847 826 omniaque
861 778 919 813 alia
940 786 970 813 et
984 778 1046 813 sin-

299 829 370 875 gula
389 829 419 863 in
442 829 552 864 eodem
573 829 742 864 Basilecnsi
766 828 901 864 concilio
919 827 1045 874 agendi,

300 878 470 920 tractandi,
492 878 704 926 disponendi,
725 877 903 921 statuendi,
934 877 1046 912 decla-

300 928 401 972 randi,
427 928 617 964 decernendi
645 936 675 963 et
709 926 937 971 concludendi,
965 939 1045 974 quae

300 990 330 1012 in
347 978 525 1025 praemissis
547 986 576 1013 et
594 978 675 1012 circa
700 990 747 1017 ea,
767 989 822 1024 pro
842 985 922 1012 statu
939 985 1046 1011 nostro

299 1035 329 1062 et
350 1027 491 1063 eiusdem
510 1027 670 1062 Ecclesiae
689 1040 723 1062 ac
745 1026 846 1061 salute
868 1026 1045 1061 animarum

300 1077 452 1117 fidelium,
475 1078 681 1124 extirpatione
711 1076 874 1111 haeresum
903 1083 931 1110 et
960 1087 1047 1110 erro-

300 1139 367 1161 rum
384 1126 423 1161 de
437 1139 511 1174 agro
526 1126 699 1166 dominico,
716 1125 900 1161 reductione
918 1137 1046 1172 quoque

300 1176 511 1211 oberrantium
536 1176 737 1224 populorum,
759 1183 790 1210 et
811 1174 1047 1210 conservatione

301 1225 526 1261 ecclesiasticae
546 1225 711 1266 libertatis,
723 1237 759 1260 ac
773 1237 828 1272 pro
843 1225 950 1271 quieto
964 1232 1045 1258 statu

301 1274 491 1322 reipublicae
518 1275 717 1319 christianae,
746 1286 867 1309 necnon
897 1274 1047 1308 reforma-

302 1325 386 1360 tione
410 1326 441 1359 in
464 1324 614 1360 omnibus
642 1323 794 1359 membris
818 1323 896 1363 suis,
925 1323 1048 1357 noveris

302 1374 474 1421 profutura,
498 1374 619 1420 plenam
642 1381 673 1408 et
699 1373 839 1413 liberam,
862 1372 1047 1406 auctoritate

302 1424 458 1470 praedicta
475 1432 583 1458 tenore
598 1422 826 1470 praesentium,
844 1421 1048 1456 concedimus

301 1480 505 1519 potestatem;
540 1480 641 1507 ratum
674 1480 704 1506 et
734 1479 857 1519 gratum
895 1470 1048 1514 babituri,

300 1521 450 1569 quicquid
485 1534 581 1569 super
609 1521 800 1570 praemissis,
829 1533 883 1568 pei·
909 1528 952 1566 te,
988 1533 1047 1556 una

1087 389 1163 419 tum,
1185 387 1349 419 statutum,
1372 379 1577 415 deliberatum
1613 388 1643 413 et
1669 379 1830 414 decretum

1089 430 1177 464 fuerit
1200 438 1229 463 et
1256 430 1454 469 conclusurm
1478 429 1572 476 idque
1595 429 1757 472 faciemus,
1774 441 1832 463 au-

1086 488 1170 514 ctore
1193 479 1341 523 Domino,
1378 492 1477 526 usquc
1513 478 1549 512 ail
1585 478 1830 513 satisfactionem

1085 529 1274 574 condignam
1304 528 1522 563 inviolabiliter
1544 528 1714 563 observari.

1134 579 1154 625 ξ
1170 581 1201 612 6.
1218 578 1372 620 Quocirca
1392 578 1667 624 circumspectioni
1691 587 1760 612 tuae
1779 591 1832 624 per

1085 628 1255 675 apostolica
1283 628 1398 675 scripta
1434 627 1640 670 mandamns,
1674 635 1908 674 quatenuswun„

1086 677 1140 712 tibi
1158 678 1334 712 iniunctum
1359 677 1567 711 ministerium
1588 676 1703 711 laboris
1726 677 1831 711 liuius·

1088 728 1170 762 modi
1199 740 1256 775 pro
1281 727 1384 761 (livina
1409 735 1440 761 et
1461 726 1562 760 <lictae
1584 725 1675 760 Sedis
1702 738 1737 760 ac
1769 740 1832 760 no—
1849 720 1860 732 '¹

1086 786 1148 812 stra
1173 777 1356 817 reverentia,
1373 777 1416 811 sic
1442 777 1472 810 in
1495 775 1605 810 eodem
1630 775 1733 809 futuro
1756 788 1833 810 con-

1087 827 1158 862 cilio
1173 827 1257 861 (licto
1273 827 1399 861 nomine
1416 838 1471 873 pro
1490 834 1632 872 tempore
1650 825 1833 871 praesidens,

1086 877 1122 911 ad
1144 877 1294 911 lionorem
1310 876 1381 921 Dei,
1396 875 1554 910 Ecclesiae
1568 882 1663 921 atque
1680 883 1834 915 nostrum3

1087 931 1217 966 salutem
1236 944 1363 978 quoque
1378 940 1408 966 et
1432 942 1540 978 pacem
1557 929 1746 977 populorum
1765 929 1837 964 fide-

1088 985 1177 1026 lium,
1201 986 1282 1020 iuxta
1302 986 1404 1020 datam
1429 984 1514 1019 tibia
1534 983 1671 1018 Domino
1694 983 1836 1031 pruden-

1089 1041 1173 1083 tiam,
1192 1039 1388 1074 laudabiliter
1407 1038 1584 1086 exequaris,
1607 1037 1691 1084 quod
1715 1050 1752 1072 ex
1776 1039 1837 1072 tuis

1088 1094 1257 1129 fructuosis
1279 1093 1431 1141 operibus
1454 1093 1574 1127 fructus
1597 1092 1692 1138 optati
1724 1104 1836 1138 prove-

1089 1148 1185 1192 niant,
1204 1160 1282 1194 quos
1296 1160 1471 1194 speramus:
1493 1154 1587 1192 tuque
1608 1145 1722 1180 deinde
1742 1145 1836 1186 illam,

1088 1215 1167 1249 quae
1192 1203 1257 1248 pias
1283 1214 1394 1236 causas
1425 1200 1590 1247 agentibus
1612 1212 1748 1246 superna
1763 1205 1837 1234 ‘'re-

1088 1256 1259 1289 tributione
1288 1255 1500 1301 impenditur,
1527 1253 1657 1300 gloriam
1686 1255 1836 1301 consequi

1090 1309 1238 1343 merearis
1261 1309 1417 1343 felicitatis
1438 1316 1594 1343 aeternae.

1138 1363 1252 1397 Datum
1268 1363 1388 1397 Romae
1410 1363 1492 1409 apud
1510 1362 1560 1396 Ss.
1578 1361 1759 1408 Apostolos,
1783 1361 1837 1396 ka-

1090 1417 1190 1452 lendis
1220 1416 1385 1460 febrnarii,
1409 1416 1609 1463 pontificatus
1634 1416 1730 1449 nostri
1755 1428 1838 1450 anno

1089 1472 1337 1519 decimoquarto.

1128 1529 1189 1559 Dat.
1206 1529 1253 1559 die
1269 1529 1279 1558 1
1298 1528 1440 1559 februarii
1461 1529 1542 1563 1431,
1560 1532 1638 1568 pont.
1652 1538 1728 1558 anno
1745 1536 1799 1557 ΧΠ.

888 2039 982 2070 FlNlS
1006 2038 1091 2070 TOMI
1114 2039 1252 2076 QUARTI

1854 275 1884 300 ln
1919 275 1936 298 (ζ
1965 273 2023 297 1'131

1863 590 1962 610 lulianum
2011 593 2028 607 ui

1849 623 1872 640 vlt·
1885 621 1980 640 inanvlatn
1993 619 2031 638 nti.

1913 656 1933 670 re
1954 654 2031 676 optim⁵

1848 682 1951 705 funzatur,
1964 682 2033 700 adnisi-
