2274 3265
257 255 302 280 Αη.
322 254 340 279 C
371 255 435 279 ¹3:55

506 242 568 274 114

451 309 600 344 moniales
618 307 789 341 secundum
813 319 918 341 tarum
935 307 1058 353 regulas
1071 314 1101 341 et
1116 318 1192 341 con—
1235 303 1472 350 &astringendam

449 358 642 393 stitutionem
672 357 770 391 felicis
793 356 1016 391 recordationis
1039 355 1190 391 Bonifacii

450 407 551 454 Papae
574 406 671 441 octavi
695 406 944 453 praedecessoris
968 406 1078 450 nostri,
1099 416 1192 451 super

450 457 508 491 ltoc
529 456 657 495 editam
681 455 740 489 sub
769 464 918 502 perpetua
941 455 970 489 iu
993 455 1059 489 suis
1082 466 1192 488 mona-

448 507 551 540 steriis
572 505 705 540 debeant
734 517 916 552 permanere
937 504 1092 543 clausura
1109 512 1138 537 et
1161 503 1190 536 in

450 555 609 590 nonnullis
632 554 829 589 monasteriis
855 554 1039 589 monialium
1071 551 1192 599 praedi-

449 613 567 640 ctarum
592 605 634 643 id
657 605 739 639 sicut
765 604 957 650 accepimus,
985 615 1046 637 non
1076 614 1192 656 usquc-

448 667 571 701 quaque
593 662 746 694 servetur;
775 654 840 688 13011
836 662 913 688 ·ntes
934 651 1189 687 constitutionem

449 704 637 750 praedictam
665 716 762 750 super
777 703 835 737 boc
851 701 1067 736 inviolabiliter
1088 699 1192 734 obser-

448 754 521 793 vari,
548 751 923 800 districtepraecipimus
950 749 1118 789 ministris,
1148 749 1191 782 ti-

446 802 642 843 sitatoribus
675 802 841 836 abbatissis
881 809 910 835 et
937 800 1190 854 quibuscumque

445 852 525 896 aliis,
560 852 597 886 ad
625 864 705 899 quos
734 851 779 886 vel
813 862 890 897 quas
913 850 971 883 hoc
995 849 1190 896 pertinuerit

447 910 480 935 ut
506 901 683 936 clausuram
707 899 886 935 huiusmodi
904 898 1069 944 diligenter
1091 898 1188 932 teneri

446 951 558 986 faciant
592 960 621 986 et
656 950 795 988 semath
832 926 1188 994 11333011ῢ113Ι11331331

447 1001 539 1034 tacite
559 1001 605 1035 iel
628 1012 775 1046 expresse
799 998 955 1045 professae
977 998 1029 1041 sit,
1054 997 1098 1031 vtl
1124 1009 1191 1032 esse

445 1049 543 1084 valeat
564 1060 764 1097 quacumque
783 1048 899 1082 ratione
918 1047 964 1081 vel
992 1059 1083 1081 cansa
1105 1046 1191 1081 clau-

444 1112 549 1134 suram
586 1097 765 1133 huiusmodi
813 1097 964 1144 deinceps
1010 1096 1190 1142 egrediendi

445 1148 598 1189 facultas3
628 1149 684 1183 nisi
715 1148 792 1182 forte
819 1159 910 1181 cansa
947 1145 1106 1193 plantandi
1145 1145 1190 1180 vel

444 1197 627 1233 aedificandi
649 1197 780 1232 eandem
805 1196 986 1242 religionem
1001 1195 1039 1229 ad
1055 1195 1189 1242 aliquem

446 1247 548 1282 locum
583 1247 704 1294 aliquae
736 1247 1003 1285 transmittantur,
1031 1244 1077 1278 vel
1107 1252 1191 1278 tanto

447 1297 523 1332 forte
546 1305 576 1331 et
599 1297 648 1331 tali
673 1296 781 1331 morbo
816 1295 976 1330 evidenter
997 1307 1105 1329 earum
1133 1295 1191 1328 ali-

445 1360 538 1393 quam
562 1346 701 1381 laborare
720 1352 887 1385 constaret,
909 1344 992 1391 quod
1009 1356 1071 1379 non
1089 1352 1191 1390 posset

446 1409 518 1430 cum
541 1395 608 1430 aliis
629 1395 747 1443 absque
762 1394 846 1441 gravi
864 1394 1004 1442 periculo
1027 1406 1082 1428 seu
1100 1406 1192 1428 scan-

448 1445 518 1480 dalo
545 1445 749 1485 commorari·,
771 1444 919 1491 quodque
948 1443 1023 1478 nulli
1058 1444 1191 1489 regulari

447 1503 499 1530 aut
525 1495 677 1530 saeculari
703 1494 748 1529 vel
772 1494 867 1528 laicae
891 1506 1066 1541 personae,
1089 1494 1193 1528 cilius-

448 1556 582 1592 cumque
599 1544 864 1591 praeeminentiae‚
887 1543 1059 1590 dignitatis,
1082 1549 1193 1585 status,

449 1594 494 1629 vel
517 1594 707 1629 conditionis
734 1594 881 1631 extiterit,
910 1594 1070 1639 ingressus
1094 1600 1194 1638 pateat

447 1644 485 1678 ad
508 1643 647 1684 easdem,
662 1644 729 1678 sine
744 1642 945 1690 Apostolicae
959 1642 1053 1676 Sedis
1070 1642 1192 1676 licentia

448 1693 588 1740 speciali,
630 1693 770 1740 exceptis
809 1692 1008 1727 solummodo
1050 1692 1194 1738 personis

450 1744 522 1787 illis,
545 1742 661 1790 quibus
674 1741 704 1776 in
723 1742 815 1777 certis
830 1742 953 1776 casibus
969 1754 1024 1787 per
1038 1742 1193 1775 dictorum

450 1792 726 1840 praedecessorum
743 1791 956 1826 ordinationes
970 1799 999 1825 et
1013 1791 1193 1826 earumdem

450 1843 630 1878 monialium
660 1841 782 1888 regulas
805 1842 945 1876 noscitur
971 1853 1040 1876 esse
1065 1841 1195 1888 permis-

449 1905 530 1927 sum.
554 1892 682 1927 Eisdem
711 1904 836 1939 quoque
869 1892 1030 1931 ministris,
1053 1891 1196 1926 custodi-

451 1942 509 1977 bus
531 1950 561 1976 et
587 1942 766 1989 guardianis
788 1941 959 1976 districtius
982 1950 1088 1975 tenore
1113 1953 1197 1987 prae-

450 1992 583 2027 sentium
607 1992 758 2026 duximus
780 1991 1021 2037 iniungendum,
1039 1999 1070 2024 ut
1089 1991 1197 2025 fratres

451 2042 522 2077 dicti
546 2041 665 2076 ordinis
686 2041 744 2076 sibi
761 2040 903 2076 subditos
926 2053 1031 2076 arcere
1050 2040 1195 2075 studeant

451 2092 488 2126 ab
530 2103 657 2127 accessu
708 2091 745 2126 ad
791 2091 976 2125 monasteria
1016 2090 1195 2124 monialium

450 2153 720 2188 quarumcumque
745 2141 828 2176 iuxta
853 2140 933 2175 beati
956 2139 1113 2175 Francisci
1143 2152 1197 2173 re-

451 2191 555 2238 gulam
588 2201 617 2226 et
643 2190 810 2237 apostolica
838 2203 872 2225 ac
907 2190 1045 2238 ipsorum
1070 2190 1196 2223 fratrum

451 2241 569 2275 ordinis
586 2241 738 2280 instituta,
759 2253 876 2288 poenas
891 2240 920 2274 in
937 2240 1032 2275 dictis
1048 2240 1198 2273 institutis

453 2302 559 2325 corum
591 2290 721 2338 provide
760 2290 918 2325 ordinatas
945 2302 1054 2324 eorum
1092 2297 1200 2324 trans-

453 2341 647 2386 gressoribus
695 2340 875 2386 infligendo.
910 2339 1061 2382 Quamvis
1095 2347 1198 2373 autem

456 2391 484 2424 in
525 2390 632 2437 regula
665 2389 816 2424 dictarum
857 2390 1039 2424 monialium
1067 2388 1200 2423 Sanctae

456 2439 565 2474 Clarae
591 2452 727 2487 sequens
748 2439 886 2474 clausula
907 2439 986 2473 inter
1007 2438 1065 2472 alia
1093 2439 1132 2473 sit
1151 2438 1201 2471 in-

457 2496 548 2529 serta,
565 2489 727 2524 videlicet:
744 2489 871 2524 Possint
897 2497 999 2523 autem
1018 2489 1046 2522 in
1070 2487 1202 2534 singulis

459 2539 653 2573 monasteriis
682 2539 775 2585 recipi
804 2539 938 2594 aliquae,
970 2538 1040 2573 licet
1075 2550 1201 2584 paucam·

459 2588 518 2622 sub
547 2588 759 2623 Servitialium
797 2588 922 2623 nomine
958 2588 1001 2622 vel
1045 2599 1201 2627 sor-oium

460 2637 496 2672 ad
533 2638 710 2671 huiusmodi
740 2638 941 2685 [ιι-Ἂ31ι55ἰοιιί5
973 2637 1082 2672 obsert
1087 2645 1200 2671 lutiam

1047 251 1084 272 111
1088 252 1104 272 Ι
1109 252 1124 272 Ι
1128 251 1203 272 Atttt
1208 250 1229 271 ’11
1259 249 1389 271 itonam]
1395 249 1417 270 M

1509 311 1725 350 praeterquam
1755 304 1785 338 in
1814 305 1977 340 articulum

1235 354 1273 388 de
1300 354 1444 403 clausura
1471 360 1521 386 etc.
1554 351 1619 386 Nos
1645 360 1747 387 tamen
1776 353 1928 389 honestati
1951 364 1979 389 et

1235 403 1333 437 famae
1371 411 1431 436 tam
1469 401 1606 448 ipsarum
1636 402 1819 436 monialium
1848 402 1979 438 Sanctae

1234 452 1354 491 Clarae,

1234 501 1377 535 Damiani
1407 500 1633 547 praedictarum
1662 501 1691 534 in
1716 501 1772 535 ltac
1796 508 1881 547 parte
1909 513 1981 547 pro—

1236 550 1340 585 videre
1388 550 1551 589 volentes,
1591 549 1786 584 ordinatione
1827 551 1980 597 praesenti

1236 608 1387 647 perpetuo
1428 599 1552 633 valitura
1581 599 1719 634 districte
1753 600 1982 647 praecipimus,

1233 649 1316 696 quod
1352 648 1532 684 huiusmodi
1566 649 1738 683 servitiales
1765 661 1818 683 seu
1846 660 1981 686 sorores¹

1233 699 1270 733 ad
1293 698 1522 733 observantiam
1547 697 1751 744 professionis
1774 699 1929 742 astrictae,
1951 709 1979 733 et

1233 761 1314 796 quac
1344 749 1382 783 «le
1409 757 1531 782 caetero
1562 749 1774 793 astringentur
1791 776 1799 792 ‚
1825 749 1980 795 quemad-

1235 798 1361 833 modum
1410 806 1439 832 et
1484 806 1623 832 caeterae
1668 798 1818 833 moniales
1850 798 1979 833 debeant

1233 848 1293 882 sub
1330 856 1479 895 perpetua
1507 847 1648 881 clausura
1680 859 1825 889 manere3
1862 849 1981 895 possint

1235 908 1337 932 tamen
1373 896 1494 943 singula
1519 897 1705 931 monasteria
1733 897 1884 932 dictarum
1915 910 1983 932 mo—

1235 948 1364 982 nialium
1402 946 1516 981 babere
1555 946 1676 993 aliquas
1719 959 1832 994 paucas
1879 956 1981 982 tamen

1235 997 1392 1041 mulieres,
1416 995 1554 1031 moribus
1575 1004 1605 1030 et
1623 1003 1722 1030 aetate
1745 1004 1894 1040 maturas7
1911 1009 1983 1043 pro—

1235 1046 1320 1081 vidas
1352 1055 1381 1081 et
1404 1046 1566 1083 honestas,
1603 1045 1633 1079 in
1661 1045 1814 1080 saeculari
1850 1046 1983 1081 honesto

1235 1105 1337 1130 tamen
1375 1095 1481 1129 babitu
1506 1094 1704 1139 incedentes,
1743 1107 1821 1142 quae
1867 1095 1981 1130 dictant

1234 1145 1410 1180 clausuram
1428 1145 1737 1189 nullatennsingredi
1754 1145 1983 1191 permittantur.

1234 1195 1286 1229 sed
1322 1195 1448 1241 negocia
1485 1194 1662 1229 monasterii
1699 1206 1734 1228 ac
1782 1195 1984 1230 necessitates

1235 1245 1430 1289 monialium,
1455 1252 1546 1291 prout
1572 1244 1617 1278 eis
1644 1244 1850 1278 commissum
1880 1245 1984 1283 fuerit,

1236 1294 1369 1329 fideliter
1402 1294 1539 1329 exterius
1581 1302 1729 1340 peragant
1752 1302 1781 1328 et
1805 1304 1985 1341 procurent.

1236 1344 1333 1379 Porro
1355 1344 1379 1378 si
1407 1343 1563 1377 abbatissa
1580 1352 1686 1378 contra
1704 1344 1872 1390 praemissa
1897 1344 1985 1379 clau-

1235 1407 1337 1428 suram
1377 1393 1564 1441 praedictam
1604 1392 1687 1427 exire
1727 1395 1984 1440 praesumpserit.

1236 1444 1281 1478 vel
1319 1443 1355 1477 ad
1391 1443 1572 1478 exeundum
1610 1443 1744 1490 aliquam
1782 1443 1986 1479 licentiaverit

1235 1493 1415 1536 monialem,
1432 1505 1486 1540 per
1503 1492 1680 1526 ministrum
1699 1505 1789 1527 suum
1804 1492 1843 1528 de
1865 1493 1984 1528 discre-

1236 1552 1336 1577 torum
1366 1543 1494 1576 fratrum
1517 1541 1649 1576 consilio
1673 1550 1869 1577 removeatur
1895 1557 1910 1577 a
1935 1555 1986 1578 re—

1235 1593 1353 1638 gimine
1387 1592 1550 1631 abbatiae3
1580 1592 1731 1626 moniales
1767 1605 1839 1627 vero
1868 1593 1982 1628 dictam

1236 1650 1387 1676 exeuntes
1414 1642 1590 1675 clausuram
1616 1642 1644 1675 iu
1668 1641 1793 1676 casibus
1816 1654 1878 1677 non
1909 1655 1985 1690 per—

1237 1692 1353 1730 missis,
1376 1691 1442 1738 ipso
1470 1691 1548 1725 facto
1571 1691 1633 1725 sint
1660 1691 1813 1726 inhabiles
1839 1692 1877 1726 ad
1900 1705 1986 1740 quae—

1237 1753 1373 1788 cumque
1387 1741 1484 1775 ollicia
1502 1742 1531 1775 in
1548 1753 1654 1775 earum
1670 1741 1779 1776 ordine
1793 1741 1986 1781 obtinenda,

1237 1799 1268 1825 et
1290 1791 1494 1825 nibilominus
1510 1790 1685 1825 subdantur
1701 1792 1810 1837 poenis
1832 1792 1903 1832 illis,
1918 1803 1986 1840 qua*

1238 1853 1295 1889 pro
1327 1841 1526 1887 gravioribus
1567 1840 1669 1888 culpis
1703 1841 1733 1875 iu
1774 1841 1842 1888 ipso
1877 1842 1986 1876 ordine

1238 1891 1459 1926 consueverint
1489 1890 1617 1937 imponi.
1658 1890 1704 1924 Ad
1741 1889 1817 1925 llaec
1849 1890 1988 1927 districte

1240 1940 1456 1987 probibemus,
1478 1940 1632 1975 dictorum
1661 1939 1808 1975 ordinum
1838 1942 1987 1976 moniales

1241 1991 1270 2024 in
1299 2003 1406 2025 earum
1445 1989 1637 2025 dormitoriis
1669 1990 1763 2024 cellas
1796 1990 1933 2031 liabere3
1964 1992 1987 2024 si

1239 2053 1317 2087 quas
1346 2052 1416 2074 tero
1439 2039 1566 2079 liabent
1593 2039 1722 2075 omnino
1744 2039 1862 2075 destrui
1893 2053 1988 2087 prae-

1240 2091 1377 2145 cipimus
1404 2098 1434 2124 et
1457 2089 1642 2124 mandamus
1666 2102 1719 2136 per
1747 2090 1907 2125 ministros
1934 2103 1987 2126 sen

1242 2140 1415 2174 visitatores
1438 2140 1467 2174 in
1492 2140 1591 2186 prima
1616 2140 1802 2183 visitatione,
1821 2152 1914 2187 quarn
1935 2140 1991 2175 int-

1242 2189 1407 2236 pendent
1401 2202 1430 2223 111
1455 2190 1653 2224 monasteriis
1679 2189 1874 2224 earumdem.
1902 2189 1987 2225 Con-

1242 2239 1437 2277 tradictores.
1472 2240 1496 2273 si
1530 2240 1596 2286 qui⁷
1629 2252 1683 2274 seu
1712 2239 1736 2273 si
1761 2251 1840 2286 quae
1863 2239 1989 2277 fuerint.

1242 2301 1277 2323 ao
1300 2289 1411 2323 dautes
1429 2289 1474 2323 eis
1500 2290 1529 2323 in
1550 2289 1607 2324 boc
1621 2289 1774 2323 auxilium
1793 2289 1838 2323 vel
1854 2289 1988 2324 favorem

1242 2339 1424 2373 auctoritate
1447 2339 1616 2386 apostolica
1636 2351 1690 2385 per
1712 2351 1876 2373 censuram
1892 2339 1990 2374 eccle-

1242 2389 1396 2422 siasticam
1421 2388 1664 2435 compescendo.

1292 2443 1306 2480 5
1334 2441 1391 2472 54.
1415 2438 1454 2473 Ut
1477 2447 1580 2473 autem
1603 2438 1746 2472 salutaria
1768 2445 1880 2472 statuta
1896 2446 1926 2473 et
1945 2450 1991 2473 or-

1244 2487 1419 2523 dinationes
1442 2487 1636 2532 huiusmodi,
1653 2500 1706 2534 per
1727 2500 1860 2534 quorum
1875 2488 1990 2523 obser—

1244 2538 1377 2571 vantiam
1432 2538 1624 2585 professores
1677 2537 1819 2572 eiusdem
1872 2537 1990 2573 ordinis

1243 2595 1369 2621 aeterno
1383 2587 1459 2633 Regi
1489 2588 1517 2621 in
1548 2588 1682 2634 puritate
1719 2588 1870 2621 mentium
1897 2587 1989 2622 obse—

1244 2645 1387 2682 quentes,
1411 2637 1449 2670 de
1472 2636 1688 2683 spiritualibus
1711 2637 1853 2671 hostibus
1876 2637 1990 2671 anima-

1996 249 2046 275 An.
2068 246 2095 274 C.
2110 248 2176 274 ¹556

2008 367 2066 393 Quod
2091 374 2120 387 sin
2128 373 2175 388 ores

1995 398 2045 418 Serv
2049 399 2083 418 itin
2086 398 2116 418 les
2144 399 2177 418 di

1995 432 2041 449 ctae
2087 428 2177 449 debeant

1396 462 1489 498 quam
1533 451 1768 485 Minorissarum
1809 460 1838 485 et
1873 452 1978 486 Sancti
1996 461 2097 485 rrofflw-

2018 2447 2046 2468 no
2060 2447 2182 2474 publicatio-

2006 2485 2030 2499 ue
2070 2479 2186 2500 huiusmodi

2005 2512 2177 2531 t‘t'lnslllullsslttlm
