2274 3265
187 290 234 314 An.
252 289 280 314 (ἶ.
301 290 366 315 11125

432 280 499 309 702

383 345 457 378 riam
488 341 686 376 indelebilem
724 339 868 373 volumus
903 348 932 373 ct
965 352 1130 373 censemus

382 392 554 428 Ecclesiam
572 390 825 425 Fortisvcnturac
842 389 1002 436 perpetuis
1018 388 1130 422 suturis

381 441 576 488 tcmporibus
599 439 788 485 nuncupari,
803 451 954 486 sponsum
981 437 1129 472 idoneum

380 504 451 527 enni
491 491 582 525 oflicii
621 488 807 536 pontificalis
835 487 1040 534 plenitudine,
1064 487 1130 521 Deo

380 549 516 578 anctore,
541 552 594 586 per
616 537 807 586 apostolicae
829 537 1010 582 diligentiae
1035 537 1130 570 mini-

380 590 510 625 sterium
526 588 718 630 babituram,
729 588 778 621 cui
791 598 929 634 sponsus
945 587 1011 633 ipse
1027 585 1129 633 przesit

380 640 493 687 pariter
514 648 605 685 atque
630 638 738 684 prosit7
771 647 864 684 atque
898 636 1041 670 volumus
1068 639 1125 677 (1).

428 690 448 735 S
470 691 502 722 5.
525 688 704 735 Apostolica
727 700 853 733 qnoque
868 685 1050 720 auctoritate
1073 685 1129 719 de-

247 752 256 763 0
272 753 288 765 ¹¹
301 753 324 765 w
354 758 364 760 -
380 739 551 776 cernimus.
567 737 650 784 quod
682 737 849 783 episcopus
867 735 1129 771 Fortisventurae.

183 784 211 797 rr·
222 782 240 795 ta
263 776 364 802 tzpatensi

183 809 298 828 sunm-itur.

192 1483 322 1503 Otrstvntium
331 1484 369 1503 do—

187 1518 275 1537 rogatio.

220 1780 336 1800 clausulae.

380 789 432 835 qui
462 800 517 835 pro
544 795 685 834 tempore
709 786 813 829 fuerit,
835 784 1129 828 Grandiscanariac,

381 837 509 876 lnl'erni,
528 837 694 879 Gomerae,
713 835 799 870 Ferri
828 848 863 869 ac
891 834 1018 869 Palmae
1042 834 1130 868 insn-

381 888 479 922 larnm
526 885 754 934 praedictarum
771 911 780 929 ‚
812 893 841 918 et
883 884 1053 918 incolarum
1101 892 1130 917 ct

381 937 588 972 habitatorum
614 937 754 982 ipsorum
777 933 989 980 episcopalem
1011 933 1041 966 in
1064 933 1129 980 spi-

379 985 543 1022 ritualibus
570 993 600 1019 et
637 983 864 1030 temporalibus
889 995 994 1016 curam
1031 991 1129 1027 gei-ar,

379 1036 525 1083 ‹piodque
542 1034 682 1069 Ecclesia
697 1033 953 1068 Fortisvcnturac
971 1031 1128 1078 praedicta

379 1085 540 1120 Ecclesiae
562 1083 711 1130 lspalen.,
727 1082 776 1117 cni
792 1082 947 1128 praedicta
972 1080 1128 1115 Rubicen.

379 1135 521 1169 Ecclesia
544 1133 723 1176 subiicitur,
747 1132 813 1166 inre
842 1131 1073 1177 metropolitico
1091 1131 1129 1164 sit

380 1184 533 1223 subiecta,
555 1195 722 1229 quousque
745 1194 855 1215 omncs
875 1179 1058 1215 liuiusmodi
1075 1180 1130 1214 ba-

381 1234 530 1268 bitatorcs
552 1241 581 1266 et
601 1232 719 1266 incolae
736 1230 850 1266 fuerint
872 1230 908 1265 ad
935 1229 1128 1276 praedictam

382 1283 473 1318 sidem
497 1282 651 1322 conversi,
670 1290 700 1316 et
720 1294 755 1315 ex
776 1289 850 1314 tunc
873 1280 973 1314 donec
996 1291 1051 1326 per
1071 1278 1130 1313 Se-

381 1333 451 1367 dein
483 1331 695 1379 Apostolicam
725 1343 821 1377 super
849 1330 885 1364 iis
911 1330 1000 1364 aliter
1037 1328 1132 1363 suerit

382 1383 573 1418 ordinatum.

431 1435 496 1475 §sk
525 1431 594 1466 Non
622 1429 821 1464 obstantibus
853 1428 1132 1463 constitutionibus

384 1480 564 1528 apostolicis
586 1492 621 1514 ac
652 1480 776 1514 statutis
798 1487 828 1513 ct
849 1477 1132 1513 consuetudinibus

384 1530 598 1565 Ecclesiarum
642 1529 887 1576 praedictarum,
926 1528 1019 1562 etiam
1043 1527 1133 1562 iura—

384 1588 502 1624 mento,
524 1579 760 1614 confirmatione
782 1578 963 1624 apostolica,
985 1577 1033 1611 vel
1048 1589 1133 1624 qua—

383 1641 519 1676 cumque
538 1629 682 1663 firmitate
694 1628 752 1663 alia
771 1627 934 1667 roboratis,
949 1627 1133 1673 caeterisque

383 1679 546 1714 contrariis
568 1677 833 1725 quibuscumque.

433 1727 515 1762 Nulli
552 1740 627 1774 ergo
670 1728 800 1761 omnino
840 1726 1002 1760 liominum
1044 1726 1133 1760 liceat

385 1779 465 1813 lianc
493 1778 635 1825 paginam
660 1785 838 1811 nostrorum
859 1776 1041 1819 erectionis,
1064 1788 1136 1810 con-

385 1826 798 1868 stitutionis,macerationis,
818 1826 933 1860 decreti
961 1835 991 1860 et
1016 1825 1135 1860 volun-

385 1879 457 1913 tatis
470 1878 637 1924 infringere
663 1884 715 1911 etc.

435 1928 548 1963 Datum
569 1927 689 1962 Romae
711 1926 791 1973 apud
816 1926 949 1961 Sanctos
967 1925 1136 1972 Apostolos

386 1977 575 2013 duodecimo
603 1976 754 2012 kalendas
792 1976 985 2020 decembris,
1009 1975 1136 2023 pontifi-

387 2038 473 2063 catus
495 2028 591 2062 nostri
615 2039 697 2061 anno
719 2027 866 2074 septimo.

408 2081 467 2111 Dat.
484 2082 530 2111 die
546 2081 585 2111 ΞΟ
601 2079 769 2110 novembris
784 2080 869 2117 1423,
886 2085 963 2119 pont.
981 2088 1056 2108 anno
1069 2089 1117 2109 vn.

739 2199 792 2234 xt.

393 2276 589 2320 Confirmatio
624 2275 757 2319 Reyulae
787 2275 919 2314 fratrum
948 2282 973 2306 et
999 2286 1140 2308 sororum

444 2325 538 2357 Tertii
574 2325 702 2358 Ordinis
744 2325 909 2358 Servorum
946 2325 985 2357 B.
1017 2324 1140 2358 Mariae

415 2392 419 2398 -
447 2375 582 2419 l'iryi‘iii's
605 2376 660 2417 t2).

658 2444 869 2475 SUMMAntUM

395 2501 560 2530 Exordium.
576 2518 613 2522 -
633 2501 659 2529 t.
682 2500 798 2529 Fratres
822 2504 849 2529 et
871 2508 987 2529 sorores
1012 2501 1064 2529 lias
1091 2508 1139 2528 re-

434 2545 517 2583 gulas
554 2545 721 2574 confirmari
746 2549 856 2584 petunt.
880 2562 917 2566 —
936 2544 963 2573 ⁶3.
992 2543 1045 2573 Eas
1076 2553 1143 2573 con-

431 2607 470 2641 (t)
492 2607 604 2633 Delenda
622 2606 708 2633 forsan
722 2606 801 2633 verba
815 2611 837 2632 ct
850 2608 978 2632 volumus.
1019 2606 1058 2640 (2)
1071 2605 1143 2638 Quae

397 2647 559 2673 Servitarum
577 2646 703 2673 Ordinem
728 2649 901 2677 concernunt,
921 2646 1008 2672 notavi
1025 2646 1049 2671 in
1070 2646 1142 2671 Con-

397 2690 452 2714 snt.
472 2694 489 2714 n
507 2686 637 2714 Benedicti
649 2686 698 2719 ΧΙ,
711 2689 779 2714 Dum
793 2688 914 2718 tetuinus,
926 2694 985 2722 sup.
1005 2693 1062 2721 pag.
1083 2686 1142 2711 177.

951 284 1135 306 mummia!
1161 283 1318 304 tttfflANt'n

1212 339 1305 365 tirinat
1332 335 1481 365 Martinus.
1511 352 1547 356 —
1575 336 1601 364 3.
1624 335 1662 364 De
1689 335 1865 373 recipiendis
1889 336 1916 364 in

1210 382 1359 410 Ordinem.
1377 398 1416 402 —
1433 381 1460 410 l.
1481 379 1602 408 llabitus
1627 379 1746 408 fratrum
1776 383 1803 408 ct
1831 388 1915 408 soro-

1211 435 1284 454 rinn.
1303 442 1341 446 —
1360 426 1385 453 ἴ».
1409 424 1615 453 tiaereinoniae
1640 423 1667 452 in
1691 423 1786 452 dando
1817 422 1916 452 babitu

1211 470 1321 498 noviter
1341 469 1467 508 receptis
1486 468 1695 498 observandae.
1714 484 1752 490 —-
1767 468 1793 497 6.
1812 467 1916 496 Forma

1212 514 1414 552 professionis.
1445 531 1483 536 -—
1513 514 1538 542 7.
1562 512 1704 542 l'rofcssis
1735 523 1748 540 a
1777 511 1918 550 religione

1213 558 1384 596 praeclusus
1409 567 1572 596 regressus.
1591 574 1628 578 —
1655 557 1680 585 8.
1704 556 1741 585 lle
1769 555 1847 585 noris
1871 566 1918 585 ca-

1212 601 1336 636 nonicis,
1355 603 1481 642 aliisque
1501 602 1653 632 vocalibus
1672 600 1865 631 orationibus:
1881 618 1918 622 —

1211 648 1237 676 9.
1260 646 1402 685 Tempore·
1424 649 1560 677 horarum
1585 647 1785 676 dicendarum:
1811 662 1849 667 ——
1873 647 1917 676 10.

1210 690 1402 721 Confessione
1414 697 1441 721 et
1452 691 1674 721 tlominunione:
1687 707 1724 711 —
1737 689 1749 719 l
1760 689 1782 718 l.
1796 689 1918 719 Silentia

1212 736 1238 764 in
1264 735 1403 765 Ecclesia:
1426 753 1464 758 —
1496 736 1538 766 12.
1562 734 1732 765 Reverentia
1757 734 1918 773 episcopis,

1211 781 1348 818 parocliis
1368 781 1494 819 aliisque
1514 779 1687 810 exbibenda:
1705 796 1744 800 —
1766 778 1813 808 13.
1838 777 1917 807 lein-

1211 825 1278 854 niis:
1296 843 1335 847 —
1357 826 1398 855 Μ.
1419 825 1476 854 Esu
1493 825 1637 854 carnium:
1655 840 1694 845 —
1721 824 1766 853 15.
1788 823 1919 857 Cboreis,

1211 870 1412 909 conviviisque
1432 869 1591 907 fugiendis:
1614 886 1652 891 —
1674 869 1720 898 16.
1743 867 1851 914 Armis*
1862 878 1918 898 non

1211 914 1386 944 deserendis:
1416 931 1455 936 —
1486 915 1532 943 Π.
1556 913 1739 943 lnfirmorum
1767 921 1850 942 cura:
1882 929 1921 934 —

1217 961 1258 989 18.
1278 960 1455 989 Mortuerum
1473 958 1631 997 suffragiis:
1650 975 1687 979 —
1707 958 1749 987 19.
1771 957 1920 986 Electione

1211 1004 1386 1034 correctoris
1410 1003 1555 1042 generalis
1575 1008 1602 1032 et
1621 1003 1791 1041 priorissae:
1813 1018 1852 1024 —·
1873 1002 1920 1031 ⁶20.

1210 1049 1390 1078 Correctoris
1424 1053 1451 1077 et
1475 1049 1633 1087 priorissae
1668 1048 1772 1077 officio:
1805 1064 1842 1068 —
1873 1047 1920 1076 Ἣ.

1213 1093 1397 1122 l‘ercantinni
1434 1093 1616 1122 correctione
1653 1097 1681 1121 et
1715 1092 1847 1121 emenda:
1883 1109 1921 1113 —

1210 1139 1257 1167 22.
1285 1137 1570 1175 Congregationibns
1601 1146 1701 1166 inensc
1730 1135 1863 1175 quolibet
1892 1139 1919 1165 in

1211 1183 1333 1212 ecclesia
1363 1183 1416 1211 FF.
1446 1182 1600 1211 Servorum
1626 1186 1652 1211 et
1680 1180 1921 1210 subordinatione

1381 1225 1508 1256 Ordinis:
1544 1243 1582 1247 —
1611 1226 1658 1255 23.
1686 1225 1866 1254 Correctoris
1895 1230 1922 1254 et

1213 1272 1371 1311 priorissae
1392 1271 1582 1310 dispensandi
1606 1270 1641 1299 ab
1664 1269 1852 1299 abstinentiis
1875 1268 1921 1297 fa-

1212 1317 1327 1346 cultate.
1346 1334 1384 1338 —
1402 1317 1449 1345 24.
1466 1316 1576 1353 Regula
1597 1324 1653 1344 non
1677 1314 1787 1352 obligat
1805 1313 1840 1343 ad
1859 1314 1923 1342 cul-

1213 1371 1288 1400 pam,
1307 1362 1357 1391 scd
1378 1361 1413 1390 ad
1439 1370 1572 1399 poenam.
1591 1377 1629 1381 ——
1648 1360 1694 1388 25.
1717 1358 1883 1388 Clausulae.

1212 1227 1348 1256 ticncrali

1217 1434 1351 1463 martinus
1378 1433 1519 1468 episeopus
1549 1438 1645 1460 servus
1664 1437 1804 1459 servorum
1822 1430 1878 1462 Dei,

1307 1486 1341 1513 ad
1375 1484 1535 1520 perpetuam
1559 1482 1599 1510 rei
1622 1481 1790 1510 memoriam.

1223 1557 1315 1591 Sedis
1338 1555 1539 1603 Apostolicae
1564 1553 1757 1601 providentia
1787 1553 1925 1587 circum-

1174 1616 1281 1653 specta
1307 1618 1458 1652 personas
1485 1604 1545 1639 sub
1568 1603 1702 1649 regulari
1726 1602 1924 1637 observantia

1177 1664 1320 1690 vacantes
1335 1655 1460 1689 assidue
1475 1653 1578 1687 studio
1598 1654 1668 1699 piae
1696 1652 1775 1686 vitae
1791 1651 1926 1696 benigno

1176 1705 1278 1739 favore
1303 1704 1514 1751 prosequitur,
1533 1711 1562 1736 et
1585 1715 1631 1742 ea,
1648 1714 1728 1748 quae
1744 1713 1799 1748 pro
1818 1713 1924 1735 earum

1176 1763 1257 1789 statu
1286 1754 1452 1789 salubriter
1479 1752 1643 1799 dirigendo
1681 1750 1811 1798 provide
1839 1750 1927 1784 ordi-

1177 1813 1246 1839 nata
1274 1813 1359 1844 sunt,
1388 1811 1420 1837 ut
1446 1803 1562 1837 illibata
1591 1800 1771 1849 persistant,
1793 1808 1927 1846 aposto—

1177 1854 1237 1889 lico
1264 1855 1424 1889 consuevit
1448 1852 1624 1887 munimine
1647 1850 1803 1885 roborare.

1226 1906 1245 1952 5
1265 1906 1292 1938 l.
1315 1905 1399 1939 Sane
1428 1903 1535 1949 petitio
1553 1914 1607 1948 pro
1636 1908 1721 1948 parte
1740 1900 1925 1934 dilectorum

1179 1955 1313 1989 filiorum
1349 1954 1461 2001 prioris
1486 1951 1642 1998 generalis
1675 1959 1705 1986 et
1734 1951 1863 1985 fratrum
1892 1961 1927 1983 ac

1178 2005 1364 2039 dilectarum
1401 2004 1429 2037 in
1466 2002 1592 2037 Christo
1624 2001 1755 2035 filiarum
1784 2011 1926 2035 sororum

1178 2054 1308 2089 Ordinis
1322 2054 1493 2088 Servorum
1516 2052 1650 2087 Sanctae
1668 2050 1797 2090 Mariae,
1819 2061 1928 2084 secun-

1179 2104 1254 2139 dum
1279 2102 1418 2149 regulam
1442 2111 1472 2137 ct
1495 2102 1633 2136 instituta
1658 2100 1738 2135 beati
1759 2099 1928 2146 Augustini

1181 2154 1364 2192 viventium,
1387 2153 1440 2199 qui
1463 2151 1590 2199 quidem
1619 2150 1728 2184 fratres
1747 2158 1777 2184 et
1795 2161 1930 2187 sorores,

1180 2204 1219 2239 de
1254 2203 1413 2238 consortio
1441 2202 1610 2237 Servorum
1645 2200 1779 2234 Sanctae
1815 2199 1931 2233 Mariae

1183 2261 1420 2300 nuncupantur,
1443 2251 1532 2286 nobis
1561 2262 1662 2298 nuper
1688 2248 1826 2284 exhibita
1854 2261 1932 2283 con-

1182 2303 1311 2343 tinebat,
1329 2302 1411 2350 quod
1437 2302 1494 2349 ipsi
1519 2300 1686 2348 quamdam
1712 2298 1850 2346 regulam
1868 2299 1931 2333 sive

1183 2354 1327 2399 religiose
1362 2351 1483 2386 vivendi
1512 2350 1665 2389 formam,
1694 2349 1724 2383 in
1761 2361 1821 2396 qua
1850 2361 1932 2383 non—

1183 2403 1266 2437 nulla
1296 2403 1425 2437 honesta
1453 2411 1483 2436 et
1505 2399 1700 2435 rationabilia
1734 2411 1769 2434 ac
1798 2399 1931 2445 regulari

1183 2452 1366 2499 disciplinae
1389 2450 1592 2498 congruentia
1616 2457 1729 2484 statuta
1753 2457 1783 2483 et
1805 2448 1932 2482 ordina-

1185 2516 1286 2541 menta
1315 2506 1379 2541 fore
1404 2514 1587 2549 noscuntur,
1610 2504 1760 2538 hactenns
1787 2503 1934 2538 laudabi—

1185 2562 1255 2596 liter
1277 2561 1481 2595 observarunt
1505 2567 1596 2607 prout
1617 2558 1801 2594 observant:
1831 2558 1934 2606 qnod-

1184 2628 1244 2663 que
1270 2616 1339 2650 licet
1369 2615 1490 2659 fraires,
1511 2626 1636 2649 sorores
1658 2622 1688 2647 et
1709 2613 1796 2647 Ordo
1820 2613 1933 2647 buius-

1186 2671 1268 2706 modi
1294 2671 1385 2705 variis
1414 2683 1468 2718 per
1488 2668 1604 2704 Sedem
1629 2667 1842 2717 Apostolicam
1872 2667 1933 2701 sint

1931 279 1979 305 An.
1998 279 2026 304 C.
2048 278 2111 305 {thst

1971 1572 2088 1592 mortuum,

1956 1914 2039 1934 fratres
2055 1920 2075 1934 et
2092 1920 2124 1933 so·
2145 1912 2151 1918 ⁸

1942 1951 2001 1966 rores
2031 1946 2068 1965 has
2091 1950 2126 1965 re-

1943 1978 2126 2002 gulasconfiimari

1943 2011 2038 2035 petunnt.
