2274 3265
108 268 158 293 Αη.
174 267 202 293 C.
221 267 286 293 ¹555
911 265 1118 287 ixnocax‘rms
1142 265 1172 286 vi
1198 265 1244 287 er.
1724 255 1785 287 51t

303 320 349 354 vel
379 321 622 367 praemissorum
647 321 773 368 aliquod
807 329 973 355 attentates
994 333 1053 354 ec-

303 369 478 405 clesiastico
502 370 668 405 interdicto
690 371 836 404 subiecit.

351 420 371 466 ἓ
398 422 431 454 ⁶2.
456 420 491 454 Et
520 420 635 454 deinde
657 420 768 454 eodem
802 419 1053 467 praedecessore,

118 478 160 499 *tou
205 480 288 512 nrum-ns
304 470 385 504 sicut
408 470 544 504 Domino
567 470 693 517 placuit,
725 470 847 504 sublato
874 469 913 503 de
936 469 1052 507 medio,

104 509 287 567 ἶζῖἳῗῖψᾘι,
305 520 372 565 piae
396 520 566 554 memoriae
597 519 730 554 Ioannes
752 519 835 566 Papa
864 518 951 553 XXII
978 518 1050 552 dicti

103 573 288 622 :zwdljlfffetsffffi
303 569 479 603 Clementis
501 581 665 603 successor
698 568 920 616 praedecessor
947 576 1053 602 noster

103 635 165 654 uuam
193 616 287 655 ...‹.·rt›'11-
303 618 341 652 ad
369 619 490 666 apicem
520 619 709 666 apostolicae
735 619 894 663 dignitatis
920 630 1051 652 assum—

103 667 388 717 ssgnn‘ssssffl‘ssngssptuS,
423 668 571 702 omnibus
604 677 635 702 et
671 669 804 715 singulis
838 677 898 702 tani
932 667 1052 703 clericis

103 719 136 749 mf
303 730 396 764 quam
433 717 538 760 laicis,
570 718 803 765 cuiuscumque
844 725 964 762 status,
993 729 1051 751 or-

302 768 404 807 dinis,
450 766 664 811 conditionis,
708 767 962 814 praeeminentiae
1003 767 1050 800 vel

302 816 462 862 dignitatis
507 817 689 857 existerent,
727 818 847 852 etiamsi
881 817 1049 863 pontificali

302 866 347 900 vel
393 865 544 912 imperiali
581 878 637 901 seu
672 867 766 912 regali
802 875 854 901 aut
895 878 1050 913 quacum-

300 927 360 962 que
388 915 446 949 alia
468 915 620 961 dignitate
644 916 811 962 fulgerent,
837 928 873 950 ac
897 916 1051 950 universi-

301 964 428 1005 tatibus,
456 965 735 999 communitatibus
761 974 790 1000 et
819 966 945 1012 populis
971 966 1052 1000 civi-

300 1023 408 1054 tatum,
431 1022 603 1049 castrorum
620 1024 650 1049 et
669 1015 800 1049 aliorum
821 1027 1051 1062 quorumcum-

298 1076 359 1110 que
401 1064 540 1098 locorum
577 1065 770 1111 ubicumque
810 1065 1049 1099 consistentium

297 1113 442 1148 similiter
471 1113 618 1155 inhibuit,
642 1126 680 1148 ne
696 1126 796 1161 perse
822 1114 865 1148 vel
881 1115 958 1148 alios
969 1114 1049 1149 (licta

298 1175 432 1209 regnum
468 1163 596 1198 Siciliae
618 1176 673 1198 seu
698 1173 811 1198 terram
836 1163 912 1198 citra
935 1163 1048 1198 Farum

297 1213 342 1247 vel
367 1212 512 1247 homines
534 1214 743 1248 consistentes
767 1212 845 1247 infra
866 1225 997 1260 regnum
1020 1221 1050 1247 et

296 1271 409 1296 terram
435 1261 605 1308 praedicta,
628 1263 694 1296 sive
716 1262 840 1308 aliquos
861 1274 899 1296 ex
927 1262 972 1296 eis
994 1275 1048 1296 seu

294 1319 415 1358 partem
441 1311 581 1358 ipsorum
607 1313 693 1357 regni
718 1311 765 1346 vel
788 1319 900 1351 terrae,
918 1320 968 1345 aut
992 1311 1049 1346 ali-

295 1373 356 1407 qua
382 1360 519 1407 ipsorum
544 1360 589 1394 vel
613 1361 741 1396 alterius
767 1361 951 1395 eorumdem
983 1360 1048 1395 loca

296 1412 494 1457 impugnare,
520 1410 692 1449 oss'emlere,
722 1410 899 1453 molestare,
923 1409 1049 1445 turbare

295 1460 341 1493 vel
373 1459 519 1494 invadere
556 1460 666 1507 quovis
694 1458 799 1500 modo,
834 1468 885 1494 aut
909 1460 1048 1499 iniurias,

293 1510 420 1553 damna,
439 1509 612 1554 violentias,
641 1509 765 1555 rapinas
789 1518 842 1543 aut
868 1509 1048 1555 depraeda—

294 1560 396 1593 tiones
424 1570 480 1593 seu
513 1559 611 1606 spolia
638 1559 686 1592 vel
719 1559 882 1600 incendia,
904 1559 968 1593 sive
991 1571 1048 1594 se-

294 1608 395 1643 cando
422 1608 470 1643 vel
498 1608 645 1643 metendo
668 1621 723 1643 seu
751 1608 967 1643 conculcando
995 1617 1048 1643 aut

294 1657 511 1692 comburendo
538 1669 662 1705 segetes
697 1659 895 1701 eorumdem,
922 1667 974 1693 aut
994 1660 1048 1692 vi-

295 1720 369 1742 neas
396 1720 450 1742 seu
474 1719 691 1756 quascumque
719 1707 897 1743 fructiferas
919 1708 1048 1743 arbores

295 1757 473 1797 incidemlo,
495 1770 551 1792 seu
575 1759 669 1792 etiam
688 1757 879 1793 devastando
895 1758 942 1791 vel
965 1770 1046 1805 quo-

290 1819 428 1854 cumque
456 1806 517 1841 alio
558 1808 652 1842 modo
688 1820 743 1841 seu
780 1807 1047 1842 damniticationis

291 1869 407 1902 genere
448 1856 650 1891 damnificare
691 1866 946 1903 praesumerent,
984 1857 1047 1890 sive

294 1914 451 1952 praestare
473 1917 570 1951 super
596 1907 633 1939 iis
661 1906 939 1952 praesumentibus
971 1905 1047 1952 ipsis

295 1966 349 2000 per
363 1966 396 1988 se
408 1954 454 1988 vel
468 1954 562 1988 alium
576 1967 631 1989 seu
646 1955 723 1989 alios
737 1955 853 1989 directe
871 1955 916 1988 vel
934 1954 1046 1989 indire-

294 2012 353 2042 cte,
368 2003 494 2050 publice
508 2004 552 2038 vel
566 2004 687 2038 occulte
701 2005 880 2043 consilium,
894 2005 1044 2038 auxilium

295 2054 339 2086 vel
356 2053 503 2092 favorem,
526 2054 606 2088 acin
624 2067 734 2088 omnes
756 2062 784 2087 et
805 2055 946 2100 singulos
967 2066 1046 2088 con-

295 2111 338 2136 tra
355 2102 570 2137 inhibitionem
581 2103 760 2138 huiusmodi
774 2104 877 2137 venire
888 2112 939 2138 aut
951 2111 1044 2138 atten-

293 2160 356 2185 tare
369 2164 424 2199 per
437 2165 470 2187 se
485 2152 532 2187 vel
547 2153 625 2187 alios
640 2161 888 2200 praesumentes,
905 2162 964 2187 tarn
987 2153 1046 2187 cle-

294 2201 375 2235 ricos
396 2213 490 2249 quam
507 2202 614 2242 laicos,
631 2203 764 2247 etiarnsi,
789 2211 821 2237 ut
841 2203 1043 2250 praedicitur,

294 2250 464 2297 pontificali
501 2260 554 2286 aut
581 2253 732 2300 imperiali
770 2253 833 2286 sive
869 2253 962 2298 regali
998 2255 1043 2287 vel

293 2301 402 2347 quavis
439 2301 590 2347 dignitate
633 2302 691 2336 alia
731 2302 974 2349 praefulgerent,
1006 2302 1044 2336 de

294 2351 422 2384 fratrum
445 2363 574 2386 suorum
599 2353 742 2391 consilio,
778 2362 900 2399 practer
928 2364 1044 2399 poenas

293 2408 321 2433 et
345 2402 517 2435 sententias
550 2401 757 2448 supradictas,
780 2403 1043 2436 excommunica—

295 2460 401 2493 tionis,
423 2463 516 2496 quam
539 2463 576 2485 eo
599 2451 666 2498 ipso
690 2451 898 2491 incurrerent,
920 2460 1044 2486 sentcn-

294 2500 366 2533 tiam
397 2500 625 2547 promulgavit’,
661 2501 865 2548 ipsorumque
892 2510 989 2535 terras
1012 2510 1042 2537 et

293 2549 450 2595 quaslibet
478 2551 707 2594 universitates,
743 2552 986 2585 communitates
1013 2559 1043 2585 et

294 2600 428 2646 populos
455 2611 490 2634 ac
512 2600 664 2644 civitates,
691 2610 790 2635 castra
812 2609 841 2635 et
870 2600 936 2635 loca
971 2613 1045 2635 con-

293 2657 338 2683 tra
366 2650 536 2696 praemissa
567 2650 612 2683 vel
643 2650 887 2697 praemissorum
915 2650 1042 2696 aliquod

1094 327 1282 354 attentantes
1291 320 1504 354 ecclesiastico
1518 319 1685 354 interdicto
1698 320 1843 364 subiecit,

1094 377 1123 402 et
1146 381 1200 403 eos
1222 381 1258 403 ac
1282 370 1422 416 ipsorum
1445 368 1587 414 singulos
1608 369 1758 404 omnibus
1785 370 1844 417 pri-

1095 419 1227 464 vilegiis,
1251 419 1467 464 indulgentiis,
1500 418 1706 462 libertatibus,
1735 419 1844 465 gratiis

1093 476 1122 502 ct
1146 468 1399 502 immunitatibus
1421 468 1555 503 realibus
1569 476 1600 502 et
1614 468 1844 516 personalibus,

1093 530 1173 564 quae
1195 518 1234 552 ab
1256 519 1366 553 eadem
1392 517 1531 553 Ecclesia
1555 518 1600 552 vel
1624 518 1756 565 imperio
1776 517 1844 553 Ro-

1094 579 1199 610 mano,
1224 567 1315 602 cuius
1342 568 1463 615 imperii
1489 567 1688 612 gubernatio,
1714 567 1846 602 admini-

1091 618 1200 651 stratio
1214 625 1244 651 et
1259 629 1334 653 cura
1355 624 1432 652 tunc
1448 617 1609 663 temporis,
1623 629 1695 652 cum
1713 618 1845 664 impera-

1092 667 1167 701 toris
1188 676 1307 701 careret
1330 667 1493 713 regimine,
1516 665 1553 700 ad
1581 666 1718 701 eundem
1753 679 1845 714 prae-

1092 716 1290 751 decessorem
1320 716 1469 751 loannem
1495 715 1636 764 plenarie
1651 716 1844 764 pertinebat;

1091 767 1251 801 concessis
1279 766 1412 811 eisdem,
1440 777 1498 801 nec
1520 778 1583 801 non
1611 766 1725 806 feudis,
1741 766 1843 808 bonis,

1092 816 1279 855 honoribus,
1302 815 1413 851 officiis
1431 824 1459 850 et
1480 815 1612 861 iuribus,
1636 828 1716 863 quae
1732 815 1771 851 ab
1787 816 1846 851 Ec-

1091 866 1186 900 clesia
1226 867 1291 914 ipsa
1318 866 1364 901 vel
1389 866 1521 912 imperio
1553 865 1721 913 praedictis
1755 865 1845 900 obti-

1092 915 1220 957 nebant,
1243 916 1282 951 de
1306 915 1537 963 praedictorum
1561 915 1690 951 fratrum
1713 915 1844 950 consilio

1090 966 1200 1001 eadem
1245 966 1431 1000 auctoritate
1470 965 1618 1012 privavit,
1658 977 1693 999 ac
1726 977 1780 1000 eos
1815 974 1845 1000 et

1092 1015 1158 1049 illas
1180 1023 1209 1049 et
1233 1015 1357 1060 similia,
1381 1015 1585 1062 ipsorumque
1606 1014 1687 1050 filios
1705 1023 1734 1049 et
1752 1027 1846 1063 nepo·

1092 1072 1137 1099 tes
1152 1065 1189 1099 ad
1207 1064 1366 1113 quaelibet
1381 1064 1592 1100 ecclesiastica
1609 1064 1774 1108 beneficia,
1796 1065 1846 1099 di-

1091 1115 1238 1160 gnitates,
1255 1123 1439 1161 personatus
1463 1122 1492 1149 et
1504 1113 1604 1149 officia
1620 1126 1690 1149 curn
1706 1126 1781 1149 cura
1798 1114 1844 1149 vel

1091 1164 1158 1198 sine
1177 1176 1263 1207 cura,
1285 1165 1469 1199 auctoritate
1491 1175 1766 1211 quorumcumque
1787 1163 1845 1198 ob-

1091 1213 1220 1248 tinenda
1249 1226 1348 1260 usque
1383 1214 1420 1248 ad
1450 1213 1572 1248 tertiam
1608 1214 1843 1259 generationem

1090 1262 1250 1297 exclusive
1273 1261 1409 1297 reddidit
1443 1262 1597 1297 inhabiles
1619 1270 1650 1297 et
1678 1262 1843 1309 indignos:

1090 1320 1120 1345 et
1146 1312 1284 1347 decrevit
1307 1312 1389 1346 idem
1414 1312 1638 1359 praedecessor
1660 1313 1844 1347 auctoritate

1091 1361 1263 1407 praedicta,
1279 1361 1364 1408 quod
1384 1373 1553 1408 processus
1569 1373 1645 1395 suus
1662 1360 1843 1396 huiusmodi

1090 1418 1118 1443 et
1143 1411 1172 1445 in
1214 1411 1282 1459 ipso
1320 1419 1467 1445 contenta
1502 1410 1681 1445 obtinerent
1718 1410 1843 1458 plenam

1091 1460 1150 1493 vim
1178 1460 1427 1504 constitutionis,
1454 1469 1483 1495 et
1506 1460 1713 1495 ordinationis
1728 1472 1844 1508 perpe—

1091 1517 1160 1544 tuae
1184 1510 1374 1545 firmitatem.

1138 1565 1158 1612 S
1179 1570 1210 1600 5.
1238 1566 1347 1613 Nuper
1374 1573 1477 1599 autem
1498 1564 1538 1599 ad
1561 1563 1755 1599 audientiam
1778 1577 1843 1600 no-

1089 1627 1183 1654 stram
1211 1620 1341 1654 molesta
1364 1619 1455 1654 nobis
1478 1618 1649 1654 multorum
1673 1619 1842 1655 insinuatio

1090 1673 1150 1708 fide
1176 1673 1271 1720 digna
1306 1674 1469 1721 perduxit,
1503 1673 1588 1721 quod
1626 1673 1699 1708 licet
1733 1673 1841 1709 dilecti

1089 1728 1140 1762 tilii
1166 1727 1345 1763 Commune
1372 1727 1506 1762 civitatis
1533 1727 1775 1763 Beneventanae
1801 1728 1841 1764 ad

1089 1794 1146 1816 nos
1160 1791 1189 1816 et
1204 1782 1301 1829 ipsam
1319 1781 1492 1817 Ecclesiam
1515 1781 1603 1816 nullo
1618 1781 1722 1817 medio
1741 1782 1840 1830 perti-

1090 1837 1193 1870 nentis
1211 1848 1227 1870 a
1251 1835 1410 1871 nonnullis
1428 1834 1589 1870 nobilibus
1606 1844 1636 1870 et
1659 1836 1841 1883 potentibus

1088 1902 1122 1924 ac
1147 1891 1216 1924 aliis
1239 1891 1349 1925 vicinis
1375 1902 1500 1930 eorum,
1534 1902 1673 1937 quorum
1701 1891 1840 1927 inhiabat

1087 1953 1116 1978 et
1141 1944 1239 1978 inliiat
1261 1944 1391 1979 illicitus
1412 1945 1585 1992 appetitus,
1608 1953 1637 1979 et
1658 1945 1713 1992 qui
1734 1945 1838 1981 eidem

1087 1998 1201 2032 civitati
1227 1998 1398 2033 admodum
1422 2007 1495 2033 sunt
1519 1998 1639 2039 infesti,
1663 1999 1760 2034 multa
1785 1999 1840 2034 du-

1086 2052 1161 2086 dum
1190 2053 1304 2087 suerint
1331 2053 1443 2088 damna
1476 2054 1579 2100 passi·,
1606 2065 1623 2088 a
1653 2055 1764 2101 paucis
1791 2063 1839 2089 ta—

1087 2118 1157 2140 men
1181 2106 1297 2154 elapsis
1318 2107 1514 2155 temporibus
1530 2119 1627 2154 regno
1648 2107 1787 2149 Siciliae,
1802 2120 1838 2143 ac

1087 2169 1165 2194 terra
1194 2161 1268 2196 citra
1297 2160 1425 2205 Farum,
1454 2161 1483 2195 in
1511 2173 1571 2208 qua
1601 2161 1729 2208 quidem
1757 2170 1837 2196 terra

1087 2215 1151 2262 ipsa
1178 2216 1287 2250 civitas
1308 2216 1366 2250 sita
1393 2224 1451 2259 est,
1478 2216 1620 2262 gravium
1652 2228 1837 2262 guerrarum

1084 2269 1249 2314 agitatione
1271 2269 1447 2310 commotis,
1470 2277 1500 2303 et
1517 2270 1713 2304 exsuscitatis
1728 2268 1759 2304 in
1774 2271 1838 2305 eis—

1084 2323 1155 2357 dem
1177 2335 1273 2369 reguo
1291 2331 1321 2357 et
1345 2332 1424 2357 terra
1448 2322 1628 2358 huiusmodi
1651 2336 1836 2370 guerrarum

1084 2378 1248 2412 occasione
1264 2377 1455 2418 turbinibus,
1477 2389 1628 2425 oppressa
1647 2377 1765 2412 iustitia
1782 2390 1838 2426 pa-

1083 2432 1321 2479 ceque-fugata,
1344 2440 1387 2466 tot
1414 2432 1497 2480 passi
1520 2441 1595 2467 sunt
1621 2441 1650 2466 et
1675 2433 1838 2481 patiuntur

1084 2487 1225 2531 iniurias,
1242 2486 1422 2535 opprobria,
1445 2487 1618 2529 violentias,
1643 2488 1836 2534 gravamina,

1085 2554 1246 2589 pressuras
1296 2550 1326 2575 et
1352 2541 1464 2576 damna
1479 2569 1487 2584 ,
1523 2554 1607 2577 nunc
1647 2542 1836 2578 animalibus

1083 2608 1191 2632 eorum
1214 2596 1357 2630 abductis
1378 2596 1408 2630 in
1437 2596 1597 2643 praedam,
1620 2608 1706 2632 nunc
1720 2597 1837 2644 segeti-

1084 2652 1141 2685 bus
1168 2660 1197 2685 et
1226 2651 1323 2685 vineis
1345 2662 1379 2685 ac
1406 2650 1578 2687 fructiferis
1605 2662 1713 2688 eorum
1740 2650 1836 2688 arbo-

1859 265 1907 291 Αθ.
1926 263 1953 290 C.
1975 264 2043 291 ¹355

1872 1572 1934 1593 vat-tu
1956 1574 2043 1599 exponit

1857 1602 1968 1625 tnnoceui.
1983 1604 2043 1624 dam-

1857 1640 1883 1654 na
1894 1634 1952 1654 ittam
1961 1635 2041 1655 ctribun

1857 1665 1972 1686 Beneveni.
2001 1672 2041 1686 ec-

1856 1698 1942 1717 casiuue
1971 1697 2041 1718 hello-

1857 1734 1900 1748 rum
1920 1731 1941 1748 et
1963 1732 2041 1755 poton-

1856 1762 1931 1779 tioruru
1948 1759 2037 1779 matitia:
