2274 3265
982 279 1078 304 tnnux
1100 281 1214 306 nutum
1751 279 1819 314 769

1092 338 1125 382 S

337 425 503 463 Sacrarum
527 440 628 463 rerum
657 431 883 468 administratio
901 434 938 469 ad
963 434 1056 470 laicos
1073 449 1133 471 non
1161 447 1290 485 spectat,
1317 441 1388 475 609
1415 454 1444 476 a.

336 476 448 511 Sancia
473 478 577 525 regina
600 478 739 516 Siciliae.
762 481 840 517 Eius
861 483 1011 529 elogium,
1035 488 1105 520 478
1127 499 1157 521 α.
1181 486 1294 523 loanna
1320 491 1424 535 regina
1447 492 1669 538 dispositiones
1691 495 1757 530 eius
1788 508 1865 531 con—

435 526 547 566 firmat,
573 529 648 562 ibid.
676 539 705 565 et
726 545 785 577 seq.
814 533 863 567 Ab
890 533 1068 581 Apostolica
1097 535 1180 570 Sede
1208 538 1394 580 validantur,
1422 543 1491 575 479
1519 555 1538 575 a
1560 550 1589 576 et
1610 556 1669 589 seq.

334 575 483 610 Sanctius
505 576 714 624 portugalliae
742 594 792 616 rex
814 595 830 617 a
849 582 1002 628 Gregorio
1031 583 1070 618 tx
1100 585 1161 620 ΡΙ).
1186 588 1324 622 monitus
1354 598 1385 623 ut
1413 590 1452 624 ab
1474 591 1757 628 ecclesiasticorum
1785 607 1863 641 gra—

434 626 608 660 vaminibus
630 629 795 672 abstineat,
823 634 869 666 29
891 633 919 666 b.

334 673 495 709 Saraceni.
524 675 642 711 Eorum
668 679 697 713 in
720 679 850 716 Terram
878 681 1024 717 Sanctam
1057 685 1195 729 saevitia,
1225 687 1269 719 12
1291 699 1320 721 a.
1338 689 1444 727 Arma,
1474 701 1566 725 nates
1598 700 1625 725 et
1651 692 1793 727 victualia
1822 694 1867 728 eis

431 724 609 760 deferentes
630 729 827 764 anathemate
849 732 1078 778 percutiuntur,
1109 736 1197 777 150,
1227 737 1296 769 152
1323 737 1351 775 b,
1380 737 1449 770 559
1476 740 1504 772 b.
1529 739 1576 773 Ad
1599 740 1800 776 christianam
1825 744 1860 776 a-

429 772 500 808 dem
523 778 663 811 conversi
692 787 721 813 et
746 780 857 815 iterum
886 781 922 814 ad
945 793 1054 816 eorum
1068 792 1182 817 sectam
1205 784 1371 820 redeuntes
1383 789 1708 831 excommunicantur,
1733 793 1795 825 541
1821 804 1849 826 α.

430 822 493 858 Illis
526 824 713 863 christianos
736 829 906 865 vendentes
929 843 1027 877 poena
1054 832 1261 868 anathematis
1295 835 1517 881 percelluntur,
1544 839 1613 873 720
1636 840 1663 872 b.

330 871 455 906 Sarcire
482 873 556 920 quid
580 875 631 915 sit,
659 879 730 911 558
751 880 779 912 b.
810 879 844 913 V.
865 888 970 914 notam
999 880 1037 915 ad
1060 881 1177 917 calcem
1205 883 1321 918 colum.
1345 884 1445 919 eiusd.

330 920 568 968 Salhinguerra‚
590 923 752 962 Ferrariae
780 936 943 975 tyrannus,
966 931 1037 965 202
1059 933 1086 964 b.

330 969 500 1006 Salvatoris
521 972 577 1016 (S.)
601 976 824 1012 canonicorum
853 978 1042 1024 regularium
1069 982 1268 1027 congregatio
1290 982 1421 1018 Ordinis
1448 984 1481 1018 S.
1511 985 1684 1032 Augustini
1717 989 1746 1022 in
1770 989 1865 1024 domo

428 1020 466 1055 de
486 1020 660 1059 Silvalacus
681 1024 798 1061 Senen.
827 1026 981 1062 dioecesis
1003 1029 1191 1073 instituitur,
1215 1032 1278 1066 651
1312 1033 1339 1066 b.

328 1068 471 1104 Sardinia
499 1079 528 1106 et
561 1070 689 1109 Corsica
721 1076 901 1122 Aragonum
935 1078 999 1123 regi
1034 1077 1146 1114 Iacobo
1180 1080 1247 1115 iure
1274 1080 1474 1117 beneficiario
1509 1084 1644 1120 traditur
1675 1086 1735 1121 sub
1761 1099 1863 1123 annua

428 1121 638 1166 praestatione
659 1126 768 1168 2,000
791 1126 987 1161 marcharum
1010 1129 1130 1174 argenti
1153 1128 1185 1163 S.
1210 1130 1284 1177 Ap,
1309 1133 1378 1166 155
1401 1133 1428 1166 b.

329 1166 502 1203 Saxonicae
524 1170 608 1217 leges
635 1174 799 1218 Speculum
825 1177 989 1210 Saxonum
1013 1187 1225 1225 nuncupatae,
1254 1181 1524 1227 propositionibus
1546 1186 1686 1219 erroneis
1707 1194 1862 1222 scatentes

426 1230 599 1266 earumque
620 1234 771 1269 sequaces
793 1224 993 1270 damnantur,
1017 1229 1088 1261 575
1110 1228 1137 1262 b.

327 1265 483 1302 Sebaldus
499 1268 559 1314 (B.)
575 1269 614 1304 de
629 1271 742 1306 Daciae
762 1286 869 1320 regum
888 1276 1033 1322 prosapia
1052 1277 1177 1322 genitus
1195 1286 1375 1313 sanctorum
1392 1281 1505 1315 canoni
1522 1281 1722 1327 adscribitur,
1740 1287 1808 1319 714
1825 1287 1853 1319 b.

327 1314 428 1350 Sedes
450 1316 644 1364 Apostolica.
676 1320 793 1356 Dantes
826 1323 942 1370 aliquid
978 1325 1022 1358 vel
1054 1327 1270 1371 promittentes
1297 1336 1350 1362 aut
1377 1329 1564 1376 recipientes
1598 1345 1654 1379 pro
1689 1333 1859 1369 obtinenda

424 1369 521 1412 gratia
539 1367 584 1402 vel
605 1370 718 1404 iustitia
734 1371 816 1417 apud
838 1372 953 1406 Sedem
976 1373 1204 1420 Apostolicam,
1232 1388 1290 1410 nec
1311 1389 1370 1411 non
1394 1378 1529 1413 scientes
1551 1389 1579 1414 et
1604 1394 1665 1415 non
1686 1383 1858 1418 revelantes

424 1418 751 1463 excommunicantur,
776 1422 844 1454 126
867 1423 894 1455 b.
917 1421 1243 1459 Excommunicantur
1264 1438 1374 1461 omnes
1393 1428 1445 1474 qui
1474 1429 1509 1462 ad
1533 1441 1601 1464 eam
1626 1432 1786 1467 venientes
1808 1433 1858 1467 vel

423 1463 461 1497 ab
483 1477 517 1499 ea
553 1467 737 1502 recedentes
759 1469 934 1514 offendunt,
959 1473 1029 1506 458
1051 1473 1079 1506 b.
1106 1473 1261 1509 Omnium
1291 1475 1429 1511 fidelium
1453 1486 1564 1522 mater,
1588 1481 1658 1514 325
1679 1482 1706 1515 b.

324 1510 458 1547 Senator
480 1513 586 1559 Urbis,
613 1516 733 1565 absque
755 1518 879 1554 licentia
902 1519 1026 1555 Summi
1055 1521 1230 1565 pontificis,
1254 1525 1382 1560 minime
1405 1526 1580 1573 eligendus,
1609 1531 1655 1563 44
1677 1543 1708 1565 α.

325 1559 494 1597 Servorum
517 1564 554 1599 B.
582 1565 698 1601 Mariae
725 1567 863 1613 Virginis
884 1568 971 1604 Ordo
998 1571 1213 1616 confirmatur,
1238 1576 1307 1608 176
1334 1576 1360 1608 b.
1384 1575 1596 1619 Reformatur‚
1624 1581 1695 1614 480
1717 1581 1744 1614 b.
1761 1580 1855 1615 Eius-

421 1612 491 1646 dem
516 1614 688 1660 privilegia,
707 1618 777 1651 582
800 1620 828 1651 b.
851 1617 1013 1654 Fratribus
1029 1620 1124 1656 huius
1145 1621 1275 1657 Ordinis
1297 1625 1484 1660 conceditur
1497 1626 1639 1662 Ecclesia
1662 1629 1696 1663 S.
1716 1629 1853 1664 Marcelli

424 1661 462 1695 «le
477 1660 574 1707 Urbe,
591 1665 660 1699 590
683 1667 710 1699 b.
727 1665 927 1703 Interdicitur
941 1669 986 1703 eis
998 1669 1129 1706 facultas
1143 1673 1312 1718 recipiendi
1329 1686 1384 1708 seu
1407 1675 1570 1711 obtinendi
1593 1677 1692 1712 officia
1713 1677 1855 1720 Ordinis,

421 1710 540 1757 absque
568 1714 682 1759 prioris
703 1716 855 1761 generalis
878 1717 999 1752 licentia
1019 1720 1167 1766 speciali,
1192 1724 1261 1756 627
1284 1736 1313 1757 a.
1342 1723 1444 1758 Tertia
1469 1726 1577 1772 regula
1598 1727 1692 1762 liuius
1710 1727 1850 1764 Ordinis.

427 1760 457 1792 V.
480 1759 577 1795 Tertii
604 1762 735 1799 Ordinis
762 1764 938 1802 Servorum
967 1776 1020 1803 etc.

318 1807 445 1843 Siciliae
474 1822 617 1856 regnum.
645 1812 752 1848 Innoc.
781 1814 822 1849 lV
862 1815 1059 1853 Fridericum
1089 1819 1308 1867 imperatorem
1337 1834 1432 1869 regno
1462 1823 1589 1860 Siciliae
1622 1826 1732 1874 privat,
1756 1829 1802 1863 55
1824 1830 1852 1863 b.

417 1858 501 1893 ldem
524 1872 655 1906 regnum
675 1875 690 1897 a
719 1863 865 1899 Conrado
882 1865 1033 1901 Friderici
1058 1868 1120 1903 filio
1144 1870 1311 1914 invaditur,
1333 1873 1408 1906 ibid.
1432 1872 1579 1909 Conrado
1603 1885 1739 1917 mortuo,
1763 1890 1851 1912 occu-

417 1916 467 1954 pat
490 1908 566 1944 illud
594 1910 787 1953 Manfredus,
814 1915 866 1962 qui
893 1919 1184 1953 excommunicatur
1205 1920 1243 1954 ab
1269 1921 1449 1957 Alexandro
1473 1922 1523 1963 lV,
1552 1925 1598 1959 56
1633 1938 1662 1960 a.
1697 1925 1852 1962 Conradi—

418 1970 477 1991 uus
498 1962 788 1997 excommunicatur
809 1976 936 2011 quoque
964 1975 993 2000 et
1021 1979 1117 2013 regno
1145 1969 1295 2015 privatur,
1329 1972 1403 2005 ibid.
1438 1972 1521 2014 Quid
1557 1973 1595 2008 ad
1637 1976 1853 2021 reprimendos

415 2006 541 2042 Siculos
568 2009 700 2045 rebelles
720 2020 824 2047 actum
850 2013 953 2054 fuerit,
986 2017 1059 2050 ibid.
1089 2016 1203 2053 Petrus
1235 2031 1287 2053 rex
1321 2019 1504 2066 Aragonum
1540 2022 1680 2058 Siciliam
1716 2025 1851 2066 invadit,

416 2058 460 2090 :3³8
483 2058 510 2090 b.
534 2057 837 2102 Anatltematizatur,
860 2064 907 2098 60
929 2077 957 2098 α.
982 2064 1092 2111 Regno
1120 2068 1268 2114 privatur,
1291 2070 1337 2104 65
1359 2082 1389 2103 α.
1423 2070 1520 2105 Siculi
1548 2072 1691 2117 rebelles,
1714 2074 1851 2110 civitates

413 2114 464 2139 etc.
492 2107 704 2144 ecclesiastico
722 2122 946 2159 supponuntur
962 2113 1137 2157 interdicto,
1159 2118 1234 2152 ibid.
1252 2118 1382 2166 lmperia
1400 2119 1514 2154 dantur
1532 2123 1730 2168 praesulibus
1756 2134 1851 2172 atque

416 2156 610 2201 proceribus,
628 2160 702 2193 ibid.
718 2162 745 2194 b.
762 2160 964 2197 provisiones
985 2173 1014 2197 et
1033 2166 1247 2201 ordinationes
1262 2176 1322 2202 tam
1336 2169 1440 2216 quoad
1456 2171 1630 2217 spiritualia
1645 2185 1738 2220 quam
1767 2182 1849 2210 tem-

414 2206 529 2250 poralia
558 2219 612 2253 pro
635 2207 717 2243 bono
741 2211 892 2256 regimine
915 2212 1009 2248 huius
1033 2216 1137 2261 regui,
1168 2218 1211 2250 70
1233 2229 1262 2251 a.
1282 2217 1457 2265 Insignium
1480 2221 1729 2256 sacerdotiorum
1753 2232 1846 2271 atque

413 2254 694 2292 ecclesiasticarum
718 2258 907 2306 dignitatum
930 2263 1065 2309 provisio
1089 2265 1118 2298 in
1143 2277 1181 2300 eo
1201 2265 1275 2300 Sedi
1291 2267 1494 2314 Apostolicae
1517 2279 1694 2305 reservatur
1715 2273 1752 2307 ad
1772 2281 1849 2308 tem-

414 2317 483 2349 pus,
497 2307 568 2340 467
584 2307 611 2340 b.
628 2306 706 2342 Eius
725 2311 914 2355 procuratio,
930 2324 1001 2358 rege
1017 2313 1149 2355 minore,
1164 2315 1200 2349 ad
1217 2316 1431 2362 Apostolicam
1447 2318 1562 2354 Sedem
1580 2329 1712 2367 spectat,
1730 2323 1802 2358 468
1818 2325 1846 2358 b.

313 2350 421 2386 Siculi.
445 2353 563 2389 Eorum
586 2355 714 2392 rebellio
741 2367 770 2393 et
797 2360 927 2404 scelera,
955 2363 1000 2396 56
1023 2364 1051 2397 b.
1079 2363 1179 2411 Ipsos,
1202 2365 1355 2407 civitates,
1378 2375 1429 2400 etc.
1453 2368 1665 2405 ecclesiastico
1693 2373 1846 2420 supponit

411 2403 577 2440 interdicto
603 2405 755 2442 Martinus
776 2407 818 2443 IV
846 2409 924 2451 PR,
953 2413 998 2446 65
1020 2425 1050 2446 a.

312 2449 451 2486 Silvestri
475 2453 532 2497 (S.)
559 2454 784 2492 Monasterium
809 2459 839 2493 in
862 2458 972 2507 Capite
994 2461 1032 2496 de
1059 2461 1142 2497 Urbe
1164 2464 1348 2499 conceditur
1375 2466 1534 2502 nonnullis
1553 2469 1611 2516 piis
1634 2469 1790 2513 foeminis,
1814 2481 1845 2507 ut

411 2502 485 2537 inibi
511 2504 614 2540 vivant
636 2507 812 2543 secundum
830 2507 982 2556 Regulam
1004 2510 1038 2546 S.
1061 2512 1183 2559 Clarae,
1206 2516 1252 2548 82
1274 2516 1302 2549 b.

310 2549 496 2597 Sipontinae
517 2554 650 2590 civitatis
673 2556 778 2592 infelix
804 2567 915 2604 statuS,
937 2562 1009 2595 655
1031 2563 1060 2595 b.
1088 2562 1165 2598 Eius
1187 2562 1327 2598 Ecclesia
1351 2577 1365 2598 a
1394 2565 1566 2601 Benedicto
1591 2568 1631 2603 lX
1665 2569 1693 2603 in
1718 2580 1843 2606 metrom

409 2602 579 2648 politanam
604 2614 725 2645 erecta,
758 2609 831 2642 ibid.
861 2608 940 2643 Eius
961 2611 1218 2659 archiepiscopus
1245 2612 1439 2660 Garganicus
1468 2629 1594 2663 quoque
1626 2619 1842 2665 appellandus7

409 2652 479 2685 654
501 2665 529 2686 α.

468 2706 540 2735 Bull.
559 2707 635 2738 Rom.
662 2709 713 2738 Vol.
731 2709 778 2739 IV.
958 2714 993 2742 97
