2274 3265
132 256 178 280 An.
197 254 225 279 G.
249 254 314 279 itoo

330 308 448 355 acquiri
491 308 646 352 volumus,
672 308 726 342 sed
750 307 914 354 antiquum
944 316 1083 342 tautum-

331 357 426 393 modo
448 358 637 392 conservari.

379 407 463 441 Nulli
484 420 559 452 ergo
582 407 711 441 omniuo
735 407 898 440 bominum
923 407 1013 440 liceat
1028 415 1081 440 etc.

381 457 495 491 Datum
538 456 657 491 Romae
696 456 778 502 apud
810 456 843 490 S.
878 455 1005 490 Petrum
1033 468 1083 489 se-

330 507 435 541 cundo
458 507 528 541 idus
547 507 636 546 iunii,
660 507 860 552 pontificatus
881 505 977 540 nostri
999 516 1082 539 anno

332 556 508 591 undecimo.

379 617 440 647 Dat.
459 618 506 647 die
525 618 560 647 12
582 618 655 647 iunii
676 619 759 654 troo,
777 617 878 657 pontif.
898 626 974 646 anno
997 626 1032 646 xi.

681 768 734 803 Xl.

332 852 533 896 Confirmatio
572 857 756 884 statutorum
793 858 819 883 et
852 851 1084 883 ordinationum

376 901 611 944 provinciarum
637 900 827 943 Campaniae
852 908 878 932 et
906 900 1085 932 Maritimae

377 961 433 994 per
450 950 647 994 Bonisacium
671 950 736 982 ΡΙ).
769 950 846 983 VIII
860 950 1009 982 editorum
1025 950 1082 991 (Ι).

600 1026 814 1056 SUMMAtuUM

331 1089 498 1119 Exordium.
517 1088 597 1116 —1.
621 1087 763 1116 Bonisaeii
788 1087 840 1116 ΡΙ).
857 1087 915 1116 Vlll
937 1088 1035 1118 literas
1055 1090 1083 1119 ιιι

372 1129 488 1158 rubrica
524 1128 658 1157 1ιιιιι1ιιῑιι5
688 1128 850 1156 ιοιιιιιιιιιιῑ
878 1144 917 1149 -
941 1128 968 1157 2.
997 1130 1082 1159 Anti-

372 1178 463 1212 quum
483 1167 627 1197 servando
651 1177 756 1196 noxum
777 1167 851 1196 nulli
872 1167 918 1197 ius
940 1168 1007 1197 binc
1027 1169 1085 1198 vult

372 1209 496 1252 acquiri.
515 1224 554 1229 —
575 1208 602 1236 3
623 1206 766 1236 Bonisaeii
790 1207 901 1236 literae.
929 1225 967 1229 —
995 1208 1084 1237 tiam-

372 1258 476 1287 paniae
508 1252 536 1276 et
568 1246 729 1276 Maritimae
762 1248 940 1276 encomium.
973 1265 1010 1269 —
1046 1248 1085 1278 De

372 1289 463 1317 forma
485 1287 673 1317 iudiciorum
700 1303 738 1308 ——
768 1286 804 1316 De
824 1287 1084 1325 appellationibus.

371 1345 410 1350 —
439 1327 564 1365 Pignora
589 1336 644 1355 non
670 1327 762 1355 danda
788 1327 823 1355 ιι1)
854 1327 1084 1364 appellantibus.

371 1386 407 1389 —
439 1367 478 1396 De
519 1367 654 1405 deposito
676 1366 937 1404 compositionum.
972 1383 1011 1388 —
1046 1367 1085 1397 De

372 1406 548 1436 custodibus
567 1405 823 1435 communitatum.
843 1422 882 1427 —
897 1405 935 1435 De
952 1408 1084 1436 custodia

373 1448 495 1476 viarum.
511 1463 549 1468 —
568 1445 606 1474 De
625 1445 825 1475 citationibus.
841 1462 879 1467 —
895 1446 1084 1484 Appellamus

371 1496 429 1516 non
460 1486 646 1515 molestandi.
677 1503 716 1507 —
744 1485 781 1514 De
805 1485 893 1515 variis
927 1495 1084 1516 causarum

372 1526 559 1555 moderandis
583 1526 730 1564 expensis.
747 1542 785 1546 —
807 1524 845 1554 De
865 1525 1031 1555 minoribus
1057 1527 1084 1555 ιιι

372 1566 573 1595 testimonium
607 1575 664 1594 non
688 1565 889 1595 admittendis.
915 1583 954 1587 —
982 1565 1087 1595 lnobe-

372 1607 486 1636 dientes
507 1606 576 1636 liuic
591 1605 794 1635 constitutioni
817 1606 1002 1635 anathemate
1023 1616 1086 1645 per-

372 1647 465 1677 cussi.

376 1714 531 1743 Bonifactus
550 1714 701 1750 episcopus.
721 1721 817 1743 servus
830 1720 971 1742 sorvorum
983 1713 1041 1746 Dei,

482 1765 516 1792 ad
548 1763 673 1793 futuram
703 1764 744 1792 rei
767 1763 935 1792 memoriam.

380 1827 566 1862 Humilibus
588 1836 618 1862 et
640 1827 782 1862 honestis
803 1827 986 1875 supplicum
1008 1827 1087 1862 votis

330 1886 361 1912 et
390 1878 572 1923 praesertim
596 1877 758 1911 Romanae
785 1877 947 1911 Ecclesiae
974 1876 1086 1911 subie-

331 1935 452 1961 ctorum
477 1927 611 1961 libenter
633 1927 816 1969 annuimus⁷
832 1926 968 1973 illisque,
983 1939 1085 1973 quan-

332 1985 396 2010 tum
421 1989 492 2010 cum
517 1976 584 2010 Deo
601 1988 781 2023 possumus,
799 1975 934 2011 savorem
957 1984 1086 2023 aposto·

331 2025 424 2060 licum
450 2027 660 2073 impartimur.

378 2076 398 2123 S
428 2078 457 2110 1.
487 2076 569 2110 Sane
601 2075 706 2109 literas
739 2075 927 2121 apostolicas
966 2075 1004 2109 se.
1042 2089 1083 2109 re.

330 2125 482 2160 Bonifacii
512 2125 573 2159 ΡΙ).
599 2125 669 2159 Vlll
699 2125 950 2172 praedecessoris
974 2126 1084 2169 nostri,

329 2175 557 2230 ordinationes„
580 2183 693 2209 statuta
709 2183 737 2209 et
752 2174 994 2208 constitutiones
1011 2187 1085 2220 pro-

330 2225 501 2258 vinciarum
532 2233 708 2258 nostrarum
733 2223 924 2270 Campaniae
959 2232 989 2258 et
1016 2224 1084 2258 Ma-

329 2274 451 2308 ritimae
468 2287 521 2321 per
535 2274 635 2320 ipsum
652 2273 924 2320 praedecessorem
942 2282 1083 2308 nostrum

328 2323 422 2363 edita,
448 2332 538 2371 prout
563 2336 591 2357 ιιι
617 2324 714 2358 literis
736 2324 916 2369 apostolicis
940 2323 1082 2358 eiusdem

329 2372 579 2419 praedecessoris
607 2373 695 2407 solita
731 2372 812 2406 bulla
842 2373 984 2416 munitis,
1006 2385 1084 2420 quas

328 2423 439 2470 inspici
474 2431 503 2457 et
531 2423 700 2456 examinari
742 2422 876 2456 serimus
914 2422 1084 2468 diligenter

327 2485 382 2520 per
404 2472 555 2507 dilectum
586 2472 684 2506 lilium
714 2480 856 2506 nostrum
885 2472 1083 2507 Ludovicum

326 2522 433 2557 Sancti
457 2521 588 2556 Adriani
613 2521 782 2556 diaconum
811 2522 1000 2556 cardinalem
1029 2535 1084 2568 pro

326 2571 429 2612 nobis,
451 2580 482 2606 et
502 2571 612 2606 eadem
638 2571 774 2606 Ecclesia
795 2571 824 2605 in
849 2571 941 2606 dictis
962 2572 1086 2619 provin-

360 2644 399 2679 (t)
415 2643 454 2669 Ex
476 2643 581 2678 Regest.
600 2642 684 2669 Vatic.

164 1890 284 1911 Exordium.

144 2134 246 2155 Bonifatii
275 2134 313 2154 PP.

132 2165 177 2186 vm
198 2166 271 2185 literas
295 2172 314 2185 ιιι

131 2198 213 2217 rubrica
241 2197 315 2217 lauda—

130 2232 162 2248 tas
178 2229 294 2248 confirmat.

934 252 1049 275 nonu-‘A
1055 252 1082 273 Ci
1090 252 1124 273 US

1757 239 1826 271 6⁶29

1123 306 1179 340 ciis
1195 307 1223 339 iu
1236 305 1453 352 spiritualibus
1469 313 1498 340 et
1513 306 1740 352 temporalibus
1750 318 1879 352 genera-

1125 356 1184 389 lem
1209 357 1271 399 (l),
1290 368 1487 402 (piarumque
1503 364 1644 390 tenorem
1662 355 1712 389 liic
1726 355 1764 390 de
1785 355 1877 389 verbo

1124 404 1160 438 ad
1198 404 1325 439 verbum
1356 405 1450 440 inseri
1487 404 1628 443 fecimus,
1664 404 1750 439 nullo
1773 404 1877 439 liabito

1126 454 1170 487 vel
1194 453 1364 496 diminuto,
1389 453 1473 501 quod
1498 454 1569 488 sacti
1593 453 1800 488 substantiam
1824 462 1877 488 aut

1126 503 1284 537 veritatem
1315 504 1471 543 immutet,
1498 503 1681 538 auctoritate
1705 503 1877 557 apostolica

1124 560 1154 586 et
1183 566 1220 587 ex
1251 560 1333 587 certa
1361 552 1505 596 scicntia,
1534 561 1640 587 tenore
1664 552 1876 598 praesentium

1124 602 1350 636 confirmamus
1373 610 1402 636 et
1425 602 1598 648 praesentis
1632 602 1738 649 scripti
1772 610 1878 648 patro-

1124 652 1206 686 cinio
1228 651 1476 686 communimus.

1173 702 1247 747 §2-
1273 700 1333 736 Per
1356 701 1415 736 hoc
1433 708 1538 735 autem
1564 700 1686 734 nullum
1712 701 1774 743 ius⁷
1802 700 1878 734 alias

1126 750 1374 797 provincialibus
1392 750 1546 784 dictarum
1567 749 1811 796 provinciarum,
1825 760 1877 784 aut

1126 799 1382 834 universitatibus
1419 800 1464 834 iel
1487 799 1701 845 singularibus
1736 799 1904 853 personis

1125 862 1179 884 seu
1200 849 1371 895 provinciis
1400 849 1476 896 ipsis
1502 848 1541 883 de
1568 861 1648 883 novo
1675 861 1795 895 acquiri
1825 860 1879 882 ιο-

1126 899 1241 939 Ιιιιιιιι5,
1256 899 1310 934 sed
1326 898 1492 946 antiquum
1518 897 1738 933 tautummodo
1756 910 1878 933 conser-

1127 961 1201 983 vari.

1174 998 1195 1044 5
1222 1000 1254 1032 5.
1291 997 1397 1033 Tenor
1425 1009 1496 1032 vero
1530 996 1684 1032 dictarum
1720 996 1878 1032 literarum

1125 1047 1286 1093 sequitur,
1310 1055 1339 1081 et
1362 1055 1409 1082 est
1436 1046 1525 1081 talis:

1177 1096 1360 1131 Bonisaeius
1395 1109 1458 1151 ep..
1486 1108 1596 1130 servus
1623 1108 1784 1130 servorum
1808 1095 1880 1139 Dei,

1126 1146 1162 1179 ad
1189 1154 1374 1192 perpetuam
1399 1146 1441 1180 rei
1464 1145 1662 1180 memoriam.
1674 1145 1879 1180 —Romana

1126 1195 1225 1229 Mater
1242 1195 1394 1234 Ecclesia,
1407 1207 1487 1241 quae
1503 1193 1677 1229 visceribus
1692 1194 1816 1240 pietatis
1829 1206 1884 1228 ex-

1128 1244 1286 1278 liuberaus
1300 1252 1330 1278 et
1343 1244 1424 1278 circa
1436 1251 1552 1279 statum
1566 1243 1699 1278 solerter
1715 1243 1883 1289 invigilans

1126 1293 1338 1347 subditorum,
1351 1305 1384 1327 se
1398 1293 1459 1327 illis
1471 1293 1500 1327 ιιι
1512 1293 1647 1327 savorem
1661 1293 1842 1326 munificam
1852 1301 1882 1326 et

1128 1343 1157 1375 ιιι
1174 1342 1281 1387 gratiis
1293 1342 1422 1376 exbibet
1437 1341 1609 1385 liberalem,
1621 1342 1778 1387 praeclara
1790 1341 1884 1375 Cam-

1128 1391 1248 1437 paniae,
1265 1391 1501 1438 Maritimaequc
1522 1390 1699 1437 provinciae
1714 1390 1823 1425 merita
1836 1403 1885 1425 so-

1128 1441 1220 1475 lerter
1249 1440 1414 1475 attendens
1437 1448 1467 1474 et
1495 1439 1605 1474 sedula
1629 1439 1883 1474 consideratione

1127 1489 1321 1530 discutiens,
1357 1490 1452 1536 digne
1485 1490 1565 1524 circa
1603 1489 1702 1534 ipsam
1738 1489 1885 1536 specialis

1127 1539 1193 1573 zelo
1216 1539 1396 1575 dilectionis
1418 1539 1563 1579 aflicitur,
1591 1537 1686 1584 digne
1709 1538 1791 1572 illam
1816 1551 1887 1585 pro-

1127 1589 1271 1635 sequitur
1299 1589 1407 1623 intima
1443 1588 1583 1632 caritate,
1605 1587 1739 1622 sinceris
1761 1587 1885 1634 ample-

1128 1639 1221 1672 ctitur
1238 1638 1386 1681 brachiis,
1409 1637 1446 1672 ad
1470 1645 1586 1672 statum
1607 1637 1677 1671 eius
1700 1637 1822 1672 felicem
1855 1645 1886 1671 et

1148 251 1176 272 tx
1203 251 1249 272 ΡΙ).

1130 1700 1317 1734 prosperum
1332 1687 1536 1733 vigilantibus
1548 1686 1662 1721 studiis
1678 1686 1883 1721 intendendo.

1128 1736 1212 1771 Haec
1235 1744 1282 1771 est
1303 1737 1387 1771 enirn
1411 1736 1583 1783 provincia,
1605 1748 1687 1783 quae
1710 1735 1809 1771 felicis
1828 1735 1885 1770 be-

1129 1786 1320 1821 nedictionis
1339 1794 1369 1820 et
1385 1786 1515 1832 gratiae,
1536 1785 1735 1832 gratitudinis
1754 1793 1786 1819 et
1807 1785 1886 1820 obe—

1128 1835 1265 1871 dientiae
1288 1835 1434 1883 producit
1450 1835 1608 1875 alumnos,
1623 1843 1652 1869 et
1669 1835 1698 1869 in
1723 1847 1784 1881 qua
1804 1847 1884 1870 sem-

1130 1897 1184 1931 per
1206 1898 1278 1932 erga
1301 1885 1477 1920 Ecclesiam
1493 1884 1707 1932 supradictam
1724 1884 1796 1919 fidei
1812 1897 1882 1919 con-

1127 1935 1240 1970 stantia
1256 1935 1366 1981 viguit,
1380 1934 1492 1970 claruit
1511 1934 1689 1970 devotionis
1709 1934 1882 1980 integritas,

1127 1984 1288 2031 splenduit
1311 1985 1502 2019 reverentiae
1525 1984 1699 2031 plenitudo.
1730 1983 1815 2018 Haec
1836 1993 1884 2019 est

1129 2033 1269 2081 profecto
1302 2033 1448 2069 columna
1481 2033 1661 2073 fidelitatis,
1699 2033 1870 2068 immobilis

1127 2095 1224 2130 super
1238 2084 1359 2118 firmam
1375 2090 1492 2130 petram
1517 2083 1588 2118 fidei
1605 2084 1793 2127 constituta,
1811 2096 1883 2130 quae

1128 2133 1245 2167 nullius
1269 2145 1406 2180 unquam
1435 2133 1560 2167 concuti
1585 2134 1688 2180 potuit
1710 2133 1884 2179 frangentis

1127 2182 1250 2217 fremitu
1275 2182 1481 2229 tempestatis.
1517 2182 1603 2217 Haec
1630 2191 1677 2217 est
1710 2183 1882 2228 provincia,

1126 2245 1206 2279 quae
1229 2244 1354 2280 semper
1377 2232 1477 2279 ipsius
1499 2231 1660 2267 Ecclesiae
1689 2231 1820 2266 viriliter
1854 2241 1883 2266 et

1127 2290 1307 2316 constanter
1331 2282 1360 2315 ιιι
1385 2281 1627 2316 necessitatibus
1649 2281 1747 2316 astitit
1771 2294 1880 2325 perso-

1128 2344 1236 2366 narum
1262 2331 1412 2377 pericula,
1434 2330 1547 2365 damna
1571 2343 1673 2365 rerum
1694 2340 1723 2366 et
1739 2330 1880 2365 laborum

1126 2393 1222 2416 onera
1251 2393 1312 2415 non
1341 2381 1479 2421 evitans,
1502 2380 1656 2427 cuiusque
1685 2388 1830 2427 prompto
1853 2389 1883 2415 et

1127 2432 1244 2478 patenti
1268 2430 1387 2464 auxilio
1410 2438 1508 2464 terras
1535 2429 1592 2464 sibi
1616 2430 1775 2465 subiectas
1804 2431 1882 2476 regit

1126 2480 1297 2527 dirigitque
1322 2480 1508 2526 provincias,
1533 2479 1670 2534 ipsarum
1707 2480 1883 2534 compescit

1126 2542 1287 2573 excessus,
1315 2543 1410 2564 ausus
1430 2529 1613 2564 temerarios
1638 2529 1791 2576 reprimit,
1819 2529 1884 2563 illi-

1162 2599 1200 2633 (1)
1219 2600 1296 2626 Deest
1313 2600 1421 2635 aliquid,
1440 2599 1530 2627 forsan
1555 2602 1822 2633 administratorem,
1842 2599 1882 2626 vel

1126 2639 1197 2667 aliud
1217 2640 1311 2667 simile.

1893 249 1944 275 Αιι.
1963 248 1992 273 C.
2010 246 2076 273 ΗιΟΟ

1909 711 2019 736 Antiquom
2037 714 2081 729 ser·

1895 743 1961 761 unuin
2003 746 2078 760 novum

1894 779 1919 792 nu
1910 773 1944 791 ulli
1972 779 2002 791 ius
2031 771 2078 790 tune

1895 803 1936 823 vuit
1954 809 2033 829 acquiri

1910 1993 2036 2019 Campaniae
2062 1997 2082 2012 et

1897 2023 2013 2044 Maritimae
2043 2029 2084 2043 en-

1875 2062 1883 2075 ι
1898 2056 1995 2076 contium.
