2274 3265
99 268 147 293 An.
166 268 193 293 C.
214 267 281 295 1307

99 621 191 671 (funs)
208 620 281 670 λ”ἕᾞζ
297 620 495 655 devotionem
518 620 675 660 eximiam,
688 631 781 666 qnam
809 620 916 654 ciuitas
944 619 1044 655 Peru-

132 659 175 702 “ie
199 668 253 702 111⁴
295 669 375 714 sina,
397 669 578 725 spectabilis
599 669 701 704 dictae
729 668 888 704 Ecclesiae
916 670 989 714 filia
1005 670 1043 705 ab

109 1271 194 1291 Studiun

108 1309 117 1321 a
156 1309 175 1321 ιιι
197 1307 221 1322 ea
237 1308 279 1321 ern

933 267 1077 291 ‹trualt-:Ns
1104 268 1122 289 V
1151 268 1196 289 ΡΙ).

298 321 386 366 titur,
409 320 563 357 ferventer
585 322 777 370 appetimus,
802 322 915 370 illaque
938 322 1045 358 effica-

297 372 387 407 cibus
421 371 533 407 studiis
568 380 595 407 et
634 373 787 420 promptis
820 372 972 419 operibus
1007 372 1045 406 li-

298 422 381 456 benti
399 422 502 456 animo
523 434 757 469 promovemus,
774 421 900 457 adhaec
916 434 1042 456 omnem

296 483 389 517 quam
429 484 596 519 possumus
625 484 716 519 opem
739 480 769 506 et
794 483 920 518 operam
949 471 1044 505 cxlii-

298 521 417 555 bentes.

345 570 424 617 gi

464 571 568 626 Quare
601 570 676 605 dum
705 569 777 604 fidei
811 569 975 616 puritatem
1014 578 1043 605 et

295 720 368 754 olim
409 719 446 754 ad
487 719 584 766 ipsam
609 719 783 754 Ecclesiam
820 719 964 755 babuisse
993 720 1043 755 di-

293 770 471 815 gnoscitur,
495 769 625 817 illasque
645 768 684 803 ad
709 781 765 804 nos
787 778 816 805 et
838 770 950 805 dictam
980 770 1043 805 Ec-

293 819 418 854 clesiam
453 819 636 860 cbtinuare
663 818 797 854 fideliter
823 818 862 854 de
891 820 972 855 bono
1012 820 1042 854 in

294 868 407 904 melius
421 867 582 904 studuisse
597 869 757 916 probatur,
769 869 846 904 intra
864 869 1041 916 praecordia

294 926 397 952 nostra
435 917 650 963 revoluimus,
678 918 807 964 dignum
842 918 991 954 duximus
1013 928 1043 955 et

294 967 439 1015 aequitati
467 979 641 1003 consonum
661 967 860 1012 arbitramur,
879 979 911 1004 ut
932 969 1041 1004 eivita-

295 1026 355 1052 tem
381 1016 537 1053 eamdem.
579 1029 672 1065 quam
703 1017 806 1052 divina
838 1019 933 1065 gratia
962 1019 1043 1053 mul-

293 1075 394 1101 tarum
419 1067 631 1114 praerogativa
651 1066 823 1102 bonitatum
839 1075 867 1102 et
885 1067 1044 1103 foecundi-

295 1125 354 1150 tate
378 1117 527 1151 virtutum
542 1118 684 1162 gratiose
699 1116 826 1161 dotavit,
839 1117 1041 1153 scientiarum

294 1166 387 1200 etiam
415 1166 603 1201 muneribus
630 1166 830 1213 ampliamus.

343 1215 363 1262 S
384 1219 416 1250 2.
440 1215 481 1250 Et
496 1223 540 1257 ut,
558 1215 677 1251 favente
690 1214 770 1259 Deo,
785 1228 821 1251 ex
842 1216 1040 1263 eivitateipsa

231 1277 280 1290 εν-
297 1265 509 1312 producantur
530 1265 584 1299 viri
611 1265 716 1304 docti,
746 1265 797 1312 qui
822 1266 851 1299 in
879 1265 954 1300 orbe
977 1275 1042 1301 ter-

296 1326 398 1349 rarum
416 1313 661 1362 velutsplendor
683 1315 820 1361 fulgeant
840 1314 1042 1359 firmamenti,

293 1372 322 1397 et
350 1372 506 1411 tamquam
534 1363 642 1398 stellae
666 1363 695 1397 in
715 1372 882 1411 perpetuas
904 1366 1042 1399 aeterni-

293 1421 369 1447 tates
391 1413 541 1454 mansuri,
563 1412 602 1448 ad
626 1414 772 1449 iustitiam
797 1414 917 1448 valeant
941 1415 1040 1461 pluri—

293 1474 360 1497 mos
382 1462 520 1503 erudire,
554 1463 724 1510 apostolica
761 1464 945 1499 auctoritate
978 1472 1041 1499 sta-

291 1511 420 1557 tuimus,
442 1513 523 1547 utin
544 1513 666 1548 civitate
696 1513 851 1560 praedicta
880 1514 918 1548 sit
951 1527 1043 1560 gene-

292 1561 353 1597 rale
375 1561 524 1597 Studium
539 1591 547 1603 ,
577 1562 719 1610 illudque
742 1563 856 1599 ibidem
881 1565 1042 1610 perpetuis

292 1611 404 1646 suturis
428 1612 622 1659 temporibus
651 1615 752 1659 vigeat
776 1614 805 1648 in
830 1613 968 1661 qualibet
998 1613 1041 1648 fa-

291 1661 415 1696 cultate.

340 1710 422 1746 Nulli
459 1724 534 1758 ergo
569 1712 700 1747 omnino
743 1713 908 1748 bominum
950 1712 1041 1749 liceat

292 1761 373 1796 lianc
385 1761 530 1808 paginam
552 1763 651 1797 nostri
666 1763 771 1797 statuti
792 1763 964 1807 insi-ingere
988 1771 1040 1798 etc.

341 1810 411 1846 Dat.
439 1811 602 1857 Zanctoni,
619 1824 650 1846 vi
671 1813 741 1847 idus
759 1812 926 1861 septemb„
954 1823 1039 1860 pont.

293 1869 391 1895 nostri
419 1873 502 1896 anno
531 1874 580 1896 111.

316 1922 376 1952 Dat.
394 1924 440 1953 die
457 1923 473 1953 8
489 1924 666 1963 septembris
686 1925 771 1961 1307,
788 1930 865 1964 pont.
885 1935 959 1955 anno
982 1935 1021 1956 ιιι.

628 2101 693 2136 Vll.

316 2183 516 2228 Confirmatio
541 2183 691 2217 electionis
717 2184 845 2217 Henrici
864 2185 896 2217 in
917 2195 1015 2228 regem

508 2237 716 2271 Romanorum
745 2240 805 2280 (l).

559 2316 770 2347 SUMMARIUM

292 2383 478 2413 Prooemium.
518 2401 557 2406 —
593 2385 619 2414 1.
650 2383 887 2415 NunciiHenriei
918 2386 980 2414 eius
1010 2386 1037 2414 in

330 2437 427 2466 regem
452 2428 535 2457 Rom.
557 2428 730 2458 electionem
750 2428 844 2468 Papae
863 2429 1037 2467 significant:

329 2489 367 2495 —
383 2473 510 2512 Eiusque
532 2474 651 2502 nomine
664 2473 815 2511 imperiale
834 2474 966 2503 diadema
988 2483 1037 2512 po-

331 2518 446 2547 stulant.
469 2535 507 2539 —
537 2517 563 2546 02.
594 2517 718 2547 Discutit
740 2527 805 2546 cum
835 2518 1036 2548 cardinalibus

329 2561 463 2592 Clemens
492 2572 527 2592 an
551 2563 678 2599 gerendo
701 2562 824 2600 imperio
848 2571 899 2601 par
917 2562 966 2591 ille
990 2564 1036 2593 sit.

328 2623 367 2628 —
388 2606 555 2646 perspectis
579 2607 659 2637 illius
680 2606 845 2644 virtutibus,
860 2616 957 2645 regern
981 2607 1035 2637 Ro-

325 2669 363 2705 (t)
380 2669 418 2696 Ex
439 2669 543 2705 Regest.
566 2669 648 2697 Vatic.

368 2713 440 2743 Ball.
458 2714 532 2743 Rom.
561 2714 612 2743 t'ol.
631 2714 677 2744 lt'.
881 2714 916 2745 ‘23

1715 260 1782 293 193

1127 331 1202 351 inan.
1222 323 1397 360 pronuntiat.
1417 340 1454 346 —
1472 323 1555 354 lubet
1573 324 1688 363 imperii
1707 324 1830 355 clientes

1126 366 1182 404 ipsi
1202 366 1413 405 obtemperare.
1431 386 1469 391 —
1487 368 1512 398 3.
1531 368 1715 408 tmperiatem
1746 369 1832 400 inun-

1126 411 1252 440 ctionem
1275 412 1309 440 ad
1340 411 1491 442 biennium
1512 413 1643 443 extrahit.
1669 431 1708 437 —
1728 414 1755 443 Δ..
1774 413 1831 444 Pa-

1126 459 1205 485 terna
1230 456 1263 485 ad
1284 454 1441 486 Henrieum
1461 458 1630 488 exhortatio.

1086 531 1206 561 Clemens
1225 531 1366 568 episeopus
1389 539 1484 561 servus
1509 541 1648 563 servorum
1671 535 1726 568 Dei.
1746 535 1832 564 caru-

1130 583 1196 611 simo
1215 583 1244 610 iu
1263 582 1370 611 Christo
1386 582 1441 611 filio
1454 582 1562 611 ilenrico
1582 584 1641 619 regi
1658 584 1833 613 Romanorum

1128 633 1245 666 illustri.
1266 631 1382 661 salutem
1411 633 1439 661 et
1474 632 1649 668 apostolicam
1667 634 1830 663 henedictio-

1130 690 1199 711 nem.

1134 756 1264 791 Divinae
1291 755 1468 802 Sapientiae
1493 755 1772 803 imperscrutabilis
1788 759 1832 794 al-

1086 806 1186 841 titudo
1202 835 1211 852 ,
1238 805 1381 853 exemplo
1415 806 1596 841 caelestium
1622 814 1743 842 terrena
1767 807 1832 843 dis-

1087 869 1226 902 ponens,
1249 856 1416 903 rigansque
1444 864 1567 890 montes
1593 856 1631 891 de
1658 857 1832 904 superiori-

1086 906 1143 942 bus
1159 907 1235 945 suis,
1249 914 1282 940 ut
1297 917 1425 940 suorum
1442 918 1573 951 operum
1590 905 1690 941 fructu
1706 906 1833 942 inferior

1086 956 1194 991 mundi
1219 955 1362 990 machina
1390 955 1555 990 salubriter
1571 955 1733 1003 dirigatur,
1752 957 1832 991 sicut

1085 1005 1113 1039 in
1130 1005 1326 1040 firmamento
1348 1004 1426 1039 coeli
1449 1004 1512 1039 duo
1535 1004 1696 1040 luminaria
1719 1017 1832 1053 magna

1084 1055 1259 1095 constituit,
1286 1062 1320 1089 ut
1353 1053 1461 1088 orbem
1486 1054 1604 1089 vicibus
1635 1055 1763 1090 alternis
1793 1056 1832 1090 il-

1085 1106 1240 1148 lustrent,
1268 1105 1312 1138 sic
1335 1103 1364 1137 in
1392 1104 1483 1139 terris
1509 1104 1590 1138 dona
1614 1105 1779 1152 praecipua
1802 1114 1832 1140 et

1084 1166 1240 1200 suprema,
1275 1152 1484 1187 sacerdotium
1513 1153 1657 1189 videlicet
1679 1162 1709 1190 et
1731 1155 1833 1202 inipe-

1085 1203 1191 1246 rium,
1218 1203 1255 1237 ad
1285 1202 1412 1249 plenum
1446 1202 1584 1248 regimen
1617 1212 1645 1237 et
1674 1203 1831 1250 guberna-

1086 1253 1202 1287 tionem
1223 1251 1432 1300 spiritualium
1449 1252 1746 1300 mundanorumque
1760 1266 1833 1288 con-

1083 1303 1240 1346 stituens⁷
1270 1302 1434 1348 utriusque
1472 1309 1655 1348 potestaten]
1696 1315 1831 1349 superna

1086 1352 1264 1399 provisione
1290 1351 1452 1390 discrevit;
1477 1360 1509 1385 ut
1544 1363 1651 1386 eorum
1692 1353 1833 1400 perutilis

1084 1402 1247 1436 ministerii
1268 1413 1399 1448 operosa
1428 1400 1593 1436 diversitas
1615 1401 1696 1436 nulla
1724 1401 1831 1437 adver·

1084 1452 1173 1486 sitate
1214 1451 1404 1485 dissentiens
1424 1478 1432 1494 ‚
1468 1458 1528 1485 tam
1577 1451 1606 1485 in
1647 1452 1832 1486 executione

1084 1501 1243 1536 commissi
1268 1500 1443 1557 regiminis
1462 1513 1555 1547 quam
1580 1501 1609 1535 in
1632 1502 1690 1536 toti
1714 1502 1830 1537 unitate

1084 1550 1267 1591 concordes,
1291 1551 1494 1596 ipsorumque
1517 1551 1624 1598 procul
1647 1550 1743 1586 dubio
1764 1553 1832 1586 uni-

1085 1601 1183 1635 versis
1212 1613 1267 1647 pro
1303 1600 1403 1634 futura
1443 1601 1620 1642 concordia
1654 1601 1832 1636 alterutrius

1085 1650 1157 1685 fulta
1187 1650 1361 1698 praesidiis,
1384 1662 1419 1684 ac.
1441 1650 1560 1685 mutuis
1588 1650 1743 1686 favoribus
1759 1651 1831 1685 utri-

1086 1713 1183 1747 usque
1221 1700 1372 1740 confota
1412 1699 1540 1735 liberius
1579 1700 1715 1736 iustitiae
1751 1713 1831 1748 opus

1084 1759 1238 1790 exerceat
1262 1762 1369 1797 pacem
1393 1750 1511 1784 mundo
1533 1752 1649 1806 pariat·
1678 1751 1830 1799 tranquil-

1084 1800 1198 1835 litatem
1228 1800 1366 1841 inducat,
1394 1808 1423 1834 et
1442 1800 1557 1834 nutriat
1584 1801 1753 1836 unitatem:
1769 1802 1830 1836 im-

1084 1852 1205 1897 perium
1230 1850 1357 1898 quidem
1385 1849 1422 1884 ad
1454 1850 1584 1885 salutem
1609 1850 1748 1886 fidelium
1777 1863 1829 1885 sa-

1083 1900 1231 1935 cerdotali
1268 1899 1449 1934 auctoritate
1482 1899 1628 1946 dirigitur
1661 1909 1690 1935 et
1731 1900 1829 1948 ipsius

1083 1955 1223 1989 adiutum
1244 1954 1419 2002 praesidiis,
1448 1954 1563 1989 sedatis
1586 1954 1742 1989 interdum
1762 1967 1829 2002 pro-

1084 2009 1208 2044 cellosis
1230 2008 1464 2043 imminentium
1490 2016 1711 2056 tempestatum
1735 2009 1829 2044 turbi-

1084 2062 1188 2107 nibus,
1216 2062 1420 2110 tranquillum
1445 2063 1584 2098 redditur
1610 2070 1640 2098 et
1661 2063 1827 2111 quietum:

1082 2117 1292 2152 sacerdotium
1326 2130 1399 2152 vero
1436 2118 1523 2164 pium
1551 2124 1580 2152 et
1612 2125 1712 2151 tutum
1736 2116 1829 2152 debet

1083 2171 1196 2207 babere
1225 2185 1385 2207 recursum
1405 2172 1440 2206 ad
1465 2171 1658 2219 imperialem
1687 2184 1829 2207 mansue-

1083 2226 1236 2271 tudinem,
1264 2226 1368 2261 debita
1395 2226 1453 2260 sibi
1478 2227 1676 2261 veneratione
1699 2226 1827 2260 coniun-

1082 2289 1174 2321 ctam,
1191 2291 1222 2316 nt
1242 2281 1365 2328 imperii
1390 2280 1508 2314 romani
1534 2280 1690 2326 fastigium
1714 2281 1827 2314 eteius

1081 2335 1208 2369 culmini
1235 2334 1428 2382 praesidens,
1457 2334 1601 2381 specialis
1630 2333 1769 2369 advocati
1797 2342 1827 2368 et

1081 2390 1255 2424 defensoris
1276 2389 1436 2436 praecipui
1455 2389 1537 2422 circa
1553 2387 1726 2423 Ecclesiam
1741 2395 1826 2434 gerat

1081 2443 1289 2484 all'ectiinnet
1318 2443 1346 2476 in
1371 2442 1468 2489 ipsius
1496 2441 1678 2476 fortitudine
1705 2440 1823 2476 brachii

1080 2499 1285 2533 defensentur
1300 2497 1528 2532 ecclesiasticae
1545 2497 1702 2532 libertates
1716 2503 1745 2530 et
1758 2497 1824 2531 iura

1080 2560 1341 2588 manuteneantur
1364 2552 1515 2598 ipsarum,
1533 2551 1727 2598 extirpentur
1749 2550 1826 2585 hae-

1080 2620 1175 2652 reses,
1190 2607 1291 2642 cultus
1308 2606 1495 2642 christianae
1512 2606 1582 2640 fidei
1597 2606 1775 2653 amplietur,
1795 2614 1824 2641 et

1079 2661 1214 2696 inimicis
1249 2662 1460 2696 consternatis
1486 2660 1626 2695 eiusdem
1643 2688 1650 2701 ,
1674 2660 1703 2695 in
1738 2661 1824 2708 pacis

1846 271 1894 298 An.
1913 271 1940 297 C.
1963 271 2027 298 ¹308

1869 765 1999 785 Piuoetnuut.
