2274 3265
230 273 410 300 Αη.1“,.1.“)18

234 388 364 408 (tristantium
377 389 410 407 dr-

229 422 318 443 rogatio.

240 1248 338 1269 Redditus
357 1251 410 1268 utri-

225 1287 264 1308 que
301 1281 411 1301 Ecclesiae

225 1316 325 1337 nsigntitt

474 260 545 292 270

474 325 494 368 ,ξ
522 327 553 359 5.
591 323 658 356 Non
691 320 889 356 obstantibus
915 319 1173 366 qnibnscunnpre

425 370 659 420 exemptionum
685 369 866 417 privilegiis,
888 381 967 415 quae
990 367 1028 402 de
1050 375 1173 401 caetero

424 424 470 458 eis
501 423 530 456 iu
560 422 617 456 liac
641 428 727 467 parte
754 419 901 454 nolumus
928 416 1107 462 suffragari,
1138 428 1173 449 ac

427 472 455 506 in
475 478 703 518 augumentum
727 469 860 503 aliorum
885 466 1076 506 reddituum,
1099 464 1173 509 qui-

426 520 502 564 bus,
536 528 570 554 ut
598 519 806 566 praemissum
830 524 893 556 est,
921 514 1081 549 abundare
1111 526 1173 547 no—

424 577 571 610 scuntur,
607 577 642 602 ut
675 580 784 602 earum
822 564 1000 613 praesules,
1034 563 1088 609 qui
1119 574 1174 608 pro

426 627 569 665 tempore
592 617 723 661 l'uerint,
758 627 882 650 servare
905 614 1026 648 valeant
1055 612 1175 664 episco-

426 667 504 714 palis
543 665 706 713 dignitatis
747 666 916 705 honorem,
959 668 1173 708 praesentium

424 717 611 751 auctoritate
630 715 844 756 decernimus,
874 721 905 746 ut
929 711 1067 757 ipsarum
1090 721 1175 755 prae-

425 766 528 809 sules,
551 765 603 812 qui
629 777 684 810 pro
712 772 854 809 tempore
878 761 1006 797 fuerint,
1029 758 1173 792 videlicet

425 815 566 850 Electen.
595 814 730 848 duorum
755 812 886 845 millium
903 809 1053 843 librarum
1068 807 1175 842 Turo-

425 877 498 898 nen.
535 875 713 910 parvorum,
729 860 835 896 Sancti
859 858 964 893 Pontii
987 857 1176 891 Tliomeria-

425 931 493 952 rum
524 929 613 959 vero,
639 916 732 950 cuius
754 913 896 948 Ecclesia
921 912 1021 957 magis
1044 911 1073 944 iu
1104 911 1177 945 red-

424 971 543 1005 ditibus
564 970 726 1004 abundare
749 966 959 1013 dignoscitur,
981 977 1076 1012 quam
1106 965 1177 999 Ec-

424 1025 518 1059 clesia
555 1023 719 1061 Electen.,
767 1021 854 1055 mille
892 1027 1112 1054 sexcentarum
1148 1028 1176 1054 et

425 1077 547 1123 triginta
570 1076 712 1123 quitique
733 1075 883 1109 librarum
904 1073 1007 1107 dictae
1031 1080 1177 1107 monetae

424 1142 580 1165 summam
603 1129 701 1164 annui
739 1137 768 1163 ct
804 1127 946 1175 perpetui
973 1126 1116 1159 redditus
1138 1125 1176 1160 dc

426 1184 516 1218 bonis
546 1192 576 1217 et
613 1183 707 1217 rebus
742 1193 869 1216 mensae
896 1179 1177 1226 archiepiscopalis

425 1237 621 1282 Narbonem,
649 1237 726 1284 ipsis
753 1235 905 1270 Ecclesiis
932 1234 1032 1279 magis
1051 1246 1177 1267 accom-

426 1291 529 1325 modis
550 1299 581 1325 ct
614 1291 723 1325 ricinis
752 1290 835 1324 iuxta
864 1300 1066 1323 communem
1095 1287 1177 1321 exti-

425 1345 593 1380 mationem
618 1345 774 1379 bonorum
805 1351 834 1377 ct
859 1355 963 1376 rerum
993 1341 1176 1375 huiusmodi

425 1399 646 1434 redditualium
676 1398 868 1437 faciendam,
911 1409 1005 1444 quam
1046 1395 1175 1442 quidem

423 1453 540 1488 eisdem
580 1453 736 1488 Ecclesiis
772 1465 807 1486 ac
842 1452 981 1498 ipsarum
1019 1450 1177 1496 episcopis

424 1520 484 1542 una
503 1519 574 1542 cuin
597 1506 666 1541 aliis
682 1507 784 1550 bonis,
807 1518 889 1553 quae
912 1515 1014 1545 antea7
1039 1513 1071 1538 ut
1086 1517 1177 1551 prae-

422 1560 558 1604 dicitur,
586 1560 773 1595 obtinebant
796 1569 825 1594 ct
859 1560 1003 1594 obtinent
1027 1560 1057 1593 in
1082 1558 1177 1593 rebus

423 1615 593 1660 unicuique
617 1615 754 1661 ipsarum
789 1614 888 1659 magis
910 1613 1126 1647 adiacentibus
1147 1620 1177 1646 et

423 1668 533 1703 vicinis
576 1668 659 1703 iuxta
697 1668 931 1701 distinctionem
966 1679 1021 1700 seu
1060 1666 1177 1700 limita-

423 1722 542 1756 tionem
571 1722 753 1756 dioecesum
779 1721 1011 1767 praedictarum
1031 1733 1085 1767 per
1102 1720 1179 1754 alias

423 1784 546 1812 nostras
575 1777 681 1811 literas
714 1776 889 1811 faciendam
925 1776 1088 1823 percipere
1120 1775 1178 1809 de-

425 1832 517 1866 beant
540 1839 569 1866 et
592 1831 718 1866 babere.
744 1830 830 1866 Haec
854 1830 947 1876 igitur
973 1837 1028 1863 etc.

474 1885 588 1920 Datum
613 1885 765 1920 Avenioni
794 1885 934 1919 secundo
964 1883 1023 1918 kal.
1060 1884 1177 1928 martii,

426 1939 626 1986 pontificatus
655 1940 752 1974 nostri
783 1952 865 1973 anno
889 1951 924 1972 11.

451 2001 512 2030 Dat.
533 2001 581 2030 die
596 2001 634 2030 28
650 2000 793 2030 februarii
813 2001 898 2036 1318,
917 2000 1018 2038 pontif.
1035 2009 1111 2029 anno
1129 2009 1157 2028 n.

770 2169 837 2204 XV.

431 2253 523 2293 Quod
555 2252 701 2296 hospitali
735 2258 761 2284 et
796 2251 938 2295 religioni
976 2251 1110 2283 militnm
1145 2252 1179 2284 S.

478 2302 605 2335 Ioannis
640 2301 928 2345 Hierosolymitani,
966 2301 1089 2333 habenti
1129 2312 1182 2332 an-

479 2352 565 2384 nalia
606 2351 817 2395 beneficiorum
853 2350 1029 2382 vocantium
1078 2361 1181 2382 accre—

477 2407 563 2434 scant
585 2401 713 2443 fructus,
732 2412 807 2444 qnos
826 2400 884 2432 itta
902 2399 1065 2432 obtinentes
1080 2405 1106 2431 et
1122 2410 1183 2430 non

480 2450 640 2482 residentes
665 2450 818 2493 percipere
837 2455 968 2493 possent.

703 2525 916 2556 SUMMAtnUM

437 2591 445 2618 1
473 2590 507 2619 ad
535 2591 564 2619 4.
587 2590 698 2619 Causae
733 2590 862 2619 edendae
894 2588 1123 2618 constitutionis
1146 2605 1185 2609 -—

473 2634 500 2663 5.
521 2633 639 2663 Sanctio
665 2634 709 2673 (de
728 2644 777 2673 qna
797 2635 822 2663 in
848 2634 982 2671 rubrica).

1002 263 1187 285 nt'tJAiittssn
1217 260 1376 282 ROMANUM

1213 319 1324 346 loannes
1348 316 1490 350 episcopus
1513 319 1608 342 servus
1627 318 1768 341 servorum
1791 311 1847 343 nei.
1880 312 1968 346 magt-

1259 364 1319 391 stro
1338 362 1366 389 ct
1386 359 1524 388 fratribus
1543 357 1689 392 hospitatis
1705 358 1730 384 S.
1751 355 1858 384 loannis
1876 355 1966 384 Hiero-

1260 405 1428 441 solymitani.

1264 472 1337 514 51.
1374 466 1519 501 Exhibita
1552 464 1643 498 nobis
1676 477 1712 498 ex
1748 472 1833 510 parte
1868 471 1965 498 vestra

1217 514 1324 564 petitio
1351 515 1543 558 continebat,
1569 513 1652 560 quod
1677 513 1798 547 dudum
1814 521 1968 559 postcon-

1215 567 1410 601 stitutionem
1441 577 1496 611 per
1524 576 1581 598 nos
1604 563 1730 602 editam,
1759 574 1819 608 qua
1842 562 1966 608 specia-

1217 616 1286 650 liter
1307 623 1337 649 et
1364 626 1511 660 expresse
1534 621 1677 651 cavetur,
1705 611 1788 658 quod
1816 611 1968 645 habentes

1216 664 1336 698 annalia
1372 664 1401 697 in
1436 662 1606 704 Ecclesiis,
1642 661 1680 695 de
1719 660 1968 702 consuetudine,

1218 713 1379 760 privilegio
1403 711 1450 746 vel
1473 718 1608 754 statuto,
1642 710 1694 756 qui
1720 710 1840 744 ratione
1867 709 1969 744 dicto-

1218 775 1284 796 rum
1308 761 1467 795 anualium
1492 761 1613 794 fructus
1637 759 1728 806 primi
1761 759 1807 792 rel
1835 757 1968 793 secundi

1219 811 1263 845 rel
1293 810 1422 844 alterius
1448 810 1678 855 cuiuscumque
1705 808 1867 854 sequentis
1894 820 1967 842 anni

1219 860 1405 894 beneficium
1430 861 1475 901 (t)
1501 859 1675 892 vacantium
1692 857 1744 891 ubi
1770 857 1922 892 hactenus
1939 858 1968 890 in

1218 917 1316 942 totum
1341 907 1598 950 vendicaverant,
1634 906 1711 940 nihil
1745 906 1860 941 exinde
1891 906 1969 940 ultra

1218 970 1395 995 summam,
1425 969 1480 1002 pro
1508 969 1568 1003 qua
1591 955 1844 1002 unumquodque
1872 955 1972 990 bene-

1219 1007 1361 1041 ficiorum
1400 1006 1537 1051 ipsorum
1572 1005 1736 1039 consuevit
1764 1005 1794 1038 in
1832 1004 1972 1039 decimae

1219 1056 1378 1090 solutione
1407 1055 1522 1097 taxari,
1553 1061 1713 1100 praetextu
1737 1053 1877 1088 cuiusvis
1906 1054 1972 1100 pri-

1221 1105 1334 1150 vilegii,
1369 1103 1608 1139 consuetudinis
1643 1103 1687 1136 rel
1715 1103 1837 1141 statuti,
1860 1103 1973 1148 quovis

1220 1154 1314 1188 niodo
1354 1153 1564 1200 perciperent,
1606 1151 1661 1186 sed
1699 1150 1795 1197 ipsius
1830 1163 1973 1186 summac

1220 1204 1423 1249 perceptione
1451 1202 1614 1236 dumtaxat
1642 1200 1794 1234 deberent
1816 1212 1884 1235 esse
1901 1212 1973 1235 con-

1220 1253 1315 1294 tenti,
1343 1252 1428 1286 totali
1466 1250 1592 1285 residuo
1615 1249 1772 1296 praedicta
1796 1249 1974 1283 obtinenti—

1220 1302 1279 1335 bus
1303 1301 1453 1335 benelicia
1482 1311 1679 1339 remansuro,
1704 1300 1761 1333 nisi
1791 1299 1895 1333 forsan
1917 1298 1971 1337 itti,

1218 1351 1269 1397 qui
1299 1350 1421 1384 fructus
1450 1349 1519 1383 illos
1546 1348 1627 1383 soliti
1662 1356 1769 1383 essent
1795 1361 1868 1382 cum
1893 1349 1972 1382 inte*

1219 1400 1330 1445 gritate
1360 1399 1536 1446 percipere,
1562 1397 1690 1431 mallent
1722 1398 1826 1444 ipsum
1856 1396 1973 1431 habere

1220 1448 1405 1488 residuum,
1438 1456 1466 1481 et
1496 1446 1714 1481 obtinentibus
1742 1446 1895 1482 beneficia
1923 1446 1973 1480 di-

1220 1498 1342 1531 mittere
1366 1509 1522 1531 summam
1559 1504 1782 1535 memoratam,
1810 1508 1874 1542 quo
1897 1508 1970 1530 casu

1220 1547 1429 1593 percipiendi,
1457 1544 1540 1592 quod
1565 1545 1706 1585 mallent,
1729 1553 1794 1579 erat
1818 1546 1865 1579 eis
1886 1545 1973 1591 optio

1219 1596 1379 1630 derelicta.

1268 1648 1288 1691 ᾗ
1326 1648 1359 1678 9..
1404 1644 1571 1686 Quandam
1608 1643 1699 1677 aliam
1735 1642 1972 1678 declarator-iam

1219 1695 1476 1728 constitutionem
1498 1693 1641 1733 fecimus,
1667 1693 1697 1726 in
1716 1705 1777 1739 qua
1794 1692 1974 1739 specialiter

1219 1743 1398 1787 cavebatur,
1423 1743 1508 1790 quod
1531 1743 1556 1777 si
1579 1742 1760 1777 huiusmodi
1785 1741 1972 1776 beneficium

1220 1792 1410 1833 obtinentes,
1435 1794 1465 1826 in
1494 1792 1633 1826 Ecclesia
1658 1792 1688 1826 in
1715 1803 1777 1838 qua
1796 1791 1974 1838 specialiter

1221 1841 1297 1876 illud
1321 1842 1511 1877 beneficium
1539 1842 1703 1881 existeret,
1726 1841 1857 1874 minime
1888 1841 1974 1876 resi-

1220 1891 1343 1932 derent,
1366 1892 1404 1926 ad
1428 1891 1571 1925 debitum
1600 1890 1761 1924 servitium
1786 1890 1974 1936 impenden-

1221 1940 1309 1984 dum,
1332 1941 1468 1988 capitulo
1491 1939 1634 1974 eiusdem
1659 1939 1817 1975 Ecclesiae
1845 1938 1975 1974 deberet

1221 2002 1420 2034 accrescere,
1455 2002 1526 2023 cnm
1554 1998 1698 2024 cessante
1725 2001 1817 2023 causa
1852 2001 1975 2024 cessare

1222 2038 1334 2073 debeat
1363 2039 1488 2085 pariter,
1517 2038 1601 2085 quod
1631 2038 1764 2084 vigebat.

1271 2089 1290 2135 ἓ
1314 2091 1345 2122 5.
1374 2088 1532 2135 Quodque
1554 2100 1591 2122 ex
1622 2087 1724 2122 verbis
1757 2087 1976 2122 declarationis

1223 2138 1318 2172 liuius
1340 2139 1416 2172 satis
1440 2137 1529 2171 innui
1558 2136 1725 2177 videbatis,
1748 2137 1831 2183 quod
1855 2137 1976 2172 fructus

1223 2187 1450 2221 beneficiorum
1476 2199 1537 2221 non
1562 2186 1766 2221 residentium
1797 2198 1976 2221 accrescere

1223 2236 1358 2270 debeant
1382 2235 1569 2270 habentibus
1597 2235 1718 2269 annalia
1742 2244 1925 2270 memorata.

1272 2287 1291 2329 ,ξ
1318 2289 1350 2319 4.
1376 2284 1491 2320 Verum
1520 2298 1555 2319 ex
1584 2297 1622 2319 eo
1656 2285 1741 2331 quod
1770 2285 1799 2319 in
1829 2285 1976 2320 declara-

1225 2335 1306 2368 tione
1343 2334 1424 2369 dicta
1459 2347 1521 2368 non
1559 2334 1739 2368 continetur
1766 2346 1914 2381 expresse
1937 2333 1976 2368 de

1225 2384 1426 2429 perceptione
1462 2383 1621 2418 annalium
1659 2383 1883 2418 beneficiorum
1917 2395 1976 2417 ra—

1224 2433 1362 2467 cantinm
1400 2432 1486 2467 vobis
1523 2433 1715 2473 debitorum,
1743 2433 1782 2467 de
1808 2432 1977 2479 praedictis

1225 2481 1463 2522 consuetudine,
1488 2482 1651 2529 privilegio
1666 2482 1711 2517 vel
1734 2489 1870 2522 statuto,
1892 2494 1976 2529 quo-

1225 2531 1262 2565 ad
1299 2531 1419 2566 fructus
1447 2544 1508 2566 non
1538 2531 1743 2566 residentium
1775 2531 1804 2565 in
1839 2531 1976 2569 eisdem.

1225 2581 1276 2627 qui
1301 2581 1388 2615 vobis
1410 2593 1590 2616 accrescere
1609 2581 1743 2621 debent,
1767 2580 1889 2615 nullum
1914 2580 1976 2615 ad—

1261 2638 1298 2672 (t)
1321 2638 1418 2665 Forsan
1437 2639 1632 2672 beneficiorum.

1984 254 2034 280 Λη.
2053 255 2082 280 C.
2099 253 2166 280 1518

1996 484 2075 504 Causae
2101 485 2168 504 eden-

1983 516 2020 535 dae
2032 519 2169 536 constitutin—

1984 555 2022 569 ΠΙΕ.
