2274 3265
218 270 267 294 An.
290 269 318 293 (Σ.
336 264 400 293 trieri

232 1459 316 1479 numum
333 1461 401 1485 aptam

220 1491 244 1510 ad
276 1490 314 1509 hoe
343 1489 402 1514 eligit

221 1527 265 1541 tum
282 1521 344 1540 rebus
361 1526 403 1539 orn-

220 1552 280 1571 nibus
300 1553 402 1577 opportu-

220 1590 259 1603 nl?⁴

235 1999 295 2021 Ducis
311 1999 403 2020 Braban-

222 2033 263 2051 tiae
307 2031 403 2057 petitioni

222 2063 290 2082 addita
304 2061 405 2082 nonnulla

222 2094 246 2113 eie
263 2094 352 2113 rectoris
366 2098 405 2113 au-

223 2125 323 2144 rtoritate
383 2127 404 2144 et

222 2155 363 2175 srixoiarium:

464 256 532 286 'let

413 334 474 367 quc
496 320 634 354 studium
650 327 756 365 aptum
778 318 948 365 plurimum
964 325 994 352 et
1012 317 1160 351 idoneum

413 370 548 404 existere
571 368 762 414 perhibetur.

462 424 476 462 ς
503 421 535 453 2.
552 418 751 464 Quapropter
774 416 831 463 ipsi
855 416 931 460 dux,
955 417 1161 462 praepositus,

413 468 564 511 decanus,
592 466 812 506 scholasticus,
843 466 1027 512 capitulum,
1055 465 1163 510 burgi-

415 517 564 564 magistri,
591 516 707 551 scabini
736 525 765 550 et
787 516 995 550 comnnmitas
1016 514 1162 549 conside-

415 578 517 602 rantes
544 567 697 601 attentius
723 565 820 613 quod,
844 566 924 599 inter
958 572 1078 599 caetera
1102 563 1163 596 vir-

415 625 516 652 tutum
537 628 644 663 opera,
666 628 744 662 quae
765 624 922 661 tamquam
938 622 1064 660 accepta
1081 625 1163 647 sum-

415 679 466 701 mo
493 678 595 701 rerum
620 665 748 700 Auctori
786 664 959 703 sacrificia,
994 676 1073 710 quae
1110 674 1164 709 per

414 728 526 751 manus
551 715 726 750 offeruntur
757 714 923 753 humanas,
957 713 1006 747 illa
1041 712 1163 746 divinae

414 765 567 800 Maiestati
591 774 676 811 grata
706 764 874 810 plurimum
902 762 1079 796 nullatenus
1101 774 1164 794 am-

414 816 566 862 biguntur
587 842 595 857 ,
631 827 686 861 per
727 826 807 860 quae
844 812 882 846 ad
924 810 1162 858 suscipiendum

413 863 572 911 singulare
589 864 736 898 virtutum
753 862 894 896 diadema
911 861 983 903 illis,
998 861 1049 907 qui
1065 859 1165 893 scien-

414 916 525 948 tiarum
550 913 730 947 earumdem
766 912 875 945 sitiunt
896 910 1057 956 acquirere
1080 921 1164 944 mar-

413 965 558 1010 garitam,
579 961 766 1008 opportunis
782 959 929 995 remediis
946 968 975 994 et
997 957 1164 993 auxiliari-

414 1013 473 1047 bus
507 1011 682 1046 commodis
719 1009 935 1044 subventionis
974 1007 1163 1055 praesidinm

414 1061 580 1096 efficaciter
603 1060 790 1106 impertitur,
817 1057 964 1105 generale
991 1057 1163 1091 litterarum

414 1110 564 1145 Studium
595 1111 623 1144 in
647 1109 757 1144 eodem
786 1107 902 1155 oppido
924 1106 1062 1142 ordinari
1086 1106 1166 1141 desi·

414 1161 535 1199 derant,
558 1166 590 1193 ut
607 1158 681 1193 inibi
705 1157 890 1205 disciplinae
922 1165 1015 1203 atque
1038 1156 1165 1202 sapien-

415 1211 472 1244 tiae
501 1222 534 1243 se
570 1208 684 1243 studiis
710 1215 916 1247 exercentes,
945 1206 1004 1240 sibi
1040 1215 1069 1240 et
1100 1205 1166 1240 aliis

415 1259 561 1294 meliores
595 1257 675 1292 effici
715 1256 853 1296 valeant,
877 1264 906 1290 et
930 1256 1065 1303 partium
1098 1254 1166 1289 illa-

415 1322 482 1343 rum
500 1307 725 1356 prosperitatis,
740 1314 868 1341 auctore
884 1305 1032 1349 Domino,
1044 1304 1167 1339 facilius

415 1359 644 1392 incrementum
668 1364 828 1403 sequatur.

463 1411 478 1450 ἓ
502 1411 533 1441 5.
558 1406 595 1440 Et
619 1405 824 1440 nibilominus
841 1404 904 1438 dux
922 1404 989 1451 ipse
1010 1415 1073 1437 una
1093 1416 1165 1437 cum

417 1456 688 1502 burgimagistris,
721 1453 856 1488 scabinis
880 1461 911 1488 et
942 1452 1168 1487 communitate

418 1505 624 1548 huiusmodi,
653 1504 765 1538 domos
787 1511 874 1550 aptas
896 1511 925 1537 et
955 1502 1022 1536 loca
1044 1514 1168 1536 conve-

418 1555 534 1590 nientia
558 1554 620 1588 illic
641 1566 712 1588 curn
739 1552 879 1588 scamnis
901 1560 932 1587 et
953 1551 1023 1586 aliis
1051 1563 1167 1586 neces—

417 1605 506 1639 sariis
538 1603 672 1638 officinis
696 1615 751 1650 pro
777 1602 954 1648 magistris,
984 1600 1168 1635 doctoribus

416 1661 446 1688 et
474 1652 682 1692 scholaribus,
705 1664 740 1686 ac
764 1651 833 1686 aliis
855 1663 911 1698 pro
946 1658 1087 1696 tempore
1116 1650 1168 1684 le-

416 1702 586 1749 gentibus,
626 1700 837 1741 docentibus,
876 1699 1110 1746 disputantibus
1139 1708 1168 1733 et

416 1751 617 1786 audientibus
655 1751 818 1797 disputare
839 1777 846 1789 ,
888 1760 1011 1783 necnon
1049 1748 1166 1783 eisdem

416 1801 572 1847 magistris
594 1808 624 1834 et
646 1798 829 1834 doctoribus
855 1798 1034 1844 legentibus
1062 1797 1100 1832 de
1123 1811 1169 1833 sa-

417 1850 494 1884 lario
527 1849 718 1897 competenti
742 1848 834 1883 annis
855 1847 990 1894 singulis
1024 1847 1071 1881 vel
1093 1847 1169 1882 alias

417 1899 456 1934 de
484 1899 645 1934 beneficiis
666 1897 887 1933 ecelesiasticis
915 1896 1088 1943 providere.

466 1949 486 1996 S
512 1952 544 1983 4.
568 1948 699 1983 Necnon
728 1947 812 1995 quod
838 1955 939 1982 rector
959 1946 1169 1982 universitatis

417 1998 521 2033 Studii
554 1997 735 2033 huiusmodi
772 2010 828 2044 pro
864 2005 1004 2043 tempore
1031 1996 1170 2031 existens

418 2061 513 2096 super
527 2048 631 2083 omnia
645 2047 782 2083 membra
793 2046 1013 2082 Universitatis
1028 2047 1168 2082 eiusdem

419 2111 448 2138 et
484 2103 608 2138 illorum
644 2103 810 2137 servitores
843 2110 903 2135 tam
947 2101 976 2135 in
1013 2101 1169 2146 civilibus,

419 2170 512 2205 quam
537 2159 566 2192 in
589 2156 803 2193 criminalibus
818 2165 848 2191 et
875 2156 944 2190 aliis
974 2155 1170 2202 quibuslibet

419 2212 535 2253 causis,
558 2212 690 2259 negotiis
712 2219 741 2245 et
769 2210 962 2249 excessibus,
985 2210 1054 2244 sine
1069 2211 1171 2257 impe-

420 2266 568 2300 dimentis
589 2266 764 2313 quibusvis,
793 2264 1055 2307 iurisdictionem,
1079 2277 1170 2299 coer-

419 2321 565 2355 citionem
604 2328 633 2353 et
667 2319 922 2354 emendationem
957 2318 1049 2353 dictis
1085 2320 1170 2357 duci,

421 2375 611 2422 praeposito,
634 2375 765 2413 decano,
793 2373 992 2413 setiotasuco,
1020 2374 1171 2421 capitulo,

422 2429 697 2475 burgimagistris.
732 2428 869 2463 scabinis
896 2436 926 2462 et
953 2429 1170 2463 communitati

423 2484 631 2518 communiter
654 2484 699 2517 vel
723 2483 844 2518 divisim
869 2483 899 2516 in
920 2482 1030 2517 eodem
1055 2483 1172 2529 oppido

423 2537 659 2585 quomodolibet
672 2546 885 2585 competentes
899 2549 1043 2571 exercere
1064 2537 1172 2581 valeat,

425 2592 609 2636 concedere,
625 2600 654 2627 et
677 2592 938 2632 iurisdictionem,
951 2591 1171 2626 coercitionem

986 263 1022 284 Bn
1029 263 1085 283 Lm
1092 263 1108 283 tt
1116 263 1121 283 Ι
1129 263 1171 283 t'M

1202 260 1359 283 {umanum

1203 315 1349 350 abdicare
1372 322 1401 347 et
1434 315 1462 347 iu
1502 321 1653 348 rectorem
1683 313 1787 359 ipsum
1816 313 1951 359 plenario

1205 363 1394 402 transferre,
1429 363 1562 408 singulis
1595 374 1723 408 quoque
1757 362 1952 402 doctoribus,

1206 413 1360 459 magistris
1391 422 1421 447 et
1443 411 1640 446 scholaribus
1663 423 1753 446 causa
1782 411 1878 445 studii
1915 414 1951 446 ad

1204 463 1323 498 dictum
1347 462 1497 508 oppidum
1517 461 1740 496 accedentibus
1769 461 1812 495 vel
1840 460 1879 495 de
1903 461 1954 494 illo

1204 511 1431 547 excedentibus
1468 524 1523 558 pro
1559 519 1701 558 ternpore
1737 522 1955 557 quaecumque

1204 575 1258 596 sua
1288 574 1336 596 res
1358 570 1388 595 et
1411 561 1489 595 bona
1514 573 1620 595 secum
1649 559 1841 606 asportandi,
1869 569 1897 594 et
1920 574 1953 594 ea

1207 624 1262 657 pro
1284 624 1360 646 suae
1384 610 1552 645 voluntatis
1575 609 1661 644 libito
1676 609 1876 656 deportandi,
1891 609 1955 643 sive

1206 661 1320 696 ibidem
1350 659 1521 703 vendendi,
1543 659 1716 694 libertatem
1753 658 1891 694 tribuere
1908 660 1955 693 in-

1205 711 1337 745 tendunt
1365 710 1479 756 pariter
1500 718 1528 743 et
1553 716 1744 756 proponunt.

1253 761 1273 805 5
1296 764 1328 793 5.
1351 760 1456 801 Quare
1480 771 1535 805 pro
1557 768 1643 805 parte
1669 758 1825 793 dictorum
1854 757 1954 802 ducis,

1207 806 1386 856 praepositi,
1417 809 1546 851 decani,
1583 808 1778 847 srliolastici,
1813 807 1955 854 capituli,

1207 858 1533 904 burgimagistrorum,
1551 857 1750 892 scabinorum
1767 865 1798 892 et
1811 869 1956 892 commu-

1207 908 1313 942 nitatis
1325 907 1573 942 desiderantium
1587 908 1692 947 etiam,
1707 907 1790 953 quod
1806 906 1955 953 magistri.

1206 957 1352 992 doctores
1366 966 1396 992 et
1410 957 1569 992 scholares
1587 956 1757 1004 supradicti
1774 968 1829 1004 pro
1845 955 1954 1004 potiori

1206 1006 1400 1042 dictiStudii
1425 1007 1619 1041 incremento
1641 1006 1809 1052 condignis
1832 1005 1958 1052 privile-

1206 1056 1268 1103 giis
1294 1069 1326 1090 se
1354 1057 1568 1091 communitos
1594 1056 1741 1098 sentiant,
1767 1055 1959 1102 quibuslibet

1209 1105 1392 1153 privilegiis,
1416 1105 1623 1143 libertatibus,
1651 1104 1904 1139 immunitatibus
1930 1113 1959 1139 et

1206 1154 1462 1201 exemptionibus
1497 1155 1630 1189 aliorum
1663 1153 1859 1200 generalium
1882 1153 1960 1189 Stu-

1207 1205 1344 1245 diorum,
1357 1213 1511 1252 quantum
1529 1205 1559 1238 in
1579 1204 1657 1251 ipsis
1673 1204 1765 1247 duce,
1782 1204 1961 1250 praeposito,

1208 1254 1348 1298 decano,
1381 1254 1594 1297 scholastico,
1622 1253 1773 1300 capitulo,
1801 1252 1963 1300 burgima-

1207 1304 1335 1350 gistris,
1358 1304 1496 1338 scabinis
1518 1312 1547 1338 et
1574 1303 1813 1343 communitate,
1836 1311 1866 1337 et
1893 1303 1963 1337 aliis

1210 1354 1310 1400 ipsius
1338 1353 1429 1388 ducis
1467 1352 1603 1388 subditis
1640 1353 1754 1397 fuerit,
1787 1352 1962 1399 gaudentes

1210 1411 1348 1446 utantur,
1372 1402 1464 1437 nobis
1487 1403 1542 1436 fuit
1561 1402 1725 1436 humiliter
1739 1401 1963 1449 supplicatum,

1210 1461 1243 1486 ut
1271 1452 1301 1485 in
1338 1451 1422 1486 dicto
1456 1452 1573 1499 oppido
1607 1453 1753 1497 generale
1787 1451 1962 1486 litterarum

1209 1501 1356 1535 Studium
1382 1501 1412 1535 in
1427 1501 1566 1548 qualibet
1583 1501 1666 1535 licita
1682 1501 1827 1535 facultate
1842 1501 1963 1547 erigere

1209 1561 1238 1586 et
1261 1550 1407 1585 ordinare
1434 1551 1473 1585 de
1501 1550 1693 1596 benignitate
1720 1549 1891 1597 apostolica
1914 1550 1963 1584 di-

1209 1612 1390 1646 gnaremur.

1257 1649 1277 1695 g
1315 1653 1347 1683 6.
1376 1648 1440 1683 Nos
1475 1648 1580 1693 igitur,
1609 1647 1757 1682 relatione
1793 1647 1865 1692 fida,
1895 1656 1963 1694 post

1211 1698 1464 1732 informationem
1480 1697 1664 1744 diligentem
1687 1709 1783 1744 super
1806 1696 1963 1732 habilitate

1211 1747 1270 1781 loci
1299 1756 1329 1781 et
1357 1747 1424 1781 aliis
1447 1747 1693 1781 circumstantiis
1724 1747 1902 1793 praemissis
1924 1747 1962 1782 de

1211 1797 1359 1832 mandato
1375 1804 1481 1830 nostro
1497 1804 1668 1843 receptam,
1683 1796 1834 1843 oppidum
1860 1796 1961 1843 ipsum

1211 1847 1291 1880 aeris
1324 1846 1476 1892 temperie
1512 1845 1668 1893 politum,
1702 1846 1963 1892 singularumque

1213 1908 1314 1930 rerum
1342 1896 1480 1930 humano
1503 1895 1571 1930 usui
1597 1895 1845 1930 necessariarum
1869 1894 1965 1929 uber-

1212 1953 1272 1980 tate
1286 1945 1433 1979 resertum
1450 1953 1480 1979 et
1494 1945 1571 1979 alias
1587 1957 1642 1992 pro
1658 1944 1966 1980 huiusmodiStudio

1212 1995 1313 2030 locum
1329 2003 1436 2042 aptum
1461 1994 1640 2034 didicimus,
1659 1994 1757 2041 pium,
1772 1994 1964 2029 meritorium

1211 2045 1396 2080 eorumdem
1421 2044 1522 2086 ducis,
1538 2044 1718 2092 praepositi,
1732 2044 1857 2085 decani,
1877 2044 1968 2079 scho-

1213 2100 1322 2140 lastici,
1341 2099 1483 2147 capituli,
1512 2099 1840 2145 burgiinagistrorum‚
1863 2099 1968 2134 scabi-

1213 2167 1323 2189 norum
1347 2162 1376 2188 et
1400 2154 1638 2188 communitatis
1672 2153 1881 2193 desiderium,
1912 2166 1967 2200 per

1212 2208 1297 2255 quod
1320 2209 1520 2243 scientiarum
1549 2207 1631 2247 fens,
1668 2220 1705 2242 ex
1740 2220 1804 2254 quo
1839 2207 1877 2241 ad
1908 2207 1965 2242 Dei

1214 2263 1336 2297 laudem
1360 2270 1390 2297 et
1403 2262 1533 2309 gloriam
1558 2262 1682 2296 haurire
1706 2262 1827 2308 possint
1849 2261 1965 2307 singuli

1214 2318 1269 2352 viri
1287 2317 1409 2351 consilii
1431 2317 1610 2351 maturitate
1629 2316 1799 2363 perspicui,
1815 2317 1964 2350 virtutum

1213 2381 1241 2406 et
1265 2372 1446 2419 dogmatum
1475 2370 1638 2405 ornatibus
1666 2371 1815 2410 redimiti,
1844 2383 1965 2405 succre-

1215 2434 1290 2465 scat,
1309 2426 1478 2472 plurimum
1496 2425 1769 2468 commendantes,
1784 2425 1964 2460 huiusmodi

1214 2480 1498 2528 supplicationibus
1516 2479 1668 2523 inclinati,
1687 2479 1872 2514 auctoritate
1887 2491 1966 2526 apo—

1214 2536 1319 2571 stolica
1365 2535 1577 2582 praesentinm
1614 2534 1693 2569 serie
1735 2535 1902 2568 statuimus
1936 2542 1965 2568 et

1215 2591 1306 2625 etiam
1335 2589 1530 2629 ordinamus,
1554 2588 1637 2636 quod
1673 2587 1787 2623 amodo
1817 2588 1846 2621 in
1883 2587 1966 2622 dicto

425 2654 455 2680 et
477 2647 702 2681 correctionem
732 2645 912 2681 huiusmodi
948 2658 963 2680 a
987 2658 1020 2680 se
1048 2645 1174 2692 penitus
1215 2644 1332 2692 oppido
1373 2644 1519 2691 generale
1558 2644 1586 2677 in
1627 2642 1771 2678 facultate
1813 2641 1964 2690 qualibet,

1965 258 2012 284 An.
2032 257 2061 284 C.
2084 257 2150 284 1¹125

1984 767 2012 787 At,-
2045 768 2153 786 duriorum

1971 798 2094 824 privilegiisv

1991 1660 2092 1682 Martinus
2114 1661 2163 1682 Siu-

1978 1693 2032 1713 dium
2048 1693 2124 1713 ibidem
2141 1694 2160 1713 in

1979 1723 2072 1749 qualibet
2095 1722 2163 1744 tacut-

1979 1757 2030 1777 tate,
2043 1753 2164 1779 theologica

1977 1787 2075 1811 excepta,
2097 1785 2161 1804 insti-

1978 1816 2024 1836 tuit.
