2274 3265
110 279 118 289 t
152 284 157 289 .
176 264 202 289 C.
225 263 288 289 1580

119 1713 198 1733 festum
212 1711 286 1732 visita-

103 1746 165 1764 tionis
173 1744 196 1763 ab
204 1742 286 1763 Urbano

103 1777 220 1795 institutum

919 263 989 285 BOS}
997 262 1067 285 FAC!
1074 263 1108 285 [S
1130 263 1165 285 lx
1189 263 1235 285 111‘.

305 331 370 353 mea
394 318 577 352 Dominum
595 318 787 352 vtoxultiiit
810 318 938 372 spiritus
961 330 1049 352 meus

304 369 332 402 iii
357 367 423 402 Deo
442 368 568 402 salutari
594 380 673 401 iiico.
696 367 777 409 Quia
797 368 930 422 respexit
951 367 1049 401 bumi-

303 418 419 452 litatem
443 417 573 452 ancillae
596 430 670 451 5ιιι·ιι
719 429 790 451 (cce
812 417 896 452 enini
925 429 962 450 ex
990 417 1048 450 lioc

305 468 424 502 beatam
462 480 510 501 nie
543 467 648 501 dicent
682 480 792 501 omues
819 466 1047 512 ‘fenerationes

303 517 382 559 Quia
412 517 483 551 fecit
518 516 591 550 milii
623 528 732 562 magua
762 516 813 562 qui
848 523 957 562 potens
984 524 1047 554 est,

303 577 331 600 et
354 575 494 600 sanctuni
520 578 634 600 iionicn
658 568 737 599 eius.
766 566 794 599 O
814 578 961 619 magnum
981 578 1048 612 my-

304 617 458 659 sien-ium,

304 665 461 701 inell.ibile
483 674 725 703 sacramentum
755 673 786 698 ut
806 673 918 698 matres
940 664 978 699 de
1000 664 1048 710 pi-

303 715 466 761 guoiibus,
489 728 601 770 quae
588 714 775 757 ‹rest-ibant
770 727 798 748 iii
816 714 922 754 uteiis,
940 715 969 748 iu
990 727 1046 760 spi

304 766 362 799 ritu
379 765 607 812 piaeseiitiient
621 772 650 798 et
666 773 714 798 eti·
710 777 758 798 aiu
773 764 994 810 prophetarent
1007 771 1047 802 et

304 824 337 849 iit
364 815 442 849 sacri
478 813 636 860 Evangelii
674 813 779 860 pandit
809 813 949 853 liistoria,
973 813 1046 848 caeli

302 865 408 911 regina
431 863 557 910 gravida
587 872 674 909 pai-tu
703 863 913 898 consecranda
930 863 1046 905 divino,

304 928 358 960 pro
387 913 571 947 humilitatis
597 913 760 959 amplioris
773 913 945 959 signaculo,
966 925 1047 958 prae-

302 965 441 998 cursoris
468 964 528 1002 sui,
555 976 647 1010 quein
670 963 822 1008 gestabat,
851 962 933 1003 Filii,
951 963 1048 1008 getii—

303 1014 368 1047 trici
407 1012 549 1058 gravidae
582 1012 785 1046 liumaiiitatis
816 1013 966 1058 impendit
990 1012 1047 1045 oli-

302 1064 462 1110 sequium:
491 1075 553 1108 quo
574 1063 729 1108 impenso
750 1062 970 1108 (omplctoque
987 1062 1047 1095 liu-

303 1112 436 1147 iusmodi
457 1112 642 1146 visitationis
664 1112 750 1158 quasi
772 1112 864 1145 ιιιιιιιι
891 1112 1046 1146 niensium

302 1171 463 1209 tempore,
499 1162 528 1195 iii
557 1161 686 1195 domum
715 1174 803 1195 stiam
839 1169 885 1195 est
911 1174 1043 1195 ieveisa.

300 1211 385 1246 Haec
411 1219 458 1246 est
481 1212 565 1245 euim
596 1210 644 1244 illa
668 1210 707 1244 de
729 1223 789 1257 qua
817 1223 903 1244 sacra
931 1219 1046 1244 canunt

300 1262 417 1308 elogia:
440 1260 514 1295 Sole
533 1261 659 1299 amicta,
692 1260 812 1293 Lunam
841 1259 961 1293 liabens
985 1259 1046 1293 sub

301 1312 443 1357 pedibus,
459 1310 567 1345 Stellis
585 1311 726 1344 coronari
749 1310 861 1343 meruit
877 1309 1044 1343 duodenis.

299 1361 384 1395 Haec
420 1368 466 1394 est
494 1361 578 1394 enim
608 1359 658 1392 illa
685 1372 764 1405 quae
793 1359 822 1392 ιιι
851 1359 916 1392 5ιιι5
951 1359 1046 1393 castis

300 1410 472 1445 visceribus
504 1409 579 1443 caeli
605 1417 768 1454 terraeque
795 1409 1046 1455 gestavitOpifi—

298 1473 378 1498 cem,
400 1468 431 1494 et
453 1458 517 1493 sola
544 1467 675 1493 cunctas
706 1458 850 1492 liaereses
877 1459 1046 1495 interemit,

298 1519 327 1545 et
361 1522 416 1557 pro
443 1509 616 1543 christiano
651 1508 787 1555 populo,
830 1516 861 1542 ιιι
900 1508 1047 1542 advocata

298 1569 424 1595 strenua
452 1568 482 1594 et
507 1558 660 1593 exoratrix
691 1558 832 1604 pervigil,
858 1557 895 1592 ad
916 1557 1047 1604 Regem,

298 1623 393 1657 quem
416 1609 538 1655 genuit,
554 1608 728 1642 intercedit.

348 1660 414 1705 (Εὖ.
432 1658 529 1705 Igitur
546 1658 645 1693 felicis
661 1658 885 1692 recordationis
903 1657 1048 1692 Urbanus

302 1706 383 1757 Papa
403 1717 521 1747 sextus,
539 1708 763 1755 praedecessor
779 1716 896 1747 noster,
919 1707 1047 1753 dignum

301 1768 452 1806 reputatis
467 1766 496 1792 et
511 1758 652 1793 debitum
669 1766 701 1791 ut
721 1757 833 1792 festum
854 1757 1050 1792 Visitationis

302 1810 400 1856 ipsius
414 1808 448 1843 Β.
465 1808 580 1843 Mariae
599 1808 748 1853 Virginis,
761 1807 899 1854 quando,
917 1816 946 1841 ut
967 1820 1048 1854 prae-

303 1859 410 1898 fertur,
434 1858 565 1892 iisitavit
585 1857 763 1895 Elisabctli,
784 1858 813 1890 iii
834 1856 890 1891 Dei
910 1857 1049 1891 Ecclesia

302 1908 488 1951 celebretur,
519 1907 569 1952 pio
596 1907 775 1940 testimonio
810 1907 908 1940 sancti
938 1906 1051 1940 sufful-

303 1967 368 1991 tum
392 1956 554 2003 Evangelii
578 1956 724 1990 liuinaiiis
750 1957 857 2002 nequit
878 1956 1051 1991 rationibus

303 2007 480 2041 detrectari:
503 2019 537 2040 ac
553 2006 716 2040 attendens
731 2006 813 2052 quod
830 2005 937 2040 laudes
951 2015 1051 2041 tautae

304 2057 440 2103 Virginis
474 2056 610 2090 humana
637 2056 744 2101 lingua
769 2068 829 2089 nou
860 2056 974 2090 suflicit
996 2068 1050 2090 ex-

305 2107 453 2153 primere,
480 2118 538 2140 nec
571 2106 663 2140 etiam
687 2106 786 2139 sancti
807 2114 837 2140 et
865 2106 936 2140 iusti
960 2105 1051 2144 Eam,

305 2158 333 2191 iu
351 2157 440 2191 cuius
463 2155 529 2195 Ille,
552 2168 646 2202 quem
674 2156 749 2189 caeli
773 2167 884 2200 capere
907 2168 967 2189 non
994 2168 1048 2202 po-

305 2215 416 2244 teraut,
443 2219 477 2240 se
503 2205 634 2240 contulit
661 2206 730 2239 aula
764 2205 924 2251 virginali,
948 2206 1051 2251 dignis

304 2256 431 2290 laudum
457 2255 632 2302 praeconiis
654 2255 690 2288 ad
717 2254 842 2301 plenum
871 2256 980 2289 efferre
997 2268 1053 2300 po-

305 2313 426 2340 terunt:
455 2314 483 2339 et
504 2304 709 2339 considerans
730 2304 813 2350 quod
843 2318 880 2338 ex
902 2318 966 2352 quo
993 2304 1053 2339 Do—

305 2357 427 2390 minum
453 2355 481 2388 in
510 2355 625 2389 sanctis
653 2355 718 2388 suis
741 2354 867 2388 laudare
896 2354 1052 2393 iubemur,

305 2413 423 2452 quanto
457 2405 569 2450 magis,
593 2405 622 2438 in
652 2404 853 2438 veneratione
878 2404 914 2438 B.
937 2404 1052 2438 Mariae

306 2455 445 2501 Virginis
463 2455 570 2488 matris
589 2454 698 2500 ipsius,
715 2453 925 2488 exultantibus
939 2454 1053 2488 animis

306 2504 498 2543 collaudare,
522 2513 551 2538 et
578 2504 646 2538 cius
669 2503 796 2538 laudum
824 2503 968 2549 augendo
986 2504 1054 2538 titu-

307 2555 375 2593 los,
403 2554 519 2600 gratias
546 2553 674 2593 referre,
706 2566 799 2600 quem
825 2554 946 2599 genuit,
974 2553 1053 2588 Filio

307 2604 489 2643 debeamus,
512 2616 592 2650 quae
615 2604 720 2643 etiam,
736 2603 865 2638 exaltata
885 2616 981 2650 super
1002 2617 1053 2652 sy-

307 2653 392 2699 dera,
415 2653 536 2688 stellato
555 2653 698 2689 consedit
718 2653 766 2688 sui
786 2652 866 2688 solio
881 2652 1054 2694 Gendoris,

486 629 503 650 o
534 615 717 650 admirabile
755 627 1002 658 commercium,
1031 628 1070 647 ov

1718 252 1789 285 605

1092 330 1148 351 uec
1171 318 1262 352 etiam
1291 318 1414 352 divinae
1449 318 1529 352 visus
1559 319 1665 352 luisset
1695 319 1837 353 resistere

1093 367 1254 409 voluntati,
1282 381 1361 413 quae
1379 376 1438 402 tam
1465 367 1535 411 sibi,
1559 380 1651 414 quam
1675 367 1742 402 aliis
1766 369 1839 402 viris

1091 416 1210 450 devotis
1232 417 1269 450 ad
1288 417 1466 451 liuiusiiiodi
1484 426 1620 451 sanctam
1640 417 1837 452 festivitatem

1091 465 1331 506 celebrandam,
1361 474 1393 500 ιιι
1417 467 1464 512 pie
1506 466 1588 500 idem
1618 466 1838 513 praedecessor

1090 515 1236 554 credidit,
1271 516 1395 561 dignata
1427 516 1480 549 suit
1505 524 1643 550 mentem
1674 516 1838 563 inspirare,

1091 564 1314 599 ‹lelibvratione
1355 566 1446 599 «aetiani
1487 578 1582 612 super
1623 565 1681 600 boc
1721 574 1838 600 matura

1092 614 1282 660 praehabita,
1310 614 1348 647 de
1383 615 1510 648 fratrum
1551 628 1679 649 suorum
1714 624 1839 650 sauctae

1092 666 1250 699 Romanae
1281 664 1439 698 Ecclesiae
1467 664 1688 707 cardinalium,
1711 664 1748 698 dc
1777 678 1839 711 quo

1092 726 1223 748 numero
1259 722 1333 747 tuuc
1357 727 1493 755 eramus,
1516 714 1661 752 consilio,
1689 713 1725 747 ad
1754 715 1839 748 exal-

1092 763 1238 797 tationem
1276 763 1344 797 fidei
1374 763 1548 798 catliolicae
1571 763 1665 809 digne
1688 773 1717 798 et
1745 765 1839 799 ratio-

1091 813 1247 857 nabiliter,
1266 813 1408 848 videlicet
1429 822 1518 847 sexto
1540 813 1610 848 idus
1624 813 1742 860 aprilis,
1761 826 1840 860 pon-

1090 864 1224 897 tilicatus
1251 863 1297 896 sui
1334 877 1416 897 aiiiio
1455 863 1644 903 undecimo,
1679 863 1787 897 statuit
1809 871 1841 896 ut

1091 913 1202 947 festum
1220 913 1402 959 praefatum
1423 913 1565 947 videlicet
1588 913 1781 948 visitationis
1802 912 1839 947 B

1091 963 1204 997 Mariae
1241 963 1401 1009 Virginis
1425 963 1576 1009 quaudo,
1601 971 1633 997 ut
1655 963 1840 1008 i›iaesei·.tur

1092 1013 1224 1047 iisiiavit
1249 1012 1408 1047 Elisabeth
1431 1022 1632 1047 sextotiouas
1658 1012 1734 1051 iulii,
1750 1024 1841 1046 annis·

1089 1063 1233 1107 5ιιιυιι1ι5,
1265 1063 1293 1096 ιιι
1329 1062 1387 1096 1)οι
1419 1062 1578 1105 Ecclesia
1610 1075 1681 1095 ctim
1713 1062 1839 1096 laudum

1090 1098 1223 1151 caduco,
1242 1112 1372 1146 laetitiae
1393 1111 1489 1145 iubilo
1505 1111 1672 1158 cordisque
1690 1112 1839 1158 tripudio,

1090 1161 1149 1195 sub
1177 1162 1294 1207 duplici
1324 1162 1438 1205 oflicio,
1455 1174 1508 1207 pei·
1530 1161 1637 1195 orbem
1656 1162 1837 1196 uuiversum

1089 1211 1271 1244 solemniter
1299 1211 1519 1245 celebraretur.
1549 1210 1654 1245 Suasit
1681 1211 1773 1245 etiam
1810 1219 1839 1244 et

1089 1261 1246 1294 consuluit
1281 1260 1362 1294 idem
1393 1261 1636 1306 praedecessor,
1673 1268 1702 1294 ut
1741 1261 1839 1307 ipsius

1091 1309 1156 1343 l'csti
1187 1310 1298 1355 tigilia,
1323 1319 1351 1342 ιιι
1388 1309 1488 1355 vigilia
1520 1309 1693 1344 Nativitatis
1720 1317 1746 1343 ct
1780 1310 1839 1343 As-

1089 1359 1280 1404 sumptionis
1296 1359 1470 1405 praedictae
1489 1359 1624 1404 Virginis
1639 1359 1837 1393 festititatuui

1090 1410 1183 1442 etiam
1209 1409 1238 1442 ιιι
1262 1409 1483 1443 observatione
1508 1409 1615 1442 ieiunii
1633 1409 1774 1442 devotius
1788 1409 1841 1441 ob-

1090 1468 1274 1493 servaretur.
1300 1458 1337 1492 Et
1363 1458 1518 1491 mandaxit
1534 1459 1618 1504 quod
1648 1457 1763 1498 simile,
1779 1471 1839 1492 non

1091 1519 1194 1543 tamen
1226 1508 1342 1555 duplex
1377 1508 1512 1542 officium
1553 1508 1672 1555 absque
1707 1507 1842 1542 alicuius

1090 1559 1197 1593 Sancti
1227 1558 1546 1597 εοιιιιιιειιιοιιιιιιοιιθ,
1571 1557 1711 1605 exceptis
1735 1557 1842 1603 primis

1092 1611 1230 1653 vesperis
1256 1617 1327 1643 ante
1354 1618 1492 1642 octavam
1520 1608 1732 1654 apostolorum
1756 1607 1840 1641 Petri

1091 1668 1119 1693 et
1138 1658 1237 1697 Pauli,
1252 1667 1281 1693 et
1298 1658 1398 1692 officio
1422 1658 1517 1692 totius
1533 1658 1593 1691 diei
1613 1666 1748 1696 octavae,
1769 1670 1839 1690 cum

1091 1709 1391 1744 commemoratione
1406 1716 1506 1741 tamen
1521 1707 1660 1741 eiusdem
1676 1707 1746 1741 novi
1761 1706 1841 1745 t'esr,

1093 1773 1146 1806 pei·
1169 1767 1288 1804 septem
1307 1765 1474 1804 soquentes
1490 1758 1557 1791 dies
1574 1757 1602 1791 ιιι
1622 1756 1677 1791 Dei
1702 1755 1841 1790 Ecclesia

1092 1822 1163 1843 cum
1192 1808 1371 1842 celebritate
1394 1807 1495 1841 dehita
1524 1807 1714 1841 decantetur.

1141 1860 1160 1905 ξ
1189 1860 1220 1891 lt,
1244 1857 1290 1892 Ac
1312 1858 1403 1891 etiam
1425 1857 1531 1891 volens
1547 1857 1628 1891 idem
1653 1855 1839 1904 praedeces-

1093 1921 1144 1942 sor
1171 1907 1287 1942 Cbristi
1326 1907 1434 1941 fideles
1469 1907 1505 1940 ad
1535 1907 1701 1942 colendum
1739 1913 1839 1940 tantae

1094 1959 1206 1992 festum
1242 1956 1378 2002 Virginis
1413 1965 1442 1991 et
1480 1956 1572 1991 etiam
1615 1955 1838 1991 celebrandum

1094 2008 1184 2041 donis
1207 2006 1425 2053 spiritualibus
1446 2006 1596 2049 animare,
1614 2007 1763 2053 ipsosque
1777 2018 1842 2051 my-

1094 2057 1179 2091 sticis
1207 2056 1246 2091 de
1276 2057 1430 2090 thesauris
1466 2056 1628 2090 militantis
1661 2056 1842 2094 Ecclesiae,

1094 2107 1348 2141 benedictionum
1378 2106 1564 2140 muneribus
1586 2106 1717 2152 cupiens
1746 2117 1843 2152 Prae-

1096 2157 1215 2191 venire:
1259 2155 1405 2190 omnibus
1440 2168 1511 2189 vere
1540 2155 1772 2201 poenitentibus
1813 2163 1843 2188 et

1095 2206 1259 2245 confessis,
1283 2206 1335 2253 qui
1360 2205 1534 2240 matutinali
1555 2205 1657 2240 officio
1677 2205 1743 2239 festi
1763 2205 1844 2239 eius-

1095 2256 1164 2290 dem
1190 2257 1219 2289 in
1256 2255 1409 2293 Ecclesia,
1433 2268 1493 2302 qua
1523 2255 1605 2289 idem
1629 2255 1769 2289 officium
1792 2258 1844 2289 ce-

1095 2306 1266 2340 lebraretur
1289 2306 1485 2344 interessent,
1514 2314 1658 2339 centum:
1687 2305 1740 2352 qui
1771 2318 1843 2338 vero

1097 2356 1221 2398 missae,
1238 2355 1396 2389 totidem:
1431 2355 1481 2401 qui
1517 2364 1619 2389 autem
1650 2354 1742 2401 primi
1776 2354 1843 2388 sesti

1097 2406 1246 2451 vesperis,
1269 2405 1412 2439 similiter
1439 2412 1585 2438 centum:
1609 2405 1660 2451 qui
1681 2412 1784 2438 autem
1799 2416 1846 2438 se-

1096 2454 1225 2494 cundis,
1249 2455 1400 2489 totidem:
1428 2454 1489 2487 illis
1513 2467 1583 2487 vero
1618 2454 1671 2501 qui
1701 2454 1820 2501 primae
1836 2481 1844 2495 ,

1097 2504 1215 2543 tertiae,
1239 2512 1360 2547 sextae,
1383 2516 1483 2538 nouae
1505 2516 1539 2538 ac
1565 2503 1763 2550 completorii
1791 2504 1845 2537 os-

1097 2554 1189 2597 ficiis,
1207 2567 1261 2600 pro
1276 2553 1414 2600 qualibet
1437 2553 1584 2588 liorarum
1605 2554 1756 2600 ipsarum,
1772 2566 1845 2600 qua-

1097 2604 1240 2649 draginta
1263 2604 1342 2637 dies:
1368 2603 1427 2637 illis
1445 2611 1562 2643 autem,
1578 2604 1630 2649 qui
1652 2615 1705 2649 per
1722 2611 1845 2638 octaxas

1098 2654 1165 2689 festi
1182 2653 1331 2701 praedicti
1358 2653 1605 2698 matutinalibus,
1629 2665 1845 2701 vesperorum,

1854 262 1903 289 An.
1922 262 1949 288 sl.
1971 262 2035 288 ¹58⁹

1863 1219 1909 1240 Cum
1922 1220 1984 1245 dupli:
1995 1227 1998 1239 ι
2009 1219 2036 1238 os-

1859 1252 1908 1273 irin.
1919 1257 2004 1272 ieiunzfu
2017 1255 2035 1270 et

1856 1287 1927 1302 oztawa

1862 1867 1934 1888 Offitto
1959 1870 1978 1887 et
1994 1868 2039 1887 mis,

1856 1906 1890 1920 sae
1924 1900 2040 1919 hum-modi

1856 1931 2040 1957 praesentibusin-

1856 1962 1973 1987 dulgeiitias
1988 1966 2042 1981 con-

1856 1994 1928 2014 cessit.
