2274 3265
135 261 182 287 An.
201 260 227 286 C.
250 260 316 286 ¹570

171 1258 289 1279 clausulae,

924 256 1106 280 GREGomvs
1132 257 1150 278 X
1158 257 1165 278 1
1195 256 1241 279 ΡΙ).

330 312 435 347 Guido
468 313 637 360 episcopus
658 321 685 347 et
715 325 913 348 successores
935 313 981 347 sui
1004 312 1075 359 epi-

330 363 416 409 scopi
445 362 614 403 Poi·tuen.‚
641 363 692 410 qui
721 371 811 397 erunt
847 375 901 409 pro
924 371 1075 409 tempore7

332 412 433 447 nullas
463 425 598 460 unquam
621 413 795 447 oblationes
810 413 838 446 in
860 412 992 459 prat-sata
1016 411 1076 445 Er-

332 462 424 496 rlesia
467 464 618 510 recipere.
642 470 746 509 petere
780 475 834 496 seu
857 462 981 507 exigere
1005 474 1076 508 pos-

332 512 407 555 sint,
435 525 469 546 ac
490 512 634 546 volumus
661 512 744 558 quod
773 511 945 546 oblationes
982 524 1076 558 prae-

333 562 444 603 dictae,
466 574 546 609 quae
569 573 623 608 per
644 560 761 595 dietum
791 561 974 608 episcopum
999 560 1077 595 Por-

334 620 475 646 tuensem
499 610 611 645 ibidem
641 611 735 657 recipi
760 618 994 653 consueverant,
1026 623 1079 656 per

334 661 510 696 altarai·ium
526 659 626 694 dictae
647 659 799 694 Basilicae
821 661 1004 695 existentem
1022 672 1078 707 pro

334 720 474 757 tempore
510 710 663 753 leventur,
698 710 885 756 recipiantur
924 718 954 744 et
986 709 1077 744 etiam

334 761 509 806 exigantur.
553 758 863 801 Consuetiulinibus,
909 759 1079 806 privilegiis

334 809 513 856 apostolicis
540 820 811 855 quorumcumque
844 817 987 843 tenorum
1015 809 1080 843 exi-

335 867 428 899 stant,
451 858 508 891 etsi
537 857 576 891 de
599 857 658 891 illis
684 866 710 891 et
741 858 812 892 totis
841 870 948 892 eorum
984 866 1079 892 teno-

336 908 421 942 ribus
453 914 535 942 esset
559 907 774 953 praesentibus
802 907 944 953 specialis
972 916 1000 941 et
1027 920 1081 942 ex—

336 969 439 1003 pressa
467 958 585 991 mentio
613 956 750 991 facienda
778 964 852 997 eec.;
880 969 960 1003 quae
978 958 1081 991 omnia

335 1015 364 1040 et
386 1007 521 1052 singula,
545 1006 573 1039 in
598 1014 749 1052 quantum
780 1006 998 1052 praesentibus
1023 1007 1080 1041 olt-

336 1064 466 1094 viarent,
495 1067 689 1092 revocamus,
719 1067 891 1099 cassamus,
927 1057 1082 1090 irritamus

336 1117 371 1139 ac
395 1105 512 1139 nullius
535 1117 604 1138 esse
632 1105 775 1139 volumus
798 1105 918 1139 roboris
946 1106 990 1139 vel
1016 1119 1083 1139 ino—

337 1155 444 1189 menti.

385 1204 405 1251 g
428 1206 459 1237 5.
488 1203 573 1237 Nulli
597 1216 672 1249 ergo
694 1203 825 1237 omnino
848 1203 1011 1237 bominum
1041 1204 1083 1237 ti-

338 1261 404 1288 ceat
432 1253 511 1287 lianc
532 1254 675 1300 pagiuam
693 1261 816 1286 nostrae
839 1253 1083 1292 constitutionis,

337 1303 555 1341 ordinationi&
584 1302 802 1344 revocationis7
824 1302 1018 1340 cassationis.
1043 1303 1084 1336 ir-

339 1352 491 1387 ritationis
518 1361 548 1386 et
585 1351 751 1386 voluntatis
781 1351 951 1397 infringere
984 1351 1028 1385 vel
1057 1352 1082 1384 ei

337 1413 414 1436 ausu
444 1401 608 1435 temerario
629 1401 793 1435 contraire.
821 1400 854 1435 Si
883 1401 954 1447 quis
980 1410 1083 1435 autem

338 1451 397 1485 hoc
424 1458 575 1485 attentare
603 1450 861 1497 praesumpserit,
887 1450 1085 1494 indignatio—

340 1512 409 1534 nem
424 1500 647 1548 omnipotentis
660 1499 718 1535 Dei
732 1508 761 1534 et
777 1500 938 1535 beatorum
952 1500 1036 1534 Petri
1055 1508 1086 1535 et

337 1549 427 1584 Pauli
457 1551 668 1597 apostolorum
692 1549 760 1584 eius
781 1562 814 1584 se
838 1550 955 1584 noverit
979 1550 1085 1584 incur-

339 1612 462 1635 surum.

388 1649 503 1684 Datum
527 1650 607 1696 apud
632 1648 769 1683 Montem
793 1648 976 1684 Flosronem
1000 1658 1087 1683 sexto

341 1698 410 1734 idus
433 1699 511 1739 iulii,
535 1698 733 1747 pontificatus
753 1700 848 1733 nostri
867 1712 948 1734 anno
966 1711 1037 1733 vm.

380 1762 440 1792 Dat.
460 1762 506 1791 die
530 1763 567 1792 10
584 1763 646 1792 iulii
668 1762 752 1798 1370,
775 1762 877 1801 pontis.
896 1771 971 1791 anno
988 1770 1047 1790 viu.

558 1966 799 2016 GREGORlUS
832 1966 878 2015 Xl

628 2054 721 2084 PAPA
753 2053 806 2084 CCl

472 2122 565 2154 Anno
588 2122 718 2155 Domini
743 2122 958 2155 MCCCLXX.

346 2201 481 2274 Petrus
507 2237 633 2283 Rogerii
661 2237 909 2280 Lemovicensis,
930 2236 1089 2272 Guillelmi

346 2287 470 2322 comitis
496 2287 666 2322 Bellifortis
697 2288 790 2330 filius⁷
816 2287 949 2322 Sanctae
976 2287 1090 2322 Mariae

346 2337 451 2372 Novae
473 2336 624 2372 diaconus
652 2337 828 2378 cardinalis,
857 2337 974 2371 electus
996 2346 1042 2371 est
1062 2338 1090 2371 in

347 2387 526 2422 Romanum
556 2386 740 2422 Pontificem
769 2387 819 2422 die
848 2389 894 2421 50
918 2386 1093 2422 decembris

348 2437 417 2471 anni
444 2438 549 2478 1570,
571 2438 624 2484 qui
655 2435 827 2484 Gregorius
854 2436 895 2471 xl
913 2437 1006 2471 voluit
1035 2450 1092 2484 ap—

349 2487 473 2533 pellari:
497 2495 698 2522 consecratur
723 2496 826 2522 autem
855 2487 1016 2521 Avenione
1043 2487 1093 2522 die

350 2542 370 2572 5
398 2537 528 2572 ianuarii
561 2538 722 2584 sequentis
755 2537 838 2572 anni.
870 2536 927 2571 Hic
953 2537 1034 2571 sedit
1064 2537 1092 2571 in

350 2587 533 2634 pontificatu
551 2599 567 2622 a
589 2587 640 2621 die
662 2595 825 2634 susceptae
847 2587 1094 2622 consecrationis

349 2649 450 2671 annos
471 2649 527 2677 vn,
543 2649 667 2672 menses
688 2649 725 2678 ιι,
740 2637 807 2672 dies
822 2649 921 2677 xxiii,
938 2637 1095 2685 imperan-

429 2693 502 2724 Ruit.
520 2693 594 2725 Rom.
623 2694 674 2724 Vol.
694 2694 738 2724 IV.
941 2694 976 2724 (37

1742 248 1810 280 5⁶29

1118 311 1202 346 tibus
1236 312 1264 345 in
1296 310 1426 345 Oriente
1461 311 1574 346 Ioanne
1611 312 1799 359 Pakeologo,
1829 313 1858 346 in

1117 360 1291 395 Occidente
1322 360 1434 395 Carolo
1457 361 1497 395 lV
1527 363 1601 409 imp.
1629 361 1715 396 Obiit
1743 362 1860 397 Romae

1118 411 1167 444 die
1189 412 1233 444 27
1259 412 1357 444 martii
1374 424 1455 445 anno
1478 414 1581 451 1578,
1603 422 1632 446 et
1654 412 1797 459 sepultus
1816 421 1860 446 est

1119 461 1147 494 iu
1186 460 1316 494 ecclesia
1347 460 1380 494 Β.
1410 461 1524 495 Mariae
1546 460 1648 495 Novae
1678 475 1774 509 prope
1800 461 1862 497 Ca-

1120 510 1274 556 pitolium.
1304 509 1428 544 Vacavit
1457 510 1547 544 sedes
1575 511 1642 545 dies
1671 523 1742 545 xui.

1124 763 1250 795 Beatum
1280 763 1457 795 Ehem-ium
1484 763 1520 795 de
1541 762 1682 794 Sabratae
1704 763 1735 794 iu
1759 762 1865 795 Gallia

1170 813 1367 845 Narbonensi
1386 819 1559 845 sanctorum
1590 813 1793 855 confessorum
1820 823 1867 844 ca-

1172 863 1246 894 noni
1264 874 1317 906 per
1342 862 1496 895 Urbanum
1529 861 1595 894 PP.
1636 861 1662 893 V
1693 862 1867 905 praedeces-

1171 923 1267 944 sorem
1299 924 1386 944 sumn
1421 912 1607 956 adscriptum
1634 911 1725 955 fuine
1751 911 1867 943 denim-

1172 962 1232 994 ciat
1255 962 1312 1003 (1).

1391 1029 1604 1059 SUltllllAi‘tlUM

1125 1098 1311 1129 Prooemmm.
1338 1116 1375 1121 ——
1402 1101 1428 1128 1.
1449 1100 1527 1135 Quae
1551 1098 1699 1128 Urbanum
1723 1104 1872 1129 moverant

1164 1143 1197 1171 :nl
1232 1144 1433 1173 decernendos
1474 1143 1502 1172 Β.
1536 1143 1665 1172 Eizeario
1700 1144 1871 1173 Sanctorum

1164 1188 1299 1216 bonores.
1317 1204 1356 1209 —
1373 1188 1400 1216 22.
1422 1186 1586 1216 Nonnullae
1604 1187 1727 1217 Elzearii
1752 1188 1871 1217 virtutes

1165 1237 1366 1261 recensentur.
1396 1248 1433 1252 —
1460 1232 1486 1260 3.
1516 1231 1664 1261 miracuta.
1689 1249 1724 1253 -
1746 1233 1773 1261 4.
1801 1232 1872 1261 Eum

1166 1274 1299 1305 Urbanus
1320 1276 1528 1314 praedecessor
1549 1275 1664 1304 Sanctis
1681 1277 1874 1305 adnumerare

1166 1324 1315 1349 statuerat.
1335 1337 1372 1342 —-
1389 1320 1457 1349 Eius
1481 1320 1669 1359 sepulchrum
1690 1321 1875 1350 visitantibus

1166 1365 1314 1394 concessit
1337 1365 1546 1402 indulgentias.
1569 1381 1606 1385 ——
1634 1365 1661 1394 5.
1685 1364 1795 1394 Gaudia
1825 1374 1875 1403 pro

1166 1409 1212 1439 his
1241 1410 1376 1449 proponit
1398 1409 1569 1447 Gregorius.
1602 1426 1640 1432 —-
1670 1410 1698 1439 ὃ,
1730 1408 1875 1439 Testimo-

1166 1454 1246 1483 nium
1267 1459 1400 1493 peractae
1423 1454 1458 1483 ab
1478 1453 1595 1484 Urbano
1614 1454 1666 1484 rei.
1687 1471 1725 1475 —
1746 1454 1771 1483 7.
1790 1453 1877 1483 Clau-

1167 1498 1260 1528 sulae.

1170 1565 1316 1600 Gregorius
1338 1565 1479 1601 episcopus
1498 1572 1592 1594 servus
1617 1573 1756 1595 servorum
1775 1565 1831 1598 Dei,

1273 1615 1306 1643 ad
1325 1616 1486 1651 perpetuam
1505 1616 1546 1644 rei
1565 1616 1733 1644 memoriam.

1179 1687 1303 1722 Rationi
1327 1688 1472 1733 congruit
1494 1696 1524 1722 et
1538 1688 1686 1723 convenit
1708 1689 1876 1727 honestati,

1130 1745 1163 1771 ut
1190 1749 1237 1778 ea,
1259 1750 1340 1784 quae
1359 1737 1397 1771 de
1420 1738 1551 1771 Romani
1580 1738 1743 1773 Pontificis
1771 1739 1876 1786 provi-

1129 1786 1234 1821 dentia
1264 1796 1493 1833 processerunt,
1516 1787 1607 1827 licet,
1630 1789 1699 1822 eius
1725 1800 1877 1835 superve-

1131 1836 1235 1870 niente
1251 1836 1350 1880 obitu‚
1373 1837 1478 1871 literae
1506 1837 1694 1884 apostolicae
1716 1838 1876 1872 confectae

1131 1897 1191 1919 non
1214 1885 1329 1920 fuerint
1350 1899 1445 1934 super
1468 1886 1539 1926 illis,
1566 1899 1653 1921 suam
1677 1899 1877 1935 consequan-

1131 1942 1180 1968 tur
1201 1934 1381 1970 efficaciam.

1179 1987 1194 2026 ἓ
1218 1988 1248 2018 t.
1271 1984 1355 2019 Olim
1383 1985 1539 2032 siquidem
1563 1984 1661 2019 felicis
1689 1986 1877 2020 recordatio-

1133 2032 1179 2066 nis
1200 2032 1346 2068 Urbanus
1376 2034 1459 2081 Papa
1487 2035 1627 2081 quintus,
1655 2035 1878 2082 praedecessor

1133 2090 1247 2127 noster,
1279 2084 1405 2130 provide
1435 2084 1609 2123 attendens,
1642 2085 1725 2132 quod
1740 2084 1878 2120 Domino

1133 2139 1238 2166 nostro
1260 2132 1327 2167 lesu
1343 2133 1482 2175 Christo,
1509 2133 1587 2179 Regi
1615 2146 1741 2180 regum,
1763 2143 1793 2169 et
1819 2134 1880 2169 do-

1133 2181 1316 2217 minantium
1336 2182 1483 2221 Domino.
1500 2183 1559 2217 sub
1574 2184 1663 2218 cuius
1675 2184 1792 2218 ditione
1806 2196 1881 2218 cun-

1132 2238 1178 2265 cta
1195 2233 1382 2277 consistunt,
1403 2245 1511 2279 magna
1531 2234 1699 2279 gratiarum
1720 2235 1879 2268 actionum

1133 2288 1161 2314 et
1184 2280 1311 2316 laudum
1335 2295 1350 2316 a
1378 2284 1500 2317 cunctis
1518 2282 1665 2318 fidelibus
1686 2282 1803 2318 Cliristi
1827 2283 1880 2318 de-

1135 2329 1246 2365 bentur
1274 2332 1445 2379 impendia,
1461 2333 1534 2367 dnm
1560 2334 1627 2380 ipse
1651 2332 1716 2367 Rex
1739 2333 1881 2367 caelestis

1133 2382 1273 2415 omnium
1297 2382 1446 2417 scientiae
1466 2382 1577 2429 gloria,
1600 2382 1690 2417 cuius
1713 2382 1880 2417 ineffabilis

1134 2429 1264 2465 altitudo
1301 2432 1450 2466 scientiae
1483 2441 1511 2466 et
1547 2432 1759 2480 providentiae
1787 2432 1881 2467 nullis

1136 2481 1254 2516 inclusa
1282 2481 1442 2521 tinnitibus,
1461 2482 1555 2517 nullis
1577 2482 1718 2517 terminis
1734 2494 1881 2530 compre-

1137 2531 1242 2572 hensa,
1264 2532 1337 2566 recti
1360 2544 1490 2566 censura
1511 2532 1617 2567 iudicii
1639 2532 1782 2567 caelestia
1798 2533 1880 2580 pari·

1136 2589 1181 2616 ter
1199 2589 1228 2616 et
1251 2590 1370 2617 terrena
1393 2581 1548 2629 disponit3
1573 2590 1698 2617 sanctos
1722 2595 1797 2617 suos
1826 2594 1881 2630 per

1171 2654 1210 2689 (ί)
1227 2653 1264 2681 Ex
1284 2652 1388 2688 Regest.
1407 2653 1432 2680 in
1452 2652 1559 2680 Archiv.
1578 2653 1659 2681 Vatic.

1877 258 1924 283 Ani
1944 257 1972 283 C.
1991 254 2051 283 157¹

1917 1703 2047 1724 Promotum.

1898 1996 1956 2023 Quae
1971 1995 2075 2016 Urbanum

1892 2027 2032 2048 moverantad
2041 2027 2075 2046 de>

1892 2059 2011 2079 cernendos
2021 2056 2077 2077 stit-

1893 2091 1963 2109 zeario
1989 2092 2076 2108 sancto·

1893 2126 1936 2141 rum
1953 2121 2052 2140 honores,
