2274 3265
241 249 290 275 An.
309 249 326 275 C
355 249 417 276 1907

248 1605 420 1626 'nectemsneo-

236 1643 279 1656 rum
296 1642 370 1657 causae
394 1636 418 1657 ab

238 1669 350 1687 (irdttiartts
382 1672 419 1687 ro-

238 1698 378 1721 minuendae*

489 239 553 271 tto

435 304 628 352 quibuslibet
676 304 828 350 religiosis
867 304 941 339 locis
981 304 1055 340 dicti
1093 304 1178 351 regni

435 355 597 389 Sardiniae
627 362 657 388 et
687 354 835 389 Corsicae
868 353 963 389 libere
985 354 1181 389 dimittantur

435 414 465 439 et
494 411 719 439 conserventur
756 404 874 450 integre
911 404 1014 438 omnia
1044 403 1123 439 bona
1151 411 1181 438 et

437 467 501 489 iura
539 466 659 489 eorum.
700 455 821 489 Omnes
858 453 986 499 insuper
1020 453 1180 488 Ecclesiae

436 513 496 540 tam
525 503 718 539 cathedrales
739 516 832 550 quam
862 502 939 537 aliae
973 503 1130 549 regulares
1151 511 1180 537 et

435 554 622 594 saeculareS,
644 565 702 588 nec
725 565 786 587 non
814 560 843 588 et
866 564 976 588 omnes
999 552 1125 599 praelati
1151 560 1181 586 et

434 603 550 647 clerici,
577 616 612 638 ae
636 602 798 638 universae
816 615 965 649 personae
987 602 1179 637 ecclesiasti-

434 665 487 688 cae
512 652 675 699 religiosae
697 661 727 687 ct
753 652 940 694 saeculares,
963 664 998 685 ac
1014 663 1181 698 quaecum-

434 715 495 750 que
523 703 666 749 religiosa
704 703 767 736 lora
804 714 874 736 euni
914 701 1062 735 omnibus
1090 700 1180 734 honis

433 753 498 787 suis
520 752 548 786 in
572 751 790 791 electionibus,
819 750 1092 797 postulationibus,
1120 762 1178 784 no-

435 801 671 840 minationibus,
707 799 948 847 provisionibus,
975 807 1004 833 et
1032 799 1179 841 omnibus

433 851 501 886 aliis
526 851 617 898 plena
645 850 784 885 libertate
807 849 1009 894 gautlcliu1113
1033 861 1090 883 nec
1110 859 1179 883 ante

433 900 630 940 electionem,
658 899 722 933 sive
757 901 784 933 iu
820 899 990 939 electione,
1021 898 1066 933 vel
1090 907 1179 945 post,

434 951 540 997 regius
562 961 709 984 assensus
725 949 768 983 vel
793 948 962 983 consilium
981 948 1180 995 aliquatenus

434 1000 624 1046 requiratur,
664 1011 758 1045 quani
792 1000 898 1046 utique
932 998 1105 1033 libertatem
1148 1006 1178 1032 tu

433 1057 462 1083 et
485 1049 528 1083 tui
554 1049 582 1082 in
605 1049 716 1083 eodem
744 1061 840 1094 reguo
874 1048 1023 1083 haeredes
1054 1060 1181 1094 semper

435 1098 678 1133 manutenebitis
712 1105 741 1132 et
770 1098 965 1132 manuteneri
994 1106 1023 1131 et
1050 1110 1179 1132 conser-

435 1148 497 1182 vari
521 1147 641 1182 facietis
662 1147 701 1182 ab
727 1147 873 1182 omnibns
895 1147 1030 1181 subditis
1055 1147 1179 1188 vestris;

434 1197 596 1245 dictaeque
630 1197 788 1232 Ecclesiae
817 1205 846 1231 ct
879 1209 1029 1243 personae
1054 1205 1181 1232 utentur

435 1247 530 1282 libere
565 1246 714 1281 omnibus
753 1246 842 1281 honis
875 1256 902 1282 et
939 1245 1063 1281 iuribus
1095 1247 1179 1287 suis,

433 1297 518 1331 salvo
541 1296 593 1331 tibi
623 1305 653 1331 et
675 1297 737 1331 tuis
760 1296 788 1331 in
819 1309 915 1343 regno
943 1297 1011 1343 ipso
1034 1296 1180 1331 haeredi—

434 1346 493 1381 bus
522 1347 774 1393 inrepatronatus
809 1347 840 1380 in
874 1346 1024 1381 Ecclesiis
1056 1346 1085 1380 in
1110 1355 1179 1381 tan—

435 1405 514 1436 tum,
537 1404 690 1443 quantum
721 1399 751 1430 iu
779 1396 837 1430 hoc
862 1396 999 1442 patronis
1022 1395 1180 1431 Ecclesia-

435 1458 501 1480 rum
526 1446 673 1480 canoniea
690 1446 829 1480 instituta
847 1445 1042 1484 concedunt,
1066 1445 1097 1479 in
1120 1446 1180 1480 illis

434 1495 593 1530 dumtaxat
617 1494 780 1537 Ecclesiis,
817 1495 846 1529 in
869 1495 986 1542 quibus
1010 1494 1077 1535 tibi,
1101 1496 1179 1530 tuis-

434 1557 495 1591 que
521 1544 709 1580 haeredibus
733 1546 964 1591 iuspatronatns
1000 1553 1180 1592 competere

434 1595 648 1641 dignoscetur.
672 1594 792 1629 Omnes
810 1595 902 1629 etiam
927 1606 1049 1638 causae,
1081 1594 1118 1629 ad
1140 1594 1181 1629 fo-

436 1657 502 1678 rum
526 1644 771 1679 ecclesiasticum
796 1646 1004 1691 pertinentes,
1032 1643 1129 1679 libere
1151 1653 1179 1680 et

434 1693 552 1741 absque
592 1694 654 1729 ullo
689 1693 917 1741 impedimento
961 1693 1179 1740 agitabuntur,

435 1743 649 1778 tractabuntur
683 1752 711 1778 et
736 1743 972 1779 ventilabuntur
990 1755 1095 1778 coram
1114 1744 1179 1779 suis

434 1793 600 1828 ordinariis
623 1802 651 1828 et
674 1794 741 1828 aliis
764 1793 986 1829 ecclesiasticis
1010 1793 1180 1836 iudicibus,

434 1853 464 1879 et
483 1844 734 1879 terminabuntur
759 1858 812 1891 per
840 1857 908 1879 eos:
945 1853 974 1879 et
996 1844 1019 1878 si
1052 1844 1089 1879 ad
1121 1843 1181 1879 Se—

434 1895 505 1930 dem
529 1894 748 1950 Apostolicani'
762 1907 857 1942 super
873 1895 1053 1929 huiusmodi
1078 1895 1181 1930 causis

434 1945 582 1992 appellari
599 1945 775 1991 contigerit,
799 1954 858 1979 tam
876 1945 1069 1992 appellantes
1086 1959 1179 1993 quam

434 1995 577 2043 appellati
613 1996 649 2029 ad
678 1994 821 2029 eamdem
851 2008 953 2030 venire
982 1996 1096 2031 Sedem
1126 2010 1180 2043 pro

433 2046 679 2092 appellationum
717 2046 991 2092 prosecutionibus
1028 2046 1125 2081 libere
1152 2054 1181 2081 et

433 2096 552 2143 absque
591 2094 778 2130 inhibitione
817 2095 920 2142 aliqua
950 2097 1178 2143 permittantur.

434 2145 590 2180 Omnibus
613 2146 741 2192 insuper
764 2146 920 2192 capitulis,
940 2146 1092 2192 collegiis,
1112 2159 1180 2181 con-

436 2196 579 2231 ventibus
613 2204 641 2230 et
670 2197 813 2242 personis
844 2195 1081 2237 ecclesiasticis,
1116 2196 1182 2230 reli—

434 2246 528 2293 giosis
550 2254 579 2279 et
597 2244 822 2287 saecularibus,
845 2258 881 2280 ae
901 2245 1182 2281 communitatibus

436 2296 480 2331 vel
516 2294 774 2331 universitatibus
808 2304 838 2330 et
869 2296 1013 2343 personis
1040 2296 1182 2330 saecula-

435 2346 522 2381 ribus
535 2358 812 2393 quorumcumque
832 2346 970 2381 locorum
990 2346 1063 2381 dieti
1081 2346 1181 2392 regni,

435 2397 664 2443 cuiuscumque
699 2396 889 2431 conditionis
910 2404 940 2431 et
970 2403 1067 2431 status
1100 2397 1180 2431 exti-

435 2448 539 2490 terint,
554 2447 676 2494 quoties
692 2459 746 2494 per
774 2453 813 2487 te,
842 2445 886 2481 vel
916 2447 1049 2494 aliquem
1074 2446 1183 2481 haere-

435 2497 509 2531 dum
533 2505 657 2531 tuorum
683 2505 752 2531 tuos
771 2496 916 2532 officiales
940 2496 985 2531 vel
1009 2496 1182 2537 ministros,

435 2555 486 2580 aut
508 2547 639 2581 alicuius
661 2559 769 2582 eorum
793 2547 949 2582 senserint
971 2559 1003 2582 se
1029 2554 1181 2592 gravatos,

435 2596 473 2630 ad
487 2596 698 2643 Apostolicam
722 2596 838 2632 Sedem
862 2596 994 2632 liberum
1013 2609 1109 2644 super
1126 2597 1183 2632 hoc

438 2645 525 2679 liceat
543 2645 658 2680 habere
683 2659 863 2687 recursum·⁷
893 2659 949 2681 nee
979 2647 1184 2694 praestabitur

1025 249 1122 271 BULLA
1129 250 1158 271 ΙΗ
1166 249 1207 271 ΒΜ
1238 248 1304 270 ΙΚΟΜ
1311 248 1396 271 ANUM

1990 250 2038 277 An.
2057 250 2167 279 6,-1197

1221 304 1267 339 cis
1289 303 1502 344 obstaculum,
1539 303 1710 351 quominus
1739 303 1835 339 libere
1863 313 1893 341 et
1921 317 1973 341 se-

1222 366 1296 388 cure
1325 361 1496 388 recurrant.
1533 351 1736 389 Sacramenta
1770 366 1845 390 vero
1872 354 1974 390 fideli-

1222 403 1292 438 tatis
1323 415 1375 438 seu
1396 402 1637 438 assecurationis
1658 403 1899 450 praestabuntur
1923 417 1974 440 se-

1221 452 1361 488 cundum
1396 453 1557 500 antiquam
1594 460 1623 488 et
1657 452 1872 488 rationabilem
1902 466 1974 490 con-

1221 502 1435 544 suetudinem,
1459 510 1551 551 prout
1572 502 1722 537 canonica
1746 503 1886 538 instituta
1902 516 1973 552 per-

1223 552 1367 594 mittunt,
1401 553 1440 588 ab
1477 552 1538 587 illis
1566 551 1779 587 Ecclesiarum
1810 553 1972 609 praelatis

1222 613 1356 648 quorum
1401 602 1661 649 praedecessores
1704 602 1752 636 illa
1795 603 1973 650 antiquitus

1222 651 1303 686 soliti
1335 660 1410 686 sunt
1438 661 1607 699 praestare.
1776 662 1778 665 ’

1270 704 1290 745 5
1317 703 1348 735 8.
1385 700 1432 735 Ab
1459 701 1518 736 illis
1544 710 1649 736 autem
1680 701 1823 747 praelatis
1855 710 1885 736 et
1912 701 1972 737 Ec·
1993 710 2045 730 Ant
2035 718 2066 736 ιι
2057 711 2172 731 waud-

1222 749 1343 790 6115115,
1371 750 1424 797 qui
1455 751 1635 798 temporalia
1670 750 1750 785 bona
1786 759 1910 796 tenent,
1946 752 1970 786 si
1987 742 2039 793 ¹¹¹¹„ss
2042 747 2119 793 ,5,,ἷ,Γ,4,,
2119 743 2160 793 ’,Ἐξ
2161 747 2170 762 ⁸

1221 799 1272 846 qui
1302 807 1405 834 tamen
1429 808 1514 841 sunt,
1543 814 1594 847 qui
1618 800 1799 835 huiusmodi
1823 800 1902 836 bona
1926 809 1973 836 te-

1222 857 1315 883 neant
1350 862 1365 883 a
1388 849 1517 884 domino
1539 850 1613 884 dicti
1637 850 1739 896 regni,
1768 859 1798 885 et
1819 851 1887 885 aliis
1914 850 1973 885 do—

1222 899 1319 932 minis
1350 898 1589 945 temporalibus,
1624 907 1654 933 et
1688 900 1739 954 qui
1769 901 1890 936 ratione
1918 900 1974 934 hu-

1223 947 1358 983 iusmodi
1382 948 1535 983 bonorum
1569 948 1607 983 ab
1633 948 1762 995 antiquo
1797 961 1974 985 consueve-

1222 1006 1295 1032 runt
1318 997 1445 1044 regibus
1468 998 1513 1032 vel
1536 997 1605 1032 aliis
1630 997 1766 1033 dominis
1793 999 1973 1047 temporali-

1223 1047 1292 1088 bus,
1313 1048 1344 1081 in
1363 1046 1448 1082 dicto
1472 1059 1569 1103 regno
1590 1047 1753 1082 Sardiniae
1775 1055 1806 1082 et
1826 1047 1973 1085 Corsicae

1222 1096 1420 1138 constitutis,
1452 1097 1573 1132 servitia
1601 1097 1763 1136 exhibere
1791 1098 1971 1134 huiusmodi

1223 1147 1352 1182 honesta
1375 1156 1405 1182 et
1426 1147 1554 1194 antiqua
1576 1147 1702 1182 servitia
1724 1147 1770 1182 eis
1796 1147 1972 1183 secundum

1223 1196 1439 1231 rationabilem
1461 1205 1492 1231 et
1514 1197 1675 1244 antiquam
1700 1197 1974 1242 consuetudinem,

1221 1254 1251 1280 et
1279 1246 1358 1281 sicut
1381 1246 1519 1281 instituta
1550 1247 1709 1294 patiuntur
1737 1247 1900 1291 canonica,
1920 1247 1975 1281 im-

1222 1296 1414 1343 pendantur:
1444 1295 1527 1331 salva
1556 1308 1682 1344 semper
1712 1295 1793 1331 circa
1818 1296 1975 1332 Ecclesias

1221 1345 1434 1390 cathedrales,
1457 1354 1488 1380 et
1523 1345 1600 1381 alias
1623 1346 1781 1393 regulares
1804 1356 1834 1381 et
1860 1357 1976 1381 saecu-

1222 1395 1314 1437 lares,
1347 1408 1383 1430 ac
1410 1407 1560 1443 personas
1589 1403 1620 1430 et
1652 1395 1721 1430 loca
1748 1395 1972 1437 ecelesiastica,

1223 1452 1283 1480 tam
1313 1446 1343 1480 in
1373 1445 1524 1481 faciendis
1547 1445 1777 1492 provisionibus
1799 1454 1829 1481 et
1850 1445 1974 1481 electio-

1222 1494 1316 1529 nibus
1353 1494 1589 1537 confirmandis,
1629 1507 1722 1542 quam
1759 1496 1790 1530 in
1826 1495 1975 1537 omnibus

1221 1544 1477 1592 quibuscumque
1497 1544 1576 1585 aliis,
1598 1544 1729 1580 Romani
1756 1544 1919 1580 Pontificis
1945 1553 1975 1581 et

1222 1594 1381 1629 Ecclesiae
1410 1593 1552 1630 Romane
1581 1594 1816 1639 iurisdictione,
1848 1607 1885 1630 ac
1910 1606 1974 1630 au-

1221 1645 1364 1680 ctoritate
1388 1643 1523 1691 plenaria
1547 1652 1576 1678 et
1599 1644 1693 1679 libera
1716 1652 1881 1691 potestate

1270 1694 1289 1741 5
1317 1698 1349 1728 9.
1372 1693 1549 1729 Revocabis
1575 1706 1701 1742 quoque
1724 1706 1835 1729 omnes
1861 1696 1974 1730 consti·
2002 1704 2067 1731 Leges
2098 1709 2170 1726 eontra

1224 1745 1370 1784 tutiones,
1393 1756 1448 1779 seu
1477 1743 1564 1790 leges
1600 1744 1645 1779 vel
1667 1751 1781 1779 statuta
1804 1756 1859 1792 per
1883 1756 1974 1791 reges
1988 1736 2171 1788 ,ἧζῖζὸζξῗζωῗξῖ

1221 1804 1276 1828 seu
1320 1770 1700 1841 ρ1111611165ῧ53661113165
1740 1793 1905 1829 Sardiniae
1944 1802 1974 1829 et
1989 1800 2019 1818 '³
2037 1799 2167 1819 ftv⁰⁰³¹¹d³

1222 1842 1370 1880 Corsicae
1392 1845 1490 1880 editas
1523 1854 1630 1880 contra
1662 1844 1908 1880 ecclesiasticam
1935 1844 1975 1879 li-

1223 1893 1392 1937 beitatem,
1428 1908 1485 1931 1166
1513 1904 1629 1931 statuta
1662 1897 1706 1931 vel
1735 1896 1975 1932 constitutiones

1223 1948 1342 2003 aliquas
1373 1957 1404 1982 tu
1440 1948 1484 1983 rel
1507 1947 1620 1995 aliquis
1643 1947 1812 1982 haeredum
1849 1955 1974 1983 tuorum

1224 2011 1252 2032 in
1282 1999 1364 2034 dicto
1390 2011 1487 2046 regno
1510 1998 1607 2033 edetis
1642 2005 1695 2032 ant
1722 1997 1975 2045 promulgabitis,

1224 2062 1279 2096 per
1300 2062 1380 2097 quae
1413 2062 1468 2084 seu
1492 2061 1569 2096 quas
1589 2048 1647 2082 iuri
1671 2055 1700 2083 et
1723 2047 1854 2083 libertati
1880 2047 1975 2083 eccle-

1223 2100 1366 2135 siasticae
1393 2099 1574 2147 derogetur.

1272 2155 1291 2201 5
1318 2157 1370 2190 10.
1395 2154 1563 2189 Promittes
1590 2153 1695 2194 etiam,
1718 2152 1815 2200 quod,
1845 2161 1897 2187 tuo
1926 2153 1974 2188 vel

1224 2208 1392 2244 haeredum
1417 2217 1541 2245 tuorum
1567 2216 1721 2255 tempore,
1752 2207 1859 2243 nullus
1882 2207 1976 2243 cleriss

1223 2277 1280 2299 cus
1319 2264 1365 2298 vel
1407 2276 1539 2310 persona
1579 2262 1791 2297 ecclesiastica
1832 2263 1973 2298 eiusdem

1224 2319 1310 2365 regni
1335 2318 1363 2352 in
1388 2318 1469 2352 ‹rivili
1495 2318 1540 2352 vel
1563 2317 1715 2352 criminali
1738 2329 1830 2352 eausa
1858 2329 1976 2367 conve-

1225 2374 1327 2407 nietur
1349 2385 1454 2408 coram
1484 2372 1586 2407 iudice
1608 2371 1770 2414 saeculari,
1797 2371 1854 2406 nisi
1880 2384 1975 2419 super

1225 2427 1328 2463 leudis
1356 2427 1473 2463 iudicio
1496 2427 1639 2474 petitorio
1662 2427 1868 2461 conveniatur
1889 2427 1975 2462 civi—

1225 2484 1305 2528 liter,
1326 2490 1484 2530 quatenus
1506 2482 1654 2517 canonica
1678 2482 1741 2516 iura
1771 2482 1973 2529 permittunt:

1224 2537 1277 2572 sed
1301 2537 1448 2572 omnibus
1471 2536 1622 2572 Ecclesiis
1644 2544 1674 2571 et
1697 2537 1839 2584 personis
1865 2536 1976 2572 eccle-

1224 2592 1356 2627 siasticis
1379 2600 1580 2628 conservetur
1601 2591 1743 2632 libertas3
1778 2591 1834 2626 nisi
1865 2591 1905 2626 sit
1937 2591 1974 2626 de

1226 2646 1285 2680 illis
1309 2647 1464 2694 personis,
1488 2646 1525 2681 de
1548 2645 1665 2694 quibus
1696 2646 1759 2679 iura
1784 2645 1974 2693 permittant.

2003 2160 2062 2181 Atiae
2099 2160 2173 2180 coniti-

1990 2194 2066 2212 tiones.
