2274 3265
69 294 120 320 An.
138 293 165 320 C.
185 293 252 320 ¹283

887 291 1052 313 MitttTtNtfs
1074 290 1106 312 tv
1129 291 1175 312 Pt’.

268 345 496 393 proferendam,
525 346 655 393 proinde
684 344 848 380 innodatos
870 357 938 379 esse
960 344 1012 378 ‹le-

265 395 420 430 crevimus
448 395 515 443 ipso
538 395 635 440 sat-to,
657 408 691 430 ac
714 395 737 429 si
760 393 900 441 expressi
935 393 1010 427 suis-

265 454 333 479 sent
362 445 391 479 in
415 445 595 479 huiusmodi
619 456 783 491 processus
805 444 901 478 nostri
931 443 1010 477 sci-ie

266 495 462 535 nominalium
493 495 633 529 civitates
655 505 738 531 vero,
770 501 867 527 castra
906 501 935 527 et
953 493 1009 527 alia

266 543 331 578 loca
354 544 521 590 quaelibet,
541 556 598 577 nec
612 555 673 577 non
691 543 918 580 universitates,
931 555 1011 589 quae
1030 580 1033 587 Ι

266 593 325 627 13111
354 593 446 628 dictis
484 593 722 631 monitionibus,
757 592 929 639 praeceptis
963 592 1009 626 vel

266 643 504 677 inhibitionibus
527 654 587 676 non
612 650 766 689 parerent,
801 641 1011 676 ecclesiastico

266 692 443 733 interdicto,
466 692 549 739 quod
573 705 609 726 ex
633 699 707 726 tunc
731 692 760 725 in
791 691 839 726 illa
869 692 1009 738 promul·

264 754 338 787 gat-e
369 742 561 783 curavimus,
602 754 671 775 esse
705 740 861 775 voluimus
900 742 1009 776 eodem

266 791 358 826 modo
381 791 531 826 subiecta.
555 790 721 825 Interdicta
745 804 816 826 vero
841 792 1010 837 praemissa

263 841 308 875 sic
334 849 419 875 arcte
447 841 666 887 praecepimus
703 840 873 880 ol›serv¹,ati
916 849 946 875 nt
982 841 1010 874 in

265 890 351 934 locis,
374 902 453 938 quae
477 890 659 925 incidissent
688 890 716 923 in
741 903 787 929 ea
817 890 861 924 vel
892 890 1012 925 incide-

264 948 331 974 rent
360 940 567 980 infuturum
596 940 678 974 nulla
711 940 920 975 ecclesiastica
956 953 1012 975 sa—

263 997 432 1030 cramenta,
454 989 594 1036 exerptis
631 990 789 1023 dumtaxat
823 989 864 1023 Ba
857 992 1012 1036 Ι[1115111313

264 1039 463 1086 parvulorum
499 1048 528 1073 et
564 1037 770 1073 poenitentiis
799 1040 1012 1083 tnorituttium,

263 1089 527 1127 ministrarentur,
551 1088 633 1122 nulla
658 1089 760 1122 divina
780 1088 1013 1123 celebrarentur

262 1137 374 1183 officia,
403 1138 459 1172 nisi
496 1137 596 1171 solum
635 1139 800 1172 missarum
835 1138 1013 1181 solemnia,

262 1200 342 1235 quae
371 1189 399 1221 in
423 1186 657 1222 cathedralibus
679 1196 707 1222 et
742 1188 810 1221 aliis
843 1188 1014 1234 collegiatis

262 1245 292 1271 et
308 1236 539 1283 parochialibus
557 1237 698 1271 ecclesiis
718 1237 755 1270 ad
778 1223 1010 1272 conficietidutu

263 1286 387 1334 Corpus
401 1285 518 1321 Christi
535 1286 739 1320 mOtientibus
758 1286 1013 1331 ministrandum,

263 1335 418 1370 submissa
444 1347 529 1379 voce,
558 1336 672 1370 clausis
701 1336 811 1375 13111115,
843 1336 1013 1371 interdictis

262 1393 292 1419 et
307 1385 590 1419 excommunicatis
610 1397 739 1432 prorsus
756 1385 902 1425 exclusis
915 1386 1012 1420 semel

262 1442 382 1469 tantum
417 1436 445 1468 in
483 1435 657 1480 septimana
692 1435 895 1481 permisimus
930 1436 1013 1470 cele-

237 1504 241 1507 -
265 1483 357 1518 brari.
385 1483 453 1518 Non
482 1483 678 1518 obstantibus
705 1485 898 1530 quibuslibet
927 1485 1014 1530 privi-

83 2033 234 2061 Rescissusque

0 2087 1 2091 ,
68 2067 178 2092 pactiones
206 2072 252 2086 um—

0 2096 2 2130 1
66 2101 104 2117 ue·
114 2097 138 2117 ad
155 2097 194 2117 hor·
211 2098 253 2117 ini-

65 2130 105 2148 tn:

265 1533 353 1579 legiis
389 1534 435 1567 vel
476 1533 681 1579 indulgentiis
720 1534 1012 1576 Cisterciensibus,

266 1582 550 1626 praedicatoribus,
578 1583 752 1618 Minoribus
777 1584 822 1619 vel
858 1584 1014 1631 religiosis

265 1631 334 1666 aliis
360 1640 412 1667 aut
443 1633 656 1667 saecularibus
698 1634 840 1681 personis
877 1634 1014 1680 dignita—

267 1682 360 1727 tibus,
378 1682 565 1720 civitatibus,
597 1683 717 1723 castris,
747 1683 836 1728 locis,
873 1684 1014 1730 collegiis

266 1732 312 1766 vel
351 1733 609 1767 universitatibus
642 1733 909 1780 quibuscumque,
955 1734 1014 1768 sub

266 1782 376 1828 quavis
399 1781 496 1817 forma
525 1784 571 1817 vel
608 1784 810 1830 expressione
847 1783 1012 1818 verborum

266 1831 305 1866 ab
332 1831 440 1866 eadem
474 1831 556 1866 Sede
586 1833 756 1877 concessis,
796 1846 876 1880 quae
909 1834 1013 1867 omnia

266 1880 368 1928 quoad
398 1882 473 1916 haec
497 1882 641 1917 volumus
663 1884 790 1917 omnino
813 1882 928 1917 viribus
956 1896 1014 1917 va—

268 1943 365 1965 cuart.

317 1980 336 2027 S
358 1982 413 2014 12.
438 1980 476 2014 Et
500 1981 704 2015 nihilominus
727 1982 903 2024 societates,
926 1981 1015 2015 colli-

268 2031 420 2075 gationcs,
461 2031 685 2065 conventiones
734 2031 940 2070 huiusmodi,
986 2041 1015 2067 et

268 2079 421 2126 quaslibet
447 2080 522 2114 alias
558 2080 652 2115 factas
679 2089 708 2115 et
730 2082 821 2115 etiam
857 2081 1015 2115 faciendas

267 2129 296 2163 in
321 2129 424 2164 favore
452 2130 550 2177 ipsius
574 2131 654 2176 regis
693 2131 875 2177 Aragonum
912 2131 1013 2177 quoad

267 2179 386 2214 instans
409 2179 570 2225 negotium
593 2180 735 2215 eiusdem
765 2181 851 2226 regni
888 2180 1015 2215 Siciliae

266 2237 318 2263 aut
341 2229 370 2262 in
395 2228 555 2264 Ecclesiae
582 2242 636 2264 seu
670 2230 751 2277 regis
782 2230 885 2265 Caroli
923 2243 1013 2278 prae-

265 2278 420 2313 dictorum
460 2280 690 2335 qualecumque
729 2280 931 2335 dispendium
969 2280 1014 2314 vel

264 2340 432 2374 gravamen
463 2329 584 2363 etiamsi
609 2339 714 2365 essent
753 2330 1013 2370 iuramentorum,

265 2389 437 2424 poenarum
461 2377 638 2414 adiectione
664 2380 709 2414 vel
737 2381 848 2426 quovis
863 2381 922 2414 alio
946 2380 1014 2414 vin-

264 2428 335 2462 culo
372 2428 558 2473 r,oboratae
597 2429 636 2463 de
668 2430 830 2476 potestatis
876 2430 1014 2477 plenitu-

265 2476 337 2512 dine
365 2478 583 2517 dissolventes,
609 2488 638 2514 et
667 2491 773 2513 carere
808 2480 1013 2514 decernentes

264 2528 348 2562 omni
373 2527 483 2562 robore
506 2527 671 2573 firmitatis,
701 2529 865 2564 universos
888 2538 917 2563 et
952 2531 1015 2564 sin-

263 2578 355 2622 gulos
378 2578 430 2624 qui
465 2590 499 2611 se
533 2577 569 2611 ad
613 2590 719 2612 earum
759 2578 1010 2613 observationem

263 2628 566 2673 quomodocumque
583 2639 636 2661 seu
661 2636 954 2675 quantumcumque
968 2640 1013 2662 so-

1706 280 1752 312 67,

1053 343 1251 378 decrevimus
1270 356 1330 378 non
1351 345 1458 378 teneri.
1488 344 1553 378 Nec
1581 356 1636 391 pro
1658 356 1695 379 eo
1714 344 1798 392 qnod

1055 393 1138 440 ipsas
1177 392 1292 426 deinde
1328 394 1456 428 minime
1493 393 1720 438 observarent,
1760 394 1798 429 de

1055 452 1139 477 reatu
1165 443 1291 489 periurii
1315 452 1367 478 aut
1397 443 1514 477 ratione
1550 455 1721 489 poenarum
1752 443 1797 478 vel

1054 493 1299 525 conventionum
1328 491 1537 540 quarumlibet
1560 492 1749 528 adiectarum
1768 494 1797 528 in

1055 541 1116 576 illis
1138 553 1229 588 posse
1258 542 1288 576 in
1314 542 1428 576 iudicio
1457 541 1503 574 vel
1527 550 1609 575 extra
1649 543 1797 578 iudicium

1054 591 1174 638 impeti,
1202 603 1255 625 seu
1279 592 1477 639 aliquatenus
1509 591 1682 626 molestari:
1723 593 1798 640 quin

1055 641 1149 675 immo
1172 654 1225 675 eos
1252 640 1292 676 ab
1319 641 1439 676 illarum
1472 640 1688 676 observatione
1740 642 1800 677 sub

1056 703 1152 736 poena
1182 690 1526 728 excommunicationis.
1549 703 1642 738 quam
1666 703 1702 725 ex
1726 699 1800 727 tnnc

1056 740 1254 785 protulimus,
1277 749 1305 774 et
1335 741 1419 788 ipsos
1458 740 1482 774 si
1519 752 1611 775 set-us
1650 740 1799 786 facerent,

1055 790 1216 825 incurrere
1247 790 1403 825 voluimus
1434 789 1503 836 ipso
1537 790 1627 830 tacto,
1673 803 1800 837 praece-

1055 840 1159 886 pimus
1200 840 1326 895 penitus
1373 839 1541 874 abstinere.
1583 839 1802 875 Praediximus

1050 902 1180 936 quoque
1207 890 1344 936 apertius
1370 889 1520 924 omnibus
1559 896 1620 924 tam
1659 891 1802 946 personis

1055 939 1276 974 cccltsiasticis
1303 948 1332 974 et
1355 938 1578 980 saecularibus,
1601 952 1694 986 qnam
1724 940 1802 974 civi-

1056 988 1171 1023 tatibus
1199 989 1339 1036 locisque
1380 989 1448 1024 aliis
1483 996 1513 1023 et
1549 989 1802 1024 universitatibus

1055 1038 1269 1085 supradictis,
1306 1051 1386 1086 qnae
1428 1037 1611 1073 huiusmodi
1647 1039 1802 1074 mandatis

1056 1089 1182 1131 nostris,
1207 1089 1383 1135 praeceptis
1405 1096 1435 1123 et
1458 1087 1698 1124 inhibitionibus
1725 1101 1802 1123 con—

1056 1137 1221 1171 tumaciter
1243 1150 1304 1171 non
1329 1146 1485 1184 parerent,
1504 1137 1589 1185 quod
1615 1150 1675 1172 non
1699 1139 1801 1173 solum

1055 1187 1092 1221 ad
1116 1187 1337 1233 exequendum
1362 1187 1624 1222 comminationes
1651 1189 1802 1235 praemis-

1055 1248 1117 1280 sas,
1144 1236 1198 1270 sed
1228 1244 1258 1270 et
1280 1236 1356 1271 alias
1382 1237 1508 1283 gravius
1534 1237 1737 1283 spiritualiter
1771 1246 1801 1271 et

1056 1286 1271 1331 temporaliter
1304 1293 1410 1320 contra
1451 1298 1517 1330 eOS,
1555 1294 1586 1321 et
1623 1287 1803 1334 specialiter

1056 1343 1162 1370 contra
1186 1335 1337 1374 civitates,
1367 1348 1444 1382 quas
1465 1335 1662 1382 contingeret
1688 1337 1719 1371 in
1748 1336 1803 1370 bu-

1056 1384 1190 1419 iusmodi
1214 1386 1409 1419 contumacia
1433 1384 1645 1432 depraehendi
1668 1385 1706 1419 ad
1737 1386 1803 1432 pri-

1058 1435 1192 1468 vandum
1221 1447 1275 1469 eos
1302 1434 1561 1482 archiepiscopali
1597 1435 1642 1469 vel
1678 1435 1802 1482 episco-

1057 1485 1115 1531 pali
1156 1484 1319 1530 dignitate.
1356 1483 1471 1519 Contra
1507 1493 1697 1519 memoratos
1732 1496 1803 1518 vero

1056 1533 1190 1568 rebelles
1213 1533 1332 1568 insulae
1355 1534 1552 1581 supradictae
1591 1534 1627 1568 ad
1671 1534 1802 1569 interdi-

1056 1583 1189 1617 cendum
1221 1584 1295 1630 ipsis
1335 1596 1406 1618 cum
1444 1583 1635 1638 quibuslibet
1674 1584 1743 1619 aliis
1776 1592 1804 1618 et

1055 1634 1123 1668 aliis
1145 1633 1399 1681 quibuscumque
1420 1645 1491 1667 cum
1515 1633 1561 1667 eis
1594 1645 1687 1669 omne.
1715 1645 1803 1668 com-

1057 1695 1208 1717 ntetctutn
1246 1684 1372 1731 quand»
1400 1691 1429 1717 et
1453 1691 1545 1730 prout
1566 1681 1636 1717 sacti
1659 1684 1803 1718 suaderet

1056 1733 1187 1780 qualitas
1209 1741 1240 1767 et
1266 1732 1331 1767 fore
1354 1732 1531 1767 videremus
1545 1733 1727 1780 expediens,
1747 1746 1802 1769 cu-

1058 1795 1198 1817 raremus
1221 1783 1399 1829 procedete.

1817 289 1866 315 An.
1883 289 1911 316 C.
1929 290 1995 316 ¹285

1830 899 1927 925 atraque
1946 904 1998 924 po·-

1816 937 1853 951 1135
1869 931 1999 950 intucta-tn-

1816 962 1970 983 obedientibusz

1105 1832 1204 1879 §15
1229 1833 1275 1866 Ad
1299 1833 1375 1868 haee
1410 1832 1554 1879 ptaefatis
1588 1832 1649 1878 regi
1681 1831 1803 1878 Arago-
1839 1842 1980 1869 tuarumque

1815 1873 1886 1898 Pati-o,
1902 1872 1999 1894 michaeli

1058 1895 1144 1922 1111111,
1167 1882 1311 1917 Micltaeli
1335 1882 1524 1929 Palaeologo,
1547 1889 1576 1916 et
1594 1882 1661 1916 31115
1674 1882 1802 1916 univer·
1815 1904 1949 1930 pamm„
1963 1904 2000 1925 ὼ,

1056 1932 1110 1976 515,
1138 1932 1190 1978 qni
1214 1940 1320 1967 contra
1346 1932 1516 1979 praemissa
1545 1939 1648 1965 nostra
1684 1940 1802 1966 monita
1816 1937 1945 1964 ¹⁸¹tued¹e¹¹³

1057 1990 1085 2015 ct
1110 1991 1272 2028 praecepta
1300 1982 1346 2016 vel
1374 1981 1578 2016 inhibitiones
1609 1980 1800 2027 praedictum

1057 2043 1189 2077 regnum
1212 2031 1337 2065 Siciliae
1361 2032 1389 2065 in
1414 2031 1522 2066 eadem
1552 2030 1651 2065 insula
1678 2043 1732 2065 seu
1771 2030 1801 2064 in

1058 2081 1189 2128 reliquis
1213 2081 1297 2127 regni
1327 2081 1453 2128 praefati
1483 2080 1621 2128 partibus
1644 2080 1801 2123 invadere,

1057 2130 1193 2175 turbare,
1219 2132 1369 2177 impetere
1392 2144 1447 2165 seu
1470 2131 1634 2164 molestare
1662 2141 1801 2177 quomo-

1057 2179 1174 2215 dolibet
1198 2188 1476 2228 praesumpsetunt
1510 2178 1635 2227 publice
1666 2179 1713 2213 vel
1747 2191 1802 2213 oc-

1057 2231 1150 2270 culte,
1173 2230 1310 2276 genetali
1332 2239 1358 2264 et
1375 2230 1523 2285 publico
1539 2229 1642 2263 edicto
1676 2228 1801 2263 denun-

1057 2279 1221 2323 tiatimns,
1243 2280 1328 2327 quod
1353 2280 1410 2313 nist
1440 2292 1493 2314 tex
1517 2279 1583 2326 ipse
1605 2277 1800 2325 Aragonum,

1057 2329 1171 2376 aliique
1192 2308 1338 2376 111-30111011
1363 2331 1391 2363 111
1415 2329 1532 2363 eisdem
1557 2328 1658 2362 insula
1692 2336 1721 2362 et
1752 2339 1801 2362 re-

1056 2391 1118 2424 ‘gno
1140 2379 1266 2414 Siciliae
1287 2391 1322 2413 ac
1346 2378 1454 2414 vicinis
1467 2390 1522 2413 seu
1546 2378 1802 2425 quibuscumque

1056 2413 1161 2463 italiae
1194 2428 1334 2476 partibus
1369 2435 1600 2463 commorantes
1637 2426 1716 2462 insta
1757 2426 1803 2461 l'e-

1057 2487 1139 2513 stum
1155 2478 1385 2513 Purificationis
1407 2478 1520 2513 Beatae
1546 2476 1685 2523 Virginis
1708 2488 1803 2532 supet·

1058 2530 1270 2584 praeteritum,
1293 2528 1343 2562 alii
1368 2540 1439 2562 tero
1467 2528 1495 2562 in
1519 2504 1621 2561 locis0
1624 2526 1803 2561 remotiori-

1057 2578 1116 2613 bus
1138 2578 1298 2613 constituti
1335 2577 1410 2612 infra
1443 2576 1593 2611 kalendas
1623 2576 1743 2623 aprilis,
1767 2587 1802 2610 ac

1057 2629 1137 2662 idem
1153 2628 1348 2673 Pataeotogus
1366 2626 1441 2661 infra
1465 2625 1613 2660 kalendas
1635 2626 1706 2660 maii
1730 2637 1803 2673 pro-

264 2676 411 2711 lemniter
432 2677 657 2721 astrinxerunt,
680 2677 716 2711 ad
737 2689 788 2711 eas
805 2677 1015 2712 observandas
1056 2679 1138 2712 xime
1178 2686 1354 2724 sequturas:
1387 2677 1469 2723 qnod
1504 2675 1632 2722 quidem
1680 2684 1803 2722 tempus
