2274 3265
235 275 279 301 tn.
299 276 409 301 (πεφθῇ
475 264 518 295 8ss

465 334 510 358 tns
529 333 555 358 et
570 327 742 357 emendatus
761 326 823 362 snit,
842 331 869 355 et
886 330 980 355 tamen
1002 324 1172 354 Communi-

465 378 507 402 tas
537 372 646 410 Spoleti
674 370 791 400 nolebat
826 371 977 399 admittere
1010 370 1045 399 ad
1077 369 1169 398 officia

465 417 642 446 Archionum
659 416 723 444 eius
740 415 842 449 tilium,
859 424 954 453 neque
970 414 1063 453 ipsius
1076 417 1169 442 natos.

463 478 500 483 -—
528 461 554 490 3.
578 459 628 489 Hic
652 464 747 489 tamen
772 459 853 488 l'ont.
886 459 963 488 iubet
987 468 1036 488 eos
1059 457 1170 487 admitti

464 505 588 535 constito
608 513 672 534 esse
696 504 808 534 tideleS.

423 567 553 596 Honorius
572 567 712 602 episcopus
728 572 823 594 servus
835 572 973 594 servorum
997 564 1053 596 Dei,
1074 563 1172 591 dilecto

468 617 524 645 filio
543 616 631 645 fratri
649 616 765 651 Galgano
784 616 816 644 de
835 614 964 650 Eugubio,
987 612 1089 642 ordinis
1115 612 1171 640 fra-

470 668 545 696 trum
563 666 694 694 minorum
712 664 871 700 inquisitori
896 663 1052 691 haereticae
1082 661 1171 696 pravi-

469 715 541 744 tatis
558 715 586 742 ln
601 715 702 742 ducatu
721 714 876 749 spoletano.
892 713 1010 741 satutem
1020 712 1049 739 et
1065 712 1172 746 aposto-

469 766 549 794 licam
572 764 794 792 benedictionem.

476 823 619 858 Exhibita
661 822 752 856 nobis
787 821 890 856 dilecti
932 822 984 855 filii
1024 821 1171 855 Archioni

243 885 410 907 Romantt'onn-
428 873 535 908 militis
558 872 619 906 nati
643 871 801 918 quondam
832 870 968 917 Philippi
1002 870 1076 905 dicti
1106 870 1173 904 Pal-

229 916 411 976 ''iissfft‘t‘t‘tssi‘tiffss'
427 922 514 957 merit
538 921 645 956 militis
667 920 827 967 Spoletani
853 920 959 967 petitio
981 919 1172 959 continebat,

246 981 397 1001 commiserunt
426 972 510 1021 quod
533 971 605 1006 olim
629 970 878 1016 signilicantibns
901 969 950 1003 sel.
970 969 1174 1003 remittemu-

229 1011 349 1032 tinreticos
390 1012 411 1030 et
853 1019 858 1024 .
1012 1019 1017 1024 .
1092 1019 1125 1024 ..

228 1043 337 1066 samm,
372 1046 410 1061 00-
427 1023 481 1056 dro
500 1021 605 1068 Papae
629 1019 859 1066 praedecessori
878 1026 983 1053 nostro
1012 1028 1175 1064 inquisno-

229 1073 412 1124 {2m2,'¹„‘,⁰1‚¹{⁴{,2f{'.
427 1071 513 1105 ribus
549 1069 707 1116 pravitatis
749 1069 924 1103 haereticae
959 1081 1014 1115 per
1053 1068 1171 1103 ltaliam

229 1110 269 1156 ens
291 1120 311 1155 a
335 1134 409 1155 officii·
426 1119 594 1167 deputatis,
621 1117 705 1166 quod
729 1117 908 1165 frequenter
935 1130 950 1151 a
977 1117 1059 1153 Sede
1093 1117 1175 1165 Apo-

231 1167 315 1192 ΨΜ·
426 1169 534 1205 stolica
557 1167 811 1204 committebatur
826 1168 956 1212 eisdem,
980 1175 1012 1202 ut
1029 1175 1089 1202 tam
1105 1168 1176 1202 bae-

427 1220 550 1259 reticos,
588 1217 764 1257 credentes,
799 1218 934 1252 fautores
967 1226 994 1251 et
1034 1226 1174 1263 recepta-

426 1276 509 1304 tores
533 1267 773 1309 baereticorum,
796 1280 888 1314 quani
919 1268 1057 1311 ipsorum
1096 1267 1175 1300 filios

428 1327 459 1353 et
486 1325 617 1365 nepotes
639 1316 780 1364 privandi
819 1315 1037 1363 dignitatibus,
1072 1329 1177 1364 perso-

430 1368 552 1404 natibus
578 1375 608 1402 et
635 1365 745 1401 officiis
781 1366 914 1414 publicis
948 1374 977 1400 et
1014 1365 1175 1400 beneficiis

428 1417 662 1457 ecclesiasticis,
685 1416 722 1450 de
745 1415 1016 1456 dioecesanorum,
1039 1415 1084 1449 vel
1131 1415 1176 1449 eis

429 1467 624 1509 absentibus,
659 1465 845 1500 vicariorum
878 1478 1007 1500 suornm
1043 1465 1177 1500 consilio

430 1517 582 1552 haberent
603 1516 731 1550 liberam
762 1523 960 1562 potestatem
990 1523 1018 1549 et
1045 1515 1178 1562 qualiter

430 1568 491 1602 hoc
513 1566 642 1601 deberet
668 1565 796 1611 intelligi
821 1565 1055 1612 postulantibus
1077 1564 1179 1598 decla-

433 1617 504 1655 rari,
532 1615 690 1664 praefatus
713 1615 934 1662 praedecessor
973 1614 1091 1649 eisdem
1135 1614 1180 1648 in-

431 1665 634 1714 quisitoribus
674 1677 727 1712 pei·
763 1677 836 1699 suas
875 1665 963 1698 duxit
1004 1664 1108 1698 literas
1138 1676 1179 1698 re-

432 1715 667 1763 spondendum,
689 1714 772 1761 qnod
796 1714 834 1749 de
858 1714 928 1748 filiis
955 1722 984 1748 et
1013 1713 1181 1761 nepotibus

434 1765 558 1800 illorum
573 1764 814 1808 baereticorum,
837 1763 1032 1798 credentium
1056 1772 1083 1798 et
1107 1763 1181 1798 alio-

435 1827 502 1850 rum
527 1813 720 1855 huiusmodi,
742 1814 794 1860 qni
819 1814 910 1848 modo
932 1814 1008 1848 tales
1026 1826 1094 1848 esse
1117 1825 1182 1860 pro-

436 1866 559 1909 bantur,
579 1864 814 1910 intelligendum
840 1876 909 1898 esse
933 1864 1104 1903 videbatur,
1121 1876 1182 1897 non

436 1923 538 1950 autem
562 1914 699 1954 illorum,
721 1927 800 1961 qnos
823 1913 1004 1948 emendatos
1028 1926 1095 1947 esse
1111 1926 1185 1948 con-

436 1973 542 2005 staret,
569 1977 604 1999 ac
632 1975 688 2011 pro
716 1964 806 2011 culpa
829 1963 1009 1998 huiusmodi
1033 1963 1071 1997 ad
1100 1976 1186 1998 nian-

437 2016 544 2050 datnm
571 2014 732 2049 Ecclesiae
762 2014 981 2060 poenitentiam
1018 2013 1184 2059 recepisse,

437 2077 531 2113 quam
559 2064 630 2112 ipsi,
657 2065 703 2099 vel
734 2064 791 2098 iam
820 2063 1023 2111 perfecerant,
1053 2062 1097 2097 vel
1127 2063 1185 2097 bn-

439 2115 554 2150 militer
582 2114 793 2161 prosecutioni
835 2113 904 2148 eius
939 2113 1102 2153 instarent,
1140 2113 1185 2147 vel

441 2164 535 2213 parati
564 2165 695 2204 fuerant,
732 2163 807 2198 dnm
850 2163 998 2207 viverent,
1041 2162 1077 2197 ad
1112 2163 1188 2196 reci-

442 2214 592 2262 piendum
615 2213 768 2248 eamdem.

490 2265 510 2310 g
535 2269 568 2299 2.
595 2263 713 2298 Verum
742 2264 813 2298 licet
835 2262 1002 2309 inquisitor
1029 2262 1189 2309 pravitatis

257 2328 342 2353 omem
378 2310 634 2363 ehi-lininsmodi,
657 2322 730 2347 tnnc
752 2314 780 2347 in
811 2313 950 2360 partibus
978 2312 1038 2346 illis
1066 2311 1191 2359 perSe-

246 2360 429 2411 {Lpflp'ffl‘ssfflffifss
444 2364 513 2397 dem
543 2363 756 2411 Apostolicam
781 2363 959 2410 deputatus,
984 2370 1188 2396 memoratum

248 2426 280 2442 m.
298 2421 344 2445 ¹⁰¹¹·
360 2424 381 2441 ⁸¹
397 2423 430 2455 ¹⁸}-
446 2413 638 2461 Philippum,
678 2413 731 2460 qni
772 2412 829 2447 sibi
863 2412 1027 2447 confessus
1066 2412 1166 2446 extitit
1182 2439 1190 2454 ,

248 2451 528 2511 ffinsssssfflffffissqnod
556 2464 679 2498 cuidam
703 2463 857 2497 haeretico
898 2462 1101 2497 reverentiam
1140 2461 1191 2495 se—

249 2514 433 2567 'sdbffiffiffii‘ffij
447 2521 542 2557 cerat,
569 2513 721 2561 quaedam
745 2521 851 2548 contra
875 2512 968 2547 fidem
1005 2511 1192 2559 proferendo

250 2574 434 2610 elnonumeiusti-
448 2563 645 2606 catholicam,
666 2562 829 2609 privaverit
851 2562 943 2596 bonis
958 2562 1036 2605 suis,
1059 2573 1094 2596 ac
1111 2561 1191 2595 idcm

250 2608 307 2632 '³⁰¹⁰'
323 2611 434 2633 ''⁸²¹⁰‘''9‘
450 2612 614 2660 Pbilippns
638 2613 809 2648 iniunctam
832 2612 890 2647 sibi
920 2620 1046 2660 propter
1068 2611 1126 2645 boc
1155 2611 1194 2645 ab

252 2644 294 2660 m
308 2640 369 2658 mm
449 2662 559 2697 eodem
584 2663 770 2711 inquisitore.
793 2663 1014 2710 poenitentiam
1031 2661 1195 2709 perfecerit

990 269 1171 292 nt‘udtnmnt
1202 268 1361 290 ROMANUM

1973 266 2020 292 Αη.
2044 265 2071 292 C.
2088 263 2155 291 ¹²86

1213 332 1399 367 reverenter,
1419 336 1453 358 ac
1482 324 1604 358 tandem
1641 323 1720 357 sient
1754 333 1822 356 vere
1847 322 1957 356 catho-

1214 374 1303 413 licus,
1333 374 1464 420 receptis
1491 372 1713 407 ecclesiasticis
1739 372 1955 410 sacramentis,

1214 423 1292 457 viam
1317 423 1413 457 sncrat
1449 423 1614 458 universae
1646 421 1748 455 carnis
1783 421 1955 466 ingressus,

1213 481 1242 507 et
1268 473 1306 507 ab
1335 473 1518 520 inquisitore
1542 472 1678 520 praefato
1706 470 1797 504 ctiam
1829 470 1956 504 absolu-

1213 530 1275 562 tns,
1299 530 1400 556 tamen
1425 530 1571 568 potestas,
1597 520 1774 555 'consilinm
1808 527 1838 553 et
1869 532 1956 554 com-

1214 584 1307 605 mnnc.
1351 571 1554 616 Spolctannm
1602 571 1718 604 dictnm
1763 568 1955 603 Arcbionuin

1213 621 1342 667 cinsqne
1370 621 1460 660 lilios,
1488 621 1653 655 occasione
1689 619 1956 667 praemissorum,

1213 670 1250 703 ad
1284 670 1381 704 officia
1417 671 1548 704 civitatis
1581 670 1768 717 Spoletanae.
1813 681 1868 716 pro
1902 680 1956 702 sna

1215 727 1358 753 recusant
1382 719 1543 753 admittere
1559 720 1726 753 voluntate.
1751 718 1856 760 Quare
1874 730 1959 765 prae-

1215 768 1328 803 libatus
1352 769 1529 803 Archionns
1549 769 1638 803 nobis
1662 768 1821 803 humiliter
1843 767 1960 815 snppli-

1214 819 1304 860 cavit,
1329 827 1361 853 nt
1389 830 1446 852 nos
1474 818 1717 853 misericorditer
1749 817 1958 855 attendentes,

1214 868 1296 913 qnod
1322 867 1402 901 idem
1432 867 1611 914 Philippus,
1638 868 1716 902 sicut
1739 868 1958 915 praemittitnr,

1215 925 1373 964 tamqnam
1398 928 1468 950 verc
1496 917 1668 951 catholicus
1690 926 1717 951 et
1754 916 1854 952 fidelis
1892 917 1961 952 Ec-

1214 966 1326 1000 clesiae
1350 965 1509 1000 Romanae
1533 966 1679 1006 decessit,
1719 966 1865 1000 cnmdcm
1901 966 1961 1000 Ar-

1214 1015 1363 1050 cbionnm
1376 1023 1405 1049 et
1421 1015 1502 1049 filios
1512 1015 1579 1049 eius
1594 1015 1792 1051 decernimus
1807 1018 1862 1059 (l),
1878 1016 1960 1050 inxta

1217 1065 1423 1113 praemissum
1452 1064 1593 1099 eiusdem
1626 1065 1873 1112 praedecessoris
1912 1079 1962 1099 re-

1215 1127 1377 1161 sponsum,
1401 1115 1431 1148 in
1455 1114 1560 1161 aliquo
1585 1114 1689 1161 puniri
1714 1115 1878 1148 occasione
1907 1115 1964 1148 bn-

1216 1164 1351 1199 insmodi
1377 1176 1437 1198 non
1461 1163 1585 1203 debere;
1613 1164 1666 1197 scd
1690 1176 1743 1197 eos
1780 1164 1816 1197 ad
1859 1165 1962 1198 omnia

1216 1214 1387 1248 saecularia
1411 1213 1509 1248 officia
1532 1222 1560 1247 et
1586 1213 1734 1248 beneficia
1754 1213 1963 1248 ecclesiastica

1216 1272 1243 1297 et
1268 1263 1446 1310 dignitates,
1469 1276 1503 1298 ac
1526 1263 1563 1298 ad
1592 1275 1702 1297 omnes
1724 1262 1864 1302 ordines,
1903 1263 1965 1296 im-

1218 1313 1402 1360 pedimento
1426 1313 1607 1347 huiusmodi
1632 1325 1692 1347 non
1716 1312 1870 1356 obstante,
1915 1325 1967 1359 po-

1219 1364 1279 1397 tins
1301 1362 1521 1397 admittendos.

1266 1413 1286 1459 5
1313 1415 1344 1446 3.
1367 1412 1447 1454 Quia
1473 1413 1567 1458 igitur
1593 1412 1632 1446 dc
1669 1412 1748 1446 facto
1784 1413 1963 1446 bninsmodi

1218 1471 1245 1497 et
1276 1463 1346 1497 eins
1368 1463 1612 1497 circumstantiis
1639 1462 1752 1497 babere
1775 1462 1893 1510 poteris
1916 1472 2165 1509 tio-interamnem-

1220 1513 1316 1547 titiam
1348 1512 1532 1559 pleniorem:
1558 1524 1614 1546 nos
1652 1520 1795 1558 gerentes
1831 1512 1868 1546 de
1911 1504 2165 1556 cii·-¹„¹{⁴m„'[{¹³0⁰‡„jssf‚

1220 1563 1455 1609 cninspcctione
1486 1571 1536 1596 tna
1574 1562 1720 1596 fiduciam
1758 1562 1786 1595 in
1830 1561 1966 1596 Domino
1982 1572 2029 1587 θῇ·
2045 1566 2125 1587 fidem-

1220 1613 1401 1659 specialem,
1442 1612 1652 1659 praesentium
1689 1611 1744 1645 tibi
1780 1611 1968 1645 auctoritate

1222 1663 1450 1696 comiii⁷ttiiiiiis
1472 1670 1501 1696 et
1518 1661 1714 1700 mandamns,
1731 1670 1763 1695 ut
1785 1662 1809 1696 si
1828 1661 1967 1707 diligenti

1222 1712 1426 1759 inquisitione
1445 1712 1625 1758 praemissa,
1642 1711 1795 1758 praedicta
1816 1711 1970 1746 inveneris

1223 1763 1350 1796 veritate
1373 1761 1487 1803 fnlciri,
1515 1769 1545 1795 et
1571 1761 1625 1795 tibi
1653 1762 1746 1796 etiam
1783 1761 1969 1804 constiterit,

1223 1812 1307 1858 qnod
1338 1813 1462 1859 praefati
1492 1811 1670 1846 Arcliionus
1692 1819 1721 1845 et
1749 1810 1802 1845 tilii
1824 1823 1888 1846 non
1912 1811 1969 1845 sint

1225 1862 1262 1896 de
1291 1863 1444 1897 haeretica
1469 1862 1617 1909 pravitate
1646 1861 1797 1907 suspecti,
1820 1869 1850 1896 et
1873 1862 1902 1896 in
1936 1862 1972 1894 ti-

1225 1911 1349 1947 delitate
1372 1925 1407 1947 ac
1440 1912 1605 1947 devotione
1642 1911 1800 1946 Ecclesiae
1828 1910 1973 1959 supradi-'

1226 1972 1292 1998 ctae
1321 1962 1488 2010 persistant
1532 1965 1640 2009 (super
1679 1961 1793 2008 quibus
1826 1960 1973 1996 omnibns

1227 2024 1310 2048 tuam
1342 2012 1538 2047 intendimus
1573 2011 1796 2046 conscientiam
1832 2015 1973 2050 onerare)

1227 2062 1409 2098 auctoritate
1437 2070 1541 2096 nostra
1569 2061 1743 2095 denuncies
1772 2069 1799 2095 et
1824 2060 1973 2095 declares.

1228 2112 1310 2160 qnod
1336 2120 1462 2159 propter
1491 2112 1674 2159 praemissa,
1702 2111 1747 2145 vel
1783 2122 1892 2144 eornm
1926 2122 1976 2145 oc-

1229 2163 1353 2197 casione
1376 2161 1453 2196 nibil
1476 2162 1521 2196 eis
1544 2162 1640 2209 possit
1658 2160 1754 2194 obiici
1779 2160 1824 2194 vet
1848 2160 1975 2207 opponi,

1230 2213 1304 2260 qnin
1329 2211 1365 2246 ad
1390 2211 1492 2246 omnia
1521 2210 1690 2246 saecularia
1724 2209 1824 2245 officia
1858 2218 1887 2245 et
1928 2209 1977 2245 be-

1231 2262 1337 2297 neficia
1366 2261 1588 2304 ecclesiastica,
1623 2261 1716 2296 etiarn
1754 2261 1777 2294 si
1810 2260 1977 2307 dignitates

1231 2313 1375 2352 existant,
1399 2311 1460 2345 illis
1488 2324 1549 2345 non
1574 2310 1784 2351 obstantibus,
1807 2310 1924 2345 assumi
1947 2311 1977 2343 li-

1232 2363 1304 2396 bere
1328 2361 1458 2395 valeant:
1487 2369 1516 2395 et
1544 2361 1585 2399 bi,
1608 2362 1661 2408 qni
1687 2360 1807 2396 liberati
1835 2372 1904 2395 esse
1927 2372 1978 2393 no-

1231 2420 1373 2455 scuntur,
1407 2411 1443 2445 ad
1483 2423 1592 2445 omncs
1618 2411 1746 2445 ordines
1790 2409 1977 2458 promoveri,

1235 2470 1323 2507 prout
1350 2461 1522 2496 secundnm
1548 2460 1647 2494 Dcnm
1671 2470 1698 2494 et
1736 2461 1887 2495 bonorem
1925 2472 1980 2494 ca-

1234 2511 1366 2545 tbolicac
1389 2511 1458 2545 lidei
1482 2510 1596 2545 rideris
1623 2510 1781 2558 expedire.
1821 2509 1977 2556 Quicquid

1234 2569 1336 2596 antem
1361 2574 1456 2608 snper
1478 2561 1526 2595 bis
1549 2561 1706 2596 inveneris
1728 2569 1757 2595 et
1779 2559 1905 2595 duxeris
1932 2559 1979 2593 fa-

1235 2611 1393 2655 ciendum,
1423 2610 1512 2645 nobis
1535 2623 1588 2658 per
1610 2618 1677 2646 tuas
1701 2618 1841 2659 patentes
1875 2610 1980 2645 literas

1271 2674 1309 2710 (l)
1326 2674 1424 2702 Forsan
1445 2677 1650 2701 decerneremus.
