2274 3265
256 278 302 303 An.

323 278 349 304 C.
370 278 430 304 ¹31¹

498 261 544 293 22
554 263 568 293 l

450 338 506 360 nae
557 325 714 360 Ecclesiae
764 324 955 373 ubicumque
1006 328 1194 374 positarum,

448 374 617 422 praecipue
662 374 817 409 Marebiae
863 375 1076 411 Anconitanae
1122 390 1193 412 enm

447 424 594 459 omnibns
620 424 806 465 civitatibus,
827 426 927 465 terris,
947 426 1110 467 limitibus,
1133 436 1196 462 ter-

448 475 541 509 minis
564 483 594 509 et
611 474 788 509 confinibus
805 475 882 518 suis,
905 476 1095 522 integraliter
1122 490 1193 511 cum

446 524 594 559 omnibus
610 524 730 558 iuribus
741 533 769 559 et
788 524 1059 560 iurisdictionibus
1077 538 1195 560 earum·

446 573 536 615 dem,
572 583 733 609 exarcatus
765 573 933 609 Ravennae
959 583 989 609 et
1017 575 1197 621 Pentapolis

445 636 479 658 ac
507 623 711 659 Romaniolae
733 632 763 658 et
789 624 995 664 Brettenorii;
1028 625 1196 659 comitatus

446 687 519 708 cuin
542 674 665 708 civitate
692 674 865 717 Bononiae,
897 682 926 709 et
948 687 1019 709 eum
1049 675 1196 709 omnibns

446 723 635 769 civitatibus,
647 724 747 763 terris,
761 723 924 768 limitibus,
936 724 1079 758 terminis
1087 733 1116 759 et
1125 737 1196 759 con-

447 773 574 816 linibus,
610 774 800 820 integraliter
822 781 852 808 et
874 786 946 808 eum
971 773 1119 809 omnibus
1147 775 1196 809 iu-

447 823 532 857 ribus
544 831 574 857 et
584 822 854 858 iurisdictionibus
868 823 1061 864 earumdenu
1076 824 1196 859 Massae

445 885 583 919 quoque,
605 885 684 919 qnae
706 872 852 907 Trabaria
876 882 1089 918 nuncupatur,
1121 886 1194 908 cum

445 922 594 957 omnibus
615 921 803 962 civitatibus,
821 922 924 962 terris,
944 921 1107 963 limitibus,
1131 931 1195 958 ter-

445 971 539 1006 minis
561 980 590 1006 et
617 971 807 1011 confinibus,
844 971 1035 1017 integraliter
1061 980 1091 1006 et
1123 985 1194 1007 cum

445 1020 593 1055 omnibus
622 1020 744 1055 iuribus
772 1029 802 1055 et
836 1021 1108 1056 iurisdictionibus
1137 1035 1195 1056 ea-

446 1070 606 1108 rumdem:
629 1070 808 1117 patrimonii
832 1071 924 1105 etiam
948 1070 1034 1105 Beati
1060 1071 1143 1106 Petri
1164 1072 1193 1106 in

443 1120 557 1155 Tuscia
581 1133 653 1155 cum
682 1120 860 1155 civitatibus
882 1120 1025 1164 Tuderti,
1047 1120 1196 1159 Narniae.

445 1169 541 1205 Urbis
562 1169 685 1204 Veteris
706 1178 736 1204 et
763 1169 873 1209 Reate,
900 1178 929 1205 ct
951 1183 1023 1206 eum
1047 1171 1195 1205 omnibus

443 1219 632 1260 civitatibus,
660 1219 762 1263 terris,
793 1219 958 1260 limitibus,
993 1220 1134 1255 terminis
1161 1233 1196 1256 ac

443 1273 634 1316 confinibus,
668 1273 860 1319 integraliter
887 1281 1009 1308 etcum
1046 1274 1196 1309 omnibus

445 1322 569 1357 iuribus
612 1331 643 1358 et
685 1323 956 1358 iurisdictionibus
991 1323 1195 1364 earumdem,

444 1373 612 1407 comitatus
640 1384 767 1420 quoque
798 1372 934 1407 Sabinae
965 1386 1036 1408 eum
1072 1374 1194 1408 civitate

443 1421 654 1457 Interamnen.
698 1431 728 1457 et
763 1435 833 1457 eum
870 1423 1133 1463 Arcbeeesarum,
1166 1432 1195 1458 et

444 1481 536 1515 terra,
574 1484 653 1519 quae
688 1472 801 1507 dicitur
835 1472 1085 1520 Arnulphorum,
1124 1485 1194 1508 eum

443 1521 592 1557 omnibus
631 1521 823 1562 civitatibus,
876 1523 983 1565 terris,
1026 1522 1194 1563 limitibus,

444 1571 586 1606 terminis
605 1582 634 1607 et
653 1571 830 1606 confinibus
850 1571 1051 1618 integraliter,
1075 1579 1104 1606 et
1123 1585 1194 1606 eum

444 1621 591 1656 omnibus
627 1621 748 1656 iuribus
774 1629 804 1655 et
831 1621 1104 1656 iurisdictionibus
1142 1634 1197 1656 ea-

445 1671 606 1711 rutndem;
633 1671 800 1706 comitatus
841 1683 968 1718 quoque
1005 1670 1196 1718 Campaniae

443 1729 536 1766 atque
553 1720 725 1755 Maritimae
745 1733 816 1755 eum
837 1720 985 1755 omnibus
1004 1721 1195 1761 civitatibus,

443 1770 544 1813 terris,
573 1770 736 1810 limitibus,
774 1771 919 1805 terminis
955 1778 986 1804 et
1018 1771 1196 1805 confinibus

442 1820 509 1854 suis
543 1820 748 1866 integraliter,
771 1829 801 1855 et
828 1832 898 1854 eum
928 1820 1076 1855 omnibus
1104 1821 1197 1856 iuris-

442 1869 634 1904 dictionibus
663 1879 692 1905 et
720 1869 841 1904 iuribus
869 1870 1069 1905 earumdem:
1102 1879 1133 1905 et
1160 1884 1195 1905 ex

442 1918 633 1954 abundantia
659 1919 698 1954 de
721 1932 812 1960 novo,
835 1927 865 1954 et
887 1920 924 1954 ad
953 1920 1103 1954 maiorem
1120 1933 1197 1955 cau-

411 1965 419 1972 -
444 1968 535 2003 {elam
586 1969 784 2016 supradictas
818 1981 929 2004 Omnes
965 1978 1060 2004 [61'1'38
1101 1978 1195 2017 alqtlt'!

446 2019 622 2065 provincias
644 2032 715 2053 cum
738 2018 886 2053 omnibus
910 2018 1031 2053 iuribus
1054 2028 1084 2053 et
1104 2033 1197 2054 turis-

443 2068 651 2107 dictionibus,
677 2069 831 2123 terminis,
850 2068 1003 2103 limitibus
1025 2078 1054 2103 et
1069 2070 1198 2103 contini-

444 2118 504 2152 bus
540 2118 734 2158 earumdem,
767 2127 796 2153 et
826 2119 875 2152 ius
901 2127 931 2152 et
965 2131 1161 2165 possessioni
1167 2132 1195 2153 ni

443 2177 474 2202 et
497 2169 716 2215 proprietatem
746 2168 884 2223 ipsorum
917 2180 988 2202 cuin
1012 2181 1097 2202 omni
1123 2170 1197 2215 ple—

446 2217 591 2253 nitudine
634 2218 891 2264 recognoscimus
919 2217 985 2252 iure
1013 2218 1196 2265 plenissimo

445 2267 482 2301 ad
512 2267 560 2302 ius
582 2275 611 2302 et
635 2268 854 2315 proprietatem
878 2267 1012 2302 Sanctae
1034 2267 1196 2302 Romanae

446 2317 604 2352 Ecclesiae
637 2327 778 2365 spectare
812 2330 847 2352 ac
875 2317 1057 2352 omnimode
1100 2318 1196 2364 perti-

447 2379 537 2402 nere:
564 2379 600 2402 ae
622 2368 706 2415 ipsas
734 2379 844 2402 omnes
867 2376 964 2402 terras
999 2375 1092 2414 atque
1124 2380 1196 2414 pro—

447 2417 563 2452 iincias
596 2417 634 2452 de
658 2429 738 2452 novo
773 2417 974 2459 advocamus,
1009 2417 1197 2451 innoxamns

446 2475 539 2513 atque
574 2467 790 2508 concedimus,
836 2467 997 2515 quitamus
1032 2466 1127 2502 libere
1168 2475 1196 2501 et

445 2517 641 2558 inmittimus,
656 2517 849 2551 restituimus
864 2517 1129 2561 etrenuntiauius,
1140 2529 1197 2551 nec

447 2579 507 2600 non
535 2566 572 2602 ad
595 2579 720 2602 omnem
743 2567 926 2614 scrupulum
959 2567 1195 2608 removendum,

446 2624 475 2649 et
497 2625 530 2650 ut
558 2629 627 2663 pax,
650 2617 752 2663 quies,
774 2625 866 2664 atque
882 2617 1090 2664 tranquillitas
1118 2617 1197 2651 inter

448 2665 619 2700 Ecclesiam
649 2675 676 2699 et
698 2667 862 2714 imperium
893 2667 1005 2712 ingiter
1028 2667 1137 2712 vigeat,
1167 2676 1193 2701 et

1025 273 1209 296 ttt'tJAtttttM
1235 273 1395 295 ttsttttANttat

1239 328 1362 366 l'utnris,
1385 327 1478 361 dante
1494 326 1641 367 Domino,
1666 329 1858 375 temporibus
1873 341 1990 376 augea-

1238 386 1299 418 tur,
1322 386 1352 411 et
1373 377 1477 411 omnis
1499 377 1708 411 contentionis
1730 386 1760 412 ot
1786 377 1989 414 dissentionis

1238 427 1407 461 cuiuslibet
1453 427 1578 461 materia
1621 427 1860 471 praecludatur,
1900 437 1990 475 prout

1239 477 1350 511 melius
1372 485 1402 511 ot
1423 477 1581 511 efficacius
1609 476 1673 510 lieri
1709 485 1737 511 et
1760 477 1889 524 intelligi
1927 491 1990 525 po-

1241 534 1309 569 test,
1341 527 1544 561 concedimus
1593 527 1688 573 ipsas,
1728 527 1922 562 conserimus
1961 537 1990 562 et

1237 575 1393 611 donamus
1416 576 1454 611 de
1483 589 1573 611 novo.
1606 576 1827 611 promittentes
1850 584 1878 611 et
1908 577 1990 612 obli-

1237 634 1345 670 gantes
1379 638 1447 667 nos,
1484 634 1575 673 prout
1616 626 1737 673 plenius
1770 634 1799 661 et
1834 626 1990 661 efficacius

1238 689 1421 723 possumus,
1456 676 1540 723 quod
1569 677 1656 711 nullo
1681 689 1819 733 unquam
1851 685 1991 723 tempore

1237 727 1475 774 occupabimus‚
1499 728 1544 761 vel
1572 728 1733 783 occupari,
1768 736 1923 774 quantum
1959 728 1988 762 in

1238 776 1328 811 uobis
1350 786 1407 818 est,
1432 778 1650 834 permittemus
1677 778 1827 818 civitates,
1844 778 1922 819 loca,
1938 790 1990 812 ea-

1237 835 1310 866 stra,
1340 835 1436 861 terras
1458 835 1488 861 et
1506 828 1682 874 provincias
1707 828 1913 875 supradictas,
1942 828 1987 862 vel

1239 875 1402 931 aliquam
1397 889 1535 923 ipsarum
1561 877 1608 911 vel
1631 889 1737 911 earum
1764 886 1902 924 pai-31em
1933 890 1990 912 uec

1239 925 1267 959 in
1305 925 1380 972 ipsis
1408 925 1453 960 vel
1489 926 1594 972 aliqua
1626 926 1765 973 ipsarum
1803 928 1848 962 vel
1884 940 1990 962 earum

1239 983 1324 1020 parte
1367 975 1615 1010 iurisdictionem
1661 975 1795 1022 aliquam
1834 989 1889 1024 per
1934 989 1991 1011 nos

1240 1024 1284 1059 vel
1310 1036 1363 1071 per
1390 1024 1485 1058 alium
1508 1036 1655 1071 geremus
1679 1025 1724 1059 vel
1755 1026 1991 1067 exercebimus3

1240 1086 1296 1108 nec
1321 1087 1387 1108 iura
1415 1075 1532 1121 aliqua,
1563 1074 1780 1120 possessiones
1823 1075 1867 1110 vel
1896 1083 1992 1110 tenu-

1239 1131 1284 1157 tas
1320 1124 1507 1158 babebimus
1535 1123 1581 1157 vel
1611 1123 1878 1170 possidebimus
1873 1138 1901 1158 tn
1927 1125 1992 1160 eis—

1237 1172 1308 1206 dem
1333 1174 1426 1209 terris
1449 1173 1495 1208 vel
1520 1173 1689 1220 provinciis
1713 1173 1757 1208 vel
1782 1174 1884 1220 aliqua
1912 1174 1990 1221 ipsa-

1239 1235 1319 1261 rum,
1347 1236 1400 1258 seu
1425 1231 1510 1270 parte
1533 1235 1657 1263 earum3
1687 1235 1744 1257 nec
1767 1223 1904 1257 osticium
1932 1223 1992 1258 ali-

1237 1272 1320 1319 quod
1350 1285 1498 1318 geremus
1540 1285 1595 1319 per
1629 1284 1685 1307 nos
1718 1273 1763 1307 vel
1802 1285 1858 1320 per
1894 1273 1989 1308 alium

1239 1322 1423 1368 potestariae
1453 1322 1497 1357 vel
1525 1323 1711 1368 capitauiae,
1738 1335 1793 1356 seu
1836 1334 1992 1370 quocum-

1237 1384 1299 1418 que
1322 1373 1449 1406 nomine
1479 1381 1657 1414 censeatur,
1682 1372 1711 1405 in
1745 1372 1821 1419 ipsis
1851 1371 1897 1406 vel
1926 1372 1991 1407 ali—

1238 1434 1297 1468 qua
1333 1422 1471 1469 ipsarum
1509 1421 1554 1455 vel
1585 1433 1693 1456 earnm
1719 1430 1819 1468 parte3
1854 1430 1884 1457 et
1906 1422 1989 1469 quod

1239 1479 1387 1518 tanquam
1421 1471 1568 1519 princeps
1600 1471 1787 1516 catholicus,
1821 1471 1991 1506 advocatus

1238 1528 1269 1554 et
1298 1521 1445 1555 defensor
1473 1520 1606 1555 Sanctae
1643 1520 1804 1555 Romanae
1831 1521 1991 1556 Ecclesiae

1240 1570 1417 1605 iuvabimns
1463 1570 1579 1617 ipsam,
1630 1569 1753 1617 sibique
1806 1571 1992 1605 assistemus

1237 1628 1344 1654 eontra
1367 1632 1585 1667 quoscumque
1609 1627 1815 1666 occupantes,
1844 1620 1992 1655 invaden-

1239 1677 1285 1704 tes
1308 1670 1353 1704 vel
1378 1669 1538 1704 turbantes
1562 1669 1737 1716 provincias
1760 1670 1855 1717 ipsas,
1882 1670 1991 1705 civita-

1239 1727 1296 1764 tes,
1324 1719 1402 1761 loca,
1429 1729 1527 1755 castra
1546 1728 1575 1754 ct
1598 1727 1696 1754 terras
1714 1719 1759 1754 vel
1782 1720 1918 1766 aliquam
1942 1720 1991 1767 ip—

1238 1782 1341 1804 sarum
1377 1782 1430 1804 sen
1455 1781 1560 1804 earum
1593 1777 1729 1816 partem;
1757 1777 1787 1804 et
1824 1781 1991 1815 quoscum-

1239 1832 1299 1866 que
1323 1819 1540 1854 inobedientes
1563 1831 1616 1854 seu
1646 1819 1779 1854 rebelles
1817 1819 1987 1857 Ecclesiae,

1241 1869 1407 1924 praecipue
1431 1869 1459 1903 in
1491 1868 1671 1916 provinciis,
1691 1869 1880 1912 civitatibus,
1904 1869 1990 1909 loeis,

1240 1919 1348 1953 castris
1374 1927 1405 1953 et
1431 1919 1521 1953 terris
1543 1918 1675 1962 eisdem,
1705 1918 1733 1952 in
1759 1918 1843 1952 nullo
1872 1918 1992 1953 fovebi-

1241 1982 1310 2003 mus
1333 1968 1379 2003 vel
1403 1967 1693 2012 manutenebimus,
1721 1980 1776 2002 seu
1805 1980 1859 2015 per
1893 1980 1991 2015 quos-

1239 2031 1376 2073 cumque
1404 2018 1498 2053 foveri
1522 2030 1577 2052 seu
1602 2018 1810 2061 manuteneri,
1838 2026 1990 2064 quantum

1240 2081 1268 2102 in
1306 2068 1395 2103 nobis
1428 2076 1485 2106 est
1526 2068 1757 2114 permittemus:
1788 2067 1842 2102 sed
1883 2076 1990 2102 eontra

1240 2118 1324 2164 ipsos
1358 2118 1543 2152 assistemus
1570 2117 1723 2161 consiliis,
1746 2117 1871 2151 auxiliis
1893 2126 1921 2152 et
1944 2116 1992 2152 sa-

1241 2168 1366 2202 toribns
1413 2167 1601 2215 opportunis
1648 2166 1782 2201 Sanctae
1829 2166 1990 2202 Romanae.

1241 2217 1411 2253 Ecclesiae.
1459 2229 1493 2251 ac
1528 2216 1682 2251 Romanis
1720 2216 1927 2251 Pontificibus
1960 2225 1991 2251 et

1240 2267 1438 2312 Apostolicae
1472 2266 1565 2310 Sedi,
1605 2278 1769 2313 quousque
1804 2266 1936 2301 rebelles
1960 2275 1988 2300 et

1239 2317 1357 2350 subditi
1393 2316 1429 2350 ad
1464 2316 1587 2363 plenam
1624 2316 1829 2352 reverentiam
1864 2324 1894 2350 et
1920 2317 1988 2350 obe-

1239 2366 1387 2401 dientiam
1420 2367 1627 2401 reducantur:
1657 2366 1874 2413 promittentes
1910 2379 1990 2410 qno-

1239 2429 1299 2462 que
1334 2416 1480 2451 Sanctam
1517 2416 1691 2451 Romanam
1728 2416 1918 2456 Ecclesiam,
1960 2425 1988 2450 et

1239 2466 1396 2501 Eeclesias
1420 2466 1507 2509 alias,
1534 2479 1570 2500 ae
1598 2466 1771 2501 libertatem
1797 2465 1989 2500 ecelesiasti-

1239 2529 1319 2561 cam,
1341 2524 1371 2550 et
1394 2516 1472 2551 bona
1496 2517 1575 2557 iura,
1599 2517 1751 2563 praelatos
1773 2525 1803 2551 et
1831 2516 1989 2551 ministros

1241 2567 1376 2612 ipsarum
1422 2576 1643 2611 manutenere,
1685 2578 1867 2601 conservare
1882 2575 1910 2601 et
1934 2579 1989 2612 pro

1241 2616 1359 2651 viribus
1381 2615 1560 2651 defensare:
1586 2616 1733 2651 vassallos
1765 2628 1891 2663 quoque
1923 2615 1990 2651 Ro-

1240 2678 1349 2700 manae
1395 2665 1555 2700 Ecclesiae
1590 2674 1697 2700 eontra
1739 2666 1886 2700 iustitiam
1928 2678 1987 2700 nnn

2007 276 2056 302 An.
2073 276 2102 302 C.
2119 276 2181 302 t5tt
