2274 3265
199 252 245 279 An.
264 251 291 279 c.
313 251 379 278 ¹555
442 241 511 273 508

442 310 462 354 5
488 310 520 341 6.
545 305 619 339 lteni
643 303 727 351 quod
745 303 827 350 Papa
851 315 911 338 non
938 303 1085 350 procedat
1099 302 1136 337 ad

212 363 239 383 ΒΘ
275 367 380 383 ‘0¹¹⁵‘¹¹⁵¹¹
394 355 624 403 depositionem
647 367 702 388 seu
721 366 871 400 personae
889 354 1065 400 captionem
1081 352 1136 387 ali-

198 400 380 453 Ᾱ,Ϊ,“,.ἰ“ζ[,“ῃ,”“μζζῖζ
394 408 486 441 cuius
499 404 677 443 cardinalis,
691 404 756 437 sine
776 402 908 437 consilio
930 411 960 437 et
982 414 1137 436 consensu

199 462 262 479 ’ΨΜ
393 456 534 491 omnium
559 454 699 492 fratrum,
715 453 841 487 nemine
855 452 1065 498 discrepante,
1082 464 1140 486 uer.

392 507 429 541 ad
458 502 817 541 excommunicationem
848 502 893 536 vel
916 502 1007 536 aliam
1030 513 1141 536 censu—

394 569 457 591 ram
480 553 738 596 ecclesiasticam,
755 565 809 587 seu
826 551 1067 598 suspensionem
1086 563 1140 584 vo-

393 606 439 641 cis
472 605 517 639 vel
540 602 717 638 concistorii
735 630 742 640 ,
770 614 825 636 seu
855 601 1040 648 portationis
1062 613 1140 646 cap-

395 655 480 703 pelli,
508 666 565 688 nec
591 652 627 687 ad
657 652 876 698 privationem,
900 663 957 685 uec
981 651 1073 684 etiam
1102 649 1139 683 ad

394 703 633 752 suspensionem
664 701 889 735 beneficiorum
915 701 1055 746 ipsorum
1079 711 1143 733 car-

395 754 560 796 dinalium,
579 753 647 786 sine
670 764 826 786 consensu
852 750 993 784 (minium
1012 749 1140 784 fratrum

395 812 448 839 aut
469 803 602 838 duarum
627 801 761 848 partium
784 799 978 834 eorumdem.

444 859 459 896 ς’
495 855 526 886 7.
563 851 638 885 Item
680 849 762 897 quod
805 849 888 896 Papa
928 848 1014 883 nullo
1051 848 1144 883 modo

213 913 240 948 De
256 914 316 933 bonis
334 918 383 932 car·
398 912 492 951 ponat
527 913 652 935 manum
691 901 719 933 in
744 899 836 933 bonis
865 910 1143 944 ‹piorumcumque

200 943 382 995 illlli'l'uffliiqssflg
396 951 616 992 cardinalium,
644 949 690 983 eis
718 948 894 982 viventibus
921 957 951 981 et
977 947 1143 982 defunctis.

201 1012 245 1027 ‘¹¹¹⁵
261 1012 313 1026 ¹⁰¹⁸-
445 1002 465 1048 g
487 1003 518 1035 8.
543 1000 619 1034 Item
642 998 725 1045 quod
755 997 838 1044 Papa
868 998 1055 1044 provincias,
1073 998 1147 1031 civi-

214 1060 241 1080 02
255 1060 383 1094 1¹¹¹⁰·¹«}¹⁰¹¹0
397 1060 497 1095 tates,
532 1057 630 1084 castra
665 1056 719 1081 aut
747 1055 845 1082 terras
879 1047 956 1081 alias
987 1046 1145 1081 Ecclesiae

201 1089 384 1142 Ῐζῖ’,“,“,’,”,“,’ῑξζῖὲῇ.
399 1101 558 1136 Romanae
582 1110 643 1132 non
670 1097 795 1141 alienet,
819 1105 872 1131 aut
900 1097 928 1130 in
955 1096 1081 1131 seudum
1099 1097 1144 1131 vel

202 1153 385 1203 ‘jghjff‘cjjdffffgj
399 1148 627 1197 emphyteusim
644 1175 652 1190 ,
675 1156 725 1181 aut
750 1146 808 1180 snb
831 1155 916 1181 certo
949 1158 1044 1181 censu
1069 1159 1148 1180 con-

202 1200 257 1236 imm.
399 1201 505 1235 cedat:
534 1206 564 1232 et
584 1197 635 1232 ubi
650 1196 871 1231 alienationem
895 1208 949 1230 scu
968 1196 1147 1230 concessio-

401 1262 471 1285 nem
501 1247 677 1296 praedictas
700 1247 780 1281 iusta
803 1254 832 1280 et
861 1245 1034 1281 rationabili
1055 1258 1147 1280 causa

401 1301 467 1334 sieri
495 1297 678 1344 expediret,
710 1296 747 1329 de
776 1295 909 1330 consilio
936 1305 966 1330 et
992 1307 1148 1330 consensu

401 1349 544 1384 omnium
568 1347 696 1381 fratrum
717 1358 772 1379 seu
790 1346 924 1379 duarum
949 1345 1085 1392 partium
1101 1357 1151 1379 eo-

403 1411 470 1433 rum
493 1396 531 1432 ad
556 1395 714 1442 praedicta
744 1394 901 1442 procedat.

452 1452 467 1491 §3
489 1450 522 1481 9.
549 1446 625 1480 Item
653 1443 737 1491 quod
758 1444 927 1490 collegium
944 1444 1150 1478 cardinalium

222 1507 248 1527 De
278 1507 390 1526 medietate
406 1497 567 1545 percipere
589 1503 619 1529 et
642 1493 757 1528 babere
784 1493 897 1528 debeat
920 1494 987 1528 iure
1008 1506 1066 1528 suo
1085 1506 1151 1528 me·

207 1535 392 1588 ’,ἷῗζωῖῗςῗξςῗζ
406 1547 552 1582 dietatem
581 1545 721 1579 omnium
750 1543 908 1577 fructuum
927 1571 934 1581 ,
958 1543 1152 1583 reddituum,

209 1601 391 1650 ι’ᾞθῗῆωνεῐ·
406 1603 627 1644 proventuum,
638 1593 836 1633 muletarum,
851 1592 1151 1627 condemnationem

209 1636 276 1657 (ψη
295 1637 311 1650 ὃ”
405 1654 435 1680 et
456 1656 610 1680 censuum
634 1651 665 1677 et
691 1642 832 1677 omnium
868 1642 997 1676 aliarum
1033 1641 1154 1676 obven-

405 1696 523 1730 tionum
547 1701 576 1727 et
603 1692 889 1728 emolumentorum
918 1691 955 1726 ad
977 1691 1153 1726 Ecclesiam

406 1744 578 1779 Romanam
596 1742 821 1788 spectantium,
845 1742 874 1775 iu
898 1740 1065 1787 quibusvis
1081 1753 1154 1788 pro—

406 1794 517 1828 vinciis
538 1805 574 1827 ac
597 1792 686 1826 terris
708 1800 738 1826 et
761 1791 837 1825 loeis
860 1790 1020 1825 Romanae
1042 1790 1156 1825 Eccle-

407 1844 482 1884 siae,
512 1850 603 1890 prout
626 1843 656 1876 in
686 1840 847 1888 privilegio
882 1840 981 1875 felicis
1009 1840 1158 1875 recorda-

409 1894 505 1928 tionis
526 1892 643 1927 Nicolai
669 1891 772 1938 Papae
795 1890 847 1931 lV,
870 1903 964 1938 super
992 1890 1052 1925 hoc
1074 1903 1157 1925 con—

409 1956 512 1984 cesso,
539 1942 663 1989 plenius
686 1942 877 1976 continetur.

459 1999 474 2038 §
501 1997 553 2029 lO.
569 1993 644 2028 Item
664 1992 748 2039 quod
766 2000 826 2026 tam
847 1991 877 2025 in
895 1990 1035 2025 Romana
1050 1990 1159 2029 Curia,

224 2054 397 2076 0eins¹i¹u¹i⁰u0
411 2058 503 2092 quam
543 2045 573 2078 in
610 2043 700 2077 terris
735 2051 765 2076 et
799 2041 965 2088 provinciis
999 2040 1160 2075 Romanae

216 2090 235 2106 et
260 2085 397 2106 destitutione
529 2095 533 2099 -
638 2093 644 2100 .
669 2093 674 2098 .
773 2092 777 2097 .
987 2091 992 2096 ,

217 2117 399 2142 „fficiaimmm-
413 2095 574 2131 Ecclesiae
597 2093 744 2128 officiales
773 2104 801 2126 ιιι
831 2090 1059 2138 temporalitate
1096 2102 1161 2124 rna-

216 2151 329 2169 ‘³¹“¹³¹¹¹⁰¹
358 2149 398 2167 ⁶¹⁰·
415 2151 508 2189 iores,
527 2148 565 2183 de
579 2146 712 2182 consilio
733 2154 763 2181 et
785 2158 941 2180 consensu
957 2145 1161 2180 cardinalium

415 2205 557 2239 omnium
579 2214 634 2237 seu
650 2201 776 2236 maioris
791 2201 885 2247 partis
900 2200 1054 2247 ipsorum,
1075 2199 1164 2233 insti-

416 2267 543 2296 tuantur
554 2270 607 2292 seu
621 2257 843 2300 destituantur,
857 2264 946 2302 prout
961 2256 990 2289 in
1006 2254 1165 2301 praedicto

418 2314 579 2361 privilegio
608 2326 661 2347 seu
695 2311 920 2346 constitutione
953 2309 1079 2356 praefati
1108 2308 1166 2342 do-

418 2369 495 2403 mini
512 2368 630 2402 Nicolai
648 2367 749 2413 Papae
777 2365 818 2399 lV
841 2365 980 2399 noscitur
1002 2375 1165 2410 apparere.

467 2422 487 2469 ἓ
511 2424 566 2455 11.
582 2421 659 2455 Item
676 2420 759 2467 quod
776 2420 813 2454 ad
829 2419 966 2453 officium
990 2417 1166 2452 marescalli

239 2484 265 2526 φὶ
279 2485 402 2530 camarino&
420 2476 581 2511 Romanae
595 2474 708 2509 Curiae
725 2483 753 2509 et
771 2482 926 2508 rectorum
945 2480 1097 2506 terrarum
1112 2484 1167 2505 seu

227 2521 406 2567 niis2iakfl'aiiurfln
423 2530 651 2577 provinciarum
685 2529 845 2562 Romanae
873 2526 1035 2561 Ecclesiae
1062 2525 1169 2560 nullus

229 2584 268 2598 Μ
285 2578 389 2602 ⁵¹³³'¹¹⁸⁰‘
425 2585 463 2619 de
490 2584 760 2630 consanguinitate
784 2582 829 2617 rel
852 2582 1001 2616 affinitate
1035 2581 1170 2615 Romani

428 2639 590 2673 Pontificis
616 2646 802 2672 assumatur.

975 249 1160 272 minantum
1188 247 1349 271 noMANUM

1942 246 1989 274 An.
2007 245 2035 271 C,
2054 245 2120 272 ¹555

1228 306 1244 345 ξ
1273 302 1328 335 12.
1364 299 1441 334 Item
1469 298 1554 347 quod
1594 298 1748 333 Summus
1782 299 1925 334 Pontifex
1952 313 2123 334 neni-mimm-

1181 351 1256 385 nulli
1299 349 1362 395 regi
1392 348 1436 383 vel
1467 348 1596 395 principi
1616 359 1671 381 seu
1694 347 1792 382 cuivis
1817 348 1867 382 alii
1896 344 2049 383 in¹³⁰¹¹²¹¹¹¹¹⁵‘

1182 399 1297 445 reguis,
1326 398 1494 446 provinciis
1521 410 1576 431 seu
1605 397 1694 432 terris
1721 409 1829 431 eornm
1851 410 1928 432 con-

1181 449 1271 484 cedet
1293 448 1432 483 decimas
1449 460 1507 483 nec
1530 446 1636 481 tertias
1656 445 1850 481 decimarum
1873 459 1928 481 seu

1181 498 1320 534 subsidia
1344 497 1413 541 alia,
1436 509 1494 532 nec
1512 496 1605 531 etiam
1623 494 1775 531 Camcrae
1792 508 1868 531 suae
1887 508 1931 530 re-

1181 547 1315 582 servabit
1343 547 1411 582 sine
1426 547 1559 581 consilio
1572 554 1601 580 et
1616 557 1773 580 consensu
1789 545 1930 580 omnium

1183 600 1310 632 fratrum
1348 596 1395 631 vel
1423 595 1531 632 saltem
1554 595 1687 630 duarum
1717 594 1850 643 partium
1878 607 1934 630 eo-

1185 646 1340 685 rumdem,
1364 654 1393 681 et
1415 654 1491 681 tuuc
1518 657 1613 681 causa
1638 645 1716 680 iusta
1743 653 1774 679 et
1796 644 1934 680 rationa-

1185 697 1237 731 bili
1261 695 1427 731 suadente.

1232 746 1252 793 ἓ
1277 748 1330 780 15.
1355 745 1432 780 Item
1456 744 1540 791 quod
1569 744 1652 792 Papa
1682 757 1742 779 uon
1774 743 1934 790 impediat,
1961 756 1989 776 ne
2031 754 2129 774 tiberiae

1184 796 1261 843 quin
1284 807 1396 830 omnes
1417 804 1448 829 et
1463 794 1576 840 singuli
1600 793 1775 829 cardinales
1798 795 1828 828 iu
1855 806 1930 828 cou-

1185 844 1319 880 sulendo
1341 853 1370 879 et
1389 843 1616 880 consentiendo
1639 843 1772 879 liberum
1801 843 1936 878 habeant

1186 895 1351 929 arbitrium
1382 894 1410 928 in
1439 893 1580 941 agendis.

1946 786 2083 808 cardinalium
2110 785 2130 804 in

1947 817 2086 838 consulendo.

1234 950 1249 988 ξ
1277 947 1329 978 14.
1365 944 1443 979 Item
1467 942 1551 990 quod
1575 954 1686 977 omnes
1712 942 1831 978 domini
1868 955 1938 977 car-
1964 954 1991 974 ne
2015 954 2134 974 ‹mmm-

1188 993 1321 1038 diuales,
1344 994 1397 1041 qui
1422 993 1517 1028 hodie
1544 1001 1730 1040 supersunt,
1754 993 1857 1027 iurare
1875 992 1937 1027 ba-

1189 1043 1281 1078 beant
1296 1043 1379 1091 quod
1405 1043 1456 1078 ille
1474 1055 1510 1077 cx
1528 1041 1623 1076 dictis
1644 1041 1868 1082 cardinalibus,
1883 1043 1936 1089 qui

1189 1093 1224 1127 ad
1255 1101 1401 1140 papatum
1421 1120 1428 1133 ,
1458 1100 1633 1139 praestante
1670 1091 1819 1131 Domino,
1849 1104 1940 1126 assu-

1190 1151 1315 1186 metur,
1340 1142 1497 1189 praedicta
1525 1141 1692 1188 diligenter
1718 1149 1749 1176 et
1773 1140 1942 1176 inviolabi-

1191 1193 1260 1227 liter
1287 1192 1479 1227 observabit:
1514 1201 1544 1226 et
1571 1191 1779 1226 nihilominus
1808 1191 1860 1225 ille
1887 1191 1942 1237 qni

1190 1242 1227 1277 ad
1265 1251 1415 1290 papatum
1451 1249 1651 1280 assumetur,
1679 1240 1744 1275 sive
1776 1240 1944 1276 cardinalis

1191 1293 1254 1327 sive
1277 1292 1356 1326 alius
1377 1299 1560 1338 assumptus
1581 1290 1685 1334 suerit,
1708 1299 1738 1325 et
1761 1303 1775 1324 a
1798 1289 1944 1325 cardina-

1192 1341 1275 1376 libus
1303 1349 1460 1389 receptus,
1482 1341 1591 1375 eadem
1620 1340 1671 1375 die
1693 1340 1798 1374 omnia
1826 1349 1856 1374 et
1883 1340 1946 1374 siu—

1192 1391 1262 1436 gula
1299 1391 1480 1439 supradicta
1515 1391 1698 1437 profiteatur
1722 1389 1855 1424 fideliter
1881 1389 1947 1424 ob-

1193 1453 1329 1480 servare,
1352 1450 1382 1475 et
1405 1448 1503 1475 ratum
1525 1440 1636 1475 babeat
1660 1439 1844 1487 praestitum
1863 1438 1947 1473 iura-

1195 1499 1349 1525 mentum.

1242 1545 1257 1583 ἓ
1293 1542 1348 1574 45.
1384 1539 1461 1574 Item
1485 1538 1569 1586 quod
1598 1538 1622 1572 si
1649 1537 1777 1585 aliquod
1813 1537 1946 1572 dubium
1975 1543 2003 1564 ⁰⁶
2022 1549 2032 1562 ³

1195 1590 1365 1625 occurrerit
1388 1588 1433 1623 vel
1464 1587 1620 1626 inciderit,
1649 1587 1694 1622 vel
1724 1587 1827 1634 Papae
1860 1587 1947 1622 vide·
1962 1575 2019 1626 {limi

1950 988 1979 1006 tia
2002 985 2074 1005 harum
2097 990 2134 1010 pa-

1950 1018 2050 1038 ottonum.

2035 1542 2146 1563 dhibendis

2033 1572 2145 1593 consilium

2023 1604 2104 1624 natibus
2126 1604 2147 1622 iu

1195 1639 1280 1674 bitur
1308 1640 1337 1673 in
1368 1637 1557 1685 praedictis,
1580 1637 1730 1672 dominus
1765 1635 1848 1683 Papa
1875 1636 2026 1672 cum¹³b¹¹⁵
2042 1635 2117 1656 dum*

1195 1688 1329 1724 consilio
1348 1697 1379 1722 et
1400 1700 1556 1722 consensu
1578 1687 1688 1721 saltem
1717 1686 1850 1721 duarum
1876 1699 1950 1734 par-

1197 1740 1275 1774 tium
1299 1737 1506 1773 cardinalium
1530 1736 1643 1771 babeat
1665 1735 1837 1771 declarare.

1247 1787 1331 1822 Nulli
1371 1800 1447 1833 crgo
1487 1787 1617 1821 omniuo
1656 1785 1820 1820 hominum
1862 1785 1952 1820 liceat
2000 1789 2118 1810 mmuh*

1200 1839 1278 1873 lianc
1308 1837 1454 1884 paginam
1488 1844 1613 1871 nostrae
1640 1835 1864 1870 declarationis
1896 1835 1954 1870 in—

1200 1889 1337 1934 fringere
1356 1894 1411 1921 etc.

1249 1937 1364 1972 Datum
1381 1935 1464 1984 apud
1481 1935 1710 1970 Villamnovam
1726 1933 1956 1969 Avenionensis

1202 1987 1367 2026 dioecesis,
1390 1985 1531 2021 secundo
1546 1985 1638 2020 nonis
1655 1984 1734 2029 iulii,
1752 1984 1957 2031 pontificatus

1203 2038 1300 2073 nostri
1322 2049 1405 2072 anno
1428 2049 1450 2071 1.

1278 2099 1340 2130 Dat.
1359 2099 1405 2129 die
1428 2099 1446 2128 5
1468 2097 1532 2127 iulii
1553 2097 1638 2130 1353,
1659 2100 1736 2135 pont.
1759 2105 1835 2126 anno
1858 2104 1877 2126 1.

1558 2217 1610 2251 lv.

1211 2289 1303 2329 Quod
1328 2290 1360 2321 in
1382 2289 1474 2322 Statu
1501 2286 1708 2320 Ecclesiastico
1730 2284 1900 2317 homicidae
1920 2283 1963 2316 ad

1257 2339 1469 2383 pecnm'ariam
1497 2337 1744 2381 compositionem
1774 2345 1834 2367 non
1853 2334 1963 2367 admit-

1261 2395 1366 2422 tantur
1388 2389 1442 2431 (sl).

1477 2441 1692 2474 SUMMARIUM

1213 2499 1378 2529 Exordium.
1408 2516 1446 2520 —
1470 2498 1495 2527 1.
1518 2497 1630 2527 Causae
1653 2495 1784 2526 edendae
1814 2494 1895 2532 legis.
1927 2510 1965 2516 ——

1251 2545 1278 2573 ζ).
1310 2543 1487 2573 Constitutio
1517 2543 1561 2581 (de.
1583 2552 1633 2581 qua
1661 2542 1691 2571 in.
1713 2540 1846 2578 rubrica).
1875 2556 1912 2561 —
1935 2538 1967 2568 3.

1252 2589 1470 2618 Contrariorum
1490 2587 1649 2623 derogatio.
1669 2602 1706 2607 —-
1728 2583 1895 2614 clausulae.

1251 2646 1289 2680 tt)
1308 2646 1343 2672 Ex
1367 2646 1469 2680 Regest.
1492 2645 1516 2671 in
1539 2643 1648 2670 Archiv.
1671 2642 1753 2669 Vatic.
