2274 3265
114 312 300 339 An.c.1526

817 309 956 333 lomus
983 309 1041 332 xxi
1067 297 1174 340 (dictus
1196 306 1280 339 xxii)
1304 308 1352 330 ee.

128 372 167 400 Qui
190 374 300 399 vindicta
313 376 345 402 et
389 367 494 410 xenia,
532 367 570 401 ad
605 366 830 412 scripturarum
873 365 1065 407 exactiones,

116 407 214 425 tenentur
260 405 300 425 oh-

115 439 207 455 servare.

127 918 170 939 Has
194 919 252 944 leges
275 925 295 938 in

113 949 241 969 cancellaria
259 956 296 970 re-

112 980 243 1005 gistrandae.

127 1606 198 1633 Ibique
227 1608 295 1633 quoli-

113 1638 147 1657 bet
159 1643 213 1658 anno
221 1638 297 1663 legen-

114 1669 160 1688 dae.

148 2043 266 2064 clausulae.

313 428 407 470 quae
431 424 463 450 ut
487 416 670 462 praefertur,
693 416 730 449 le
749 413 945 449 auditoribus
963 422 992 448 et
1008 426 1066 448 no-

313 466 400 499 tariis
427 465 501 500 dicti
532 465 634 512 palatii
663 473 736 498 sunt
769 471 897 505 statuta,
920 471 949 497 et
971 462 1063 497 etiam

312 514 453 548 ordinata
498 526 552 560 pei
591 514 746 548 dictorum
781 511 1001 551 taidinalium,
1035 520 1064 546 et

313 563 403 598 etiam
432 563 536 597 curiae
552 574 692 596 camerae
708 569 831 595 nostrae
858 559 1018 595 auditores
1036 569 1063 594 et

314 612 435 646 iudices
457 613 560 645 curiae
584 609 768 650 marescalli
791 622 825 644 ac
846 622 902 656 per
924 609 1063 653 ipsorum

312 670 341 695 et
374 672 647 708 quorumcumque
687 659 818 693 diorum
856 659 885 692 in
923 657 1063 692 Romana

312 709 406 744 Curia
439 722 548 744 causas
582 709 764 742 auctoritate
799 707 968 754 apostolica
1001 720 1065 741 au-

312 758 464 793 dientium
505 766 533 792 et
571 757 790 792 auditotorum
833 757 864 790 in
906 765 1062 803 posterum

312 808 450 843 notarios
472 815 636 842 serventur
665 806 895 840 inviolabiliter.

359 858 379 904 S
403 859 458 891 38.
490 856 530 891 Ut
553 857 645 902 igitur
672 855 886 889 ordinationes
903 865 931 890 et
951 864 1063 890 statuta

312 916 414 941 nostra
439 905 634 944 huiusmodi,
662 917 741 952 qnae
770 905 928 951 perpetuis
951 906 1064 940 futuris

311 955 507 1001 temporibus
535 955 682 989 duratura
718 966 898 994 censemus,
935 955 1064 989 inviola-

310 1004 414 1039 biliter
441 1004 666 1043 observentur;
689 1012 718 1037 et
743 1016 780 1037 ne
809 1003 857 1037 illa
881 1004 921 1037 ob
945 1017 1063 1038 memo-

310 1054 372 1088 riae
400 1053 582 1088 labilitatem
617 1053 772 1087 humanae
802 1053 949 1086 oblivioni
979 1053 1063 1087 den-

309 1110 378 1143 tur;
401 1110 431 1137 et
453 1104 544 1136 etiam
563 1112 594 1136 ut
616 1102 778 1135 auditores
793 1110 821 1135 et
841 1103 951 1135 notarii
976 1115 1066 1147 prae-

310 1151 393 1186 libati
416 1164 473 1198 per
491 1151 724 1185 ordinationum
748 1158 778 1183 et
800 1159 986 1184 statutorum
1010 1163 1066 1185 eo-

311 1200 454 1235 rumdem
472 1200 701 1247 inspectionem
718 1199 887 1242 assiduam,
909 1200 990 1233 circa
1011 1212 1066 1234 eo—

311 1262 379 1283 rum
402 1249 633 1284 observantiam
661 1249 809 1282 attentius
831 1256 860 1282 et
885 1249 1066 1293 vigilantius

310 1300 373 1332 sint
411 1299 536 1338 attenti;
576 1298 721 1331 volumus
752 1306 781 1330 et
814 1298 992 1337 statuimus,
1034 1306 1066 1332 ut

310 1348 523 1382 ordinationes
545 1355 576 1382 et
602 1355 717 1381 statuta
749 1355 851 1380 nostra
882 1346 1064 1381 huiusmodi

310 1397 349 1431 de
383 1396 479 1431 verbo
507 1396 546 1431 ad
586 1396 716 1430 verbum
742 1397 771 1429 in
805 1396 1008 1431 cancellariae
1036 1405 1066 1430 et

311 1446 489 1492 praedictae
508 1446 686 1481 audientiae
706 1445 865 1479 literarum
886 1454 1064 1480 nostrarum

312 1496 452 1541 registris
478 1509 515 1530 ex
552 1496 674 1541 integro
696 1495 946 1530 conscribantur.

359 1549 379 1596 S
413 1552 470 1584 59.
499 1550 657 1596 Quodque
690 1550 718 1582 in
748 1549 880 1595 singulis
910 1550 1000 1584 aunis
1036 1550 1065 1583 in

311 1603 452 1638 kalendis
478 1604 627 1644 octobris,
651 1604 695 1638 vel
717 1604 814 1649 prima
843 1606 1005 1650 sequentis
1017 1617 1067 1639 au·

311 1657 447 1691 dientiae
470 1658 532 1700 die,
566 1658 591 1692 si
615 1658 728 1693 festum
766 1658 858 1692 fuerit
881 1659 931 1693 die
961 1659 1068 1693 kalen-

312 1711 422 1746 darum
440 1712 592 1759 ipsarum,
606 1713 821 1747 ordinationes
840 1721 868 1747 et
884 1720 996 1747 statuta
1015 1714 1069 1746 lm-

314 1765 449 1800 iusmodi
474 1767 618 1813 legantur
642 1766 829 1801 solemniter
852 1767 880 1800 in
908 1768 1067 1801 audientia

314 1820 496 1866 praelibata.
519 1821 558 1855 Et
581 1820 714 1868 quilibet
750 1820 932 1855 auditorum
956 1830 983 1856 et
1013 1835 1069 1855 no-

313 1874 462 1909 tariorum
487 1875 626 1921 ipsorum
656 1888 752 1922 penes
775 1888 808 1910 se
835 1876 957 1922 copiam
991 1889 1068 1911 eon—

314 1936 416 1963 servet
443 1937 472 1963 et
500 1928 609 1963 habeat
637 1929 832 1964 eorumdem.

364 1982 463 2028 540.
500 1983 585 2017 Nulli
625 1996 700 2029 ergo
734 1984 865 2018 omnino
902 1983 1068 2019 hominum

316 2036 407 2070 liceat
440 2040 518 2070 lianc
543 2037 685 2082 paginam
712 2045 889 2071 nostrorum
918 2038 1069 2072 decreto-

317 2102 398 2129 rum,
422 2098 623 2130 statutorum,
656 2091 900 2131 reformationis,
925 2093 1070 2138 prohibi-

318 2143 410 2177 tionis
431 2151 462 2177 et
485 2143 651 2178 voluntatis
676 2145 843 2190 infringere
869 2155 921 2179 etc.

636 2311 749 2346 XLIII.

319 2394 479 2429 Declarat,
510 2393 663 2426 indultum
691 2394 870 2437 quibuslibet
894 2395 1072 2427 universita-

369 2448 446 2480 tibus
479 2454 505 2480 ee
533 2448 669 2491 personis
712 2458 893 2490 concessum,
926 2459 962 2479 ne
982 2455 1071 2481 extra

368 2508 462 2533 certos
475 2502 583 2533 lintius
603 2501 708 2533 vocari
729 2502 759 2532 ιἰι
777 2502 924 2534 iudicium
940 2502 1068 2545 possin!

369 2555 412 2587 ad
433 2566 540 2587 causas
563 2561 587 2586 et
602 2555 735 2597 neqoli‘a,
763 2566 840 2598 quae
859 2556 942 2598 apud
964 2555 1070 2588 Sedent

370 2609 506 2641 eamdem
523 2608 693 2652 aqitantur,
713 2620 774 2641 ποη
794 2609 918 2641 extendi
939 2610 991 2652 (Ι).

357 2681 395 2715 (t)
412 2681 451 2707 Ex
473 2682 576 2716 Regest.
595 2682 620 2707 in
638 2680 746 2709 Archiv.
771 2681 853 2708 Vatic.

1741 297 1810 330 325

1375 362 1590 394 SUMMARIUM

1108 421 1226 449 Abusus
1246 421 1415 450 huiusmodi
1436 422 1617 451 indultorum
1636 422 1672 451 ab
1693 422 1857 460 Apostolicn

1146 463 1220 494 Sede
1243 464 1438 494 obtentorum.
1460 483 1499 488 —
1524 466 1548 494 1.
1568 465 1728 495 Declaratio
1749 466 1794 504 (de
1809 475 1860 504 quo

1145 510 1174 538 ιἰι
1196 508 1329 546 rubrica).

1169 583 1280 612 loannes
1299 584 1440 619 episeopus
1459 591 1555 612 servus
1575 591 1715 613 sei-vorum
1731 583 1795 615 net.

1241 633 1274 660 ad
1304 634 1462 668 perpetuam
1486 633 1526 660 rei
1557 632 1723 661 memoriam.

1154 699 1319 745 Contingit
1352 699 1536 745 plerumque
1561 711 1615 745 per
1637 697 1752 733 Sedem
1773 700 1860 744 Apo-

1106 749 1247 783 stolicam
1284 748 1445 783 nonnullis
1490 747 1747 782 universitatibus
1783 749 1860 782 civi-

1108 807 1219 839 tatum,
1269 807 1443 832 castrorum
1478 807 1507 831 et
1540 797 1672 831 aliorum
1707 797 1860 835 locorum,

1107 860 1227 882 necnon
1255 847 1468 892 singularibus
1503 847 1646 893 personis
1667 846 1862 881 ecclesiasti-

1106 898 1150 932 cis
1171 906 1202 932 et
1229 896 1442 931 saecularibus
1465 895 1633 942 indulgeri,
1657 905 1688 929 ut
1712 908 1766 942 per
1792 896 1861 930 lite—

1108 959 1155 981 ras
1182 947 1282 981 dictae
1309 945 1402 981 Sedis
1433 954 1591 992 nequeant
1618 946 1791 988 conveniri,
1814 945 1860 979 vel

1105 1004 1191 1030 extra
1214 1005 1298 1030 certa
1318 995 1383 1029 loca
1407 995 1443 1029 ad
1469 995 1617 1028 iudicium
1642 995 1777 1036 evocari,
1802 994 1859 1028 nisi

1106 1045 1206 1080 dictae
1222 1045 1330 1080 literae
1354 1045 1477 1089 plenam
1496 1053 1524 1078 et
1547 1055 1727 1089 expressam
1751 1056 1797 1083 ac.
1821 1043 1861 1078 de

1106 1094 1200 1128 verbo
1227 1094 1264 1129 ad
1297 1093 1438 1135 verbum,
1465 1093 1504 1127 de
1532 1092 1655 1126 indulto
1678 1092 1859 1126 huiusmodi

1107 1143 1219 1178 iaciant
1247 1142 1450 1176 mentionem.
1486 1141 1587 1176 Cuius
1619 1141 1729 1176 indulti
1768 1153 1860 1187 prae-

1107 1199 1191 1226 textu
1221 1192 1338 1226 eaedem
1380 1191 1597 1225 universitates
1629 1199 1659 1225 et
1697 1202 1860 1236 personae,

1106 1253 1178 1275 cum
1202 1253 1299 1286 super
1334 1240 1429 1274 certis
1456 1240 1559 1273 causis
1581 1252 1636 1273 seu
1661 1240 1793 1285 negotiis
1821 1239 1859 1273 ad

1107 1289 1282 1323 Romanam
1302 1288 1433 1324 Curiam
1467 1296 1648 1332 evocantur.
1671 1288 1709 1322 ad
1730 1300 1860 1334 compa-

1108 1339 1240 1372 randum
1277 1341 1322 1381 (l)
1349 1351 1404 1372 scu
1432 1337 1619 1383 litigandum
1645 1339 1675 1371 in
1701 1337 1860 1383 praedicta

1107 1387 1215 1430 Curia,
1244 1401 1277 1422 se
1301 1395 1444 1422 asserunt
1480 1399 1540 1420 non
1577 1386 1686 1420 teneri.

1156 1436 1175 1483 ,ξ
1201 1441 1231 1470 t.
1254 1436 1492 1472 Attendentes
1486 1449 1504 1469 ι
1497 1436 1580 1481 gitur
1609 1436 1693 1482 quod
1716 1434 1859 1470 Romana

1108 1486 1204 1520 Curia
1219 1487 1456 1522 communisest
1475 1486 1584 1540 patria
1594 1485 1758 1539 Sedesque
1771 1486 1861 1531 Apo-

1108 1536 1215 1570 stolica
1265 1545 1362 1570 mater
1398 1536 1504 1570 existit
1544 1547 1687 1569 omnium
1721 1533 1863 1569 fidelium

1109 1598 1138 1623 et
1161 1590 1321 1636 magistra,
1346 1590 1405 1624 boc
1427 1589 1528 1624 edicto
1549 1590 1578 1622 in
1604 1597 1792 1635 perpetuum
1811 1602 1866 1623 va-

1109 1644 1216 1683 lituro,
1238 1644 1422 1678 auctoritate
1450 1644 1620 1690 apostolica
1653 1642 1862 1682 declaramus,

1111 1700 1282 1745 praefatum
1320 1698 1477 1733 indultum
1512 1698 1665 1733 hactenus
1700 1698 1866 1744 quibusvis

1110 1765 1311 1792 concessum,
1344 1753 1389 1787 vel
1434 1754 1641 1800 imposterum
1685 1752 1865 1786 conceden-

1111 1807 1201 1847 dum,
1236 1807 1273 1840 ad
1306 1819 1416 1841 causas
1449 1815 1479 1840 et
1515 1806 1652 1852 negotia,
1680 1817 1759 1852 quae
1782 1806 1863 1852 apud

1111 1862 1226 1897 Sedem
1252 1861 1394 1895 eamdem
1424 1861 1591 1907 agitantur.
1614 1872 1668 1893 seu
1699 1872 1754 1906 pro
1785 1868 1865 1895 tem-

1113 1929 1187 1963 pore
1210 1915 1377 1961 contigerit
1399 1914 1521 1974 agitari,
1546 1922 1675 1961 propter
1698 1926 1867 1960 praeroga-

1112 1970 1205 2004 tiiam
1235 1983 1289 2005 seu
1324 1969 1525 2003 eminentiam
1551 1968 1652 2002 dictae
1675 1967 1780 2007 Sedis,
1808 1968 1866 2002 ali-

1112 2028 1268 2067 quatenus
1307 2031 1369 2053 non
1411 2017 1550 2056 extendi
1592 2017 1814 2051 universitates
1836 2026 1864 2050 et

1114 2081 1263 2115 personas
1287 2067 1476 2115 praedictas⁷
1507 2066 1738 2120 cuiuscumque
1762 2065 1866 2112 digni-

1114 2119 1196 2157 tatis
1232 2117 1424 2152 conditionis
1447 2124 1498 2150 aut
1519 2124 1619 2149 status
1641 2116 1785 2154 existant,
1809 2115 1866 2149 ali-

1112 2180 1206 2214 quam
1232 2167 1465 2202 immunitatem
1485 2164 1599 2200 exinde
1616 2165 1768 2211 recipere,
1790 2177 1867 2211 quo-

1113 2218 1219 2251 minus
1253 2216 1337 2264 apud
1366 2215 1481 2250 Sedem
1519 2214 1664 2250 eamdem
1696 2213 1865 2261 apostolica

1113 2267 1298 2301 auctoritate
1326 2273 1451 2300 vocatae
1474 2275 1658 2311 comparere
1680 2275 1716 2298 ac
1737 2275 1865 2311 respou-

1113 2316 1188 2351 dere
1216 2315 1358 2363 legitime
1381 2323 1559 2349 teneantur.

1162 2364 1246 2399 Nulli
1289 2376 1364 2419 ergo
1405 2363 1535 2398 omnino
1567 2361 1732 2395 hominum
1775 2361 1865 2395 liceat

1115 2414 1193 2448 hanc
1228 2414 1375 2460 paginam
1411 2420 1535 2447 nostrae
1569 2410 1790 2445 declarationis
1816 2410 1865 2444 in-

1115 2463 1250 2509 fringeie
1271 2471 1325 2496 etc.

1163 2513 1278 2547 Datum
1303 2510 1456 2546 Avenioni
1481 2509 1571 2544 nonis
1595 2509 1713 2556 aprilis,
1737 2508 1865 2555 pontifi-

1113 2572 1202 2598 catus
1224 2561 1321 2596 nostri
1344 2573 1426 2595 anno
1452 2572 1499 2594 xi.

1154 2624 1213 2654 Dat.
1237 2624 1283 2653 die
1307 2624 1324 2652 5
1342 2622 1443 2662 aprilis
1463 2621 1550 2656 1327,
1570 2619 1670 2658 pontif.
1689 2629 1765 2649 anno
1789 2628 1825 2648 itt.

1150 2682 1188 2716 (t)
1207 2682 1303 2707 Forsan
1321 2680 1369 2715 leg.
1391 2681 1608 2712 compar-emtum.

1873 306 1923 333 An.
1945 305 1974 333 C.
1991 306 2054 332 15²7

1888 710 1970 730 Abusus
1988 710 2059 730 huius-

1875 740 1928 760 modi
1964 740 2059 760 intutio-

1875 777 1918 790 rum
1934 770 1959 789 :ib
1970 770 2059 796 Apostn-

1875 800 1915 820 tica
1942 799 1996 821 sude
2020 801 2058 819 ol·-

1875 833 1989 852 tentam-n.

1888 1439 2007 1460 Deciatum
2025 1441 2059 1464 ide

1876 1476 1915 1497 qua
1926 1472 1945 1490 iu
1957 1470 2039 1490 rubrica
