2274 3265
210 274 257 299 tn.
278 274 295 295 π,
324 273 389 299 iaso
462 263 527 294 ¹00

986 267 1109 290 numam
1116 268 1122 289 Ι
1129 267 1170 289 [Μ
1201 266 1289 288 {tosta
1296 265 1360 287 Nt'M

1963 263 2009 288 An.
2028 263 2056 289 C.
2078 261 2144 288 ¹289

407 328 520 373 eligere
551 324 695 360 maluerit
722 322 887 368 deputato,
924 321 1093 369 nullusque
1121 321 1158 355 li-
1199 320 1249 354 cui
1273 331 1393 354 anttexa
1415 326 1462 353 est
1489 329 1563 352 cura
1586 316 1774 357 animarum,
1799 324 1885 351 vacet
1908 316 2149 357 ui1„...,„...m„„,.,.

408 385 488 410 teras
510 372 760 409 confirmationis
783 371 912 411 habeat,
947 370 1031 418 quod
1064 382 1080 405 a
1100 382 1158 404 suo

410 425 546 471 prioratu
584 423 629 457 vel
651 421 831 457 obedientia
857 432 917 455 non
938 419 1050 455 debeat
1073 431 1158 454 amo-

408 487 481 509 veri.

456 528 471 566 ξ
504 524 555 556 18.
591 521 638 556 Ad
675 520 902 556 institutionem
940 530 1012 553 vcro
1047 517 1160 564 prioris

219 581 393 607 ¹u⁵t·¹u2¹⁰rr·⁰-
409 570 625 607 conventualis
673 570 794 617 absque
839 568 976 603 duorum
1021 567 1158 613 priorum

210 614 394 668 ffis⁰⁰Ju⁸Jiii¹2
409 619 665 656 conventualium
694 619 826 654 consilio
854 617 984 652 minime
1012 615 1160 662 proceda-

211 676 250 693 mr
410 679 469 706 tur.
492 669 632 704 Abbatcs
658 676 762 703 autem
783 677 812 703 et
841 667 959 713 priores
981 666 1063 699 eirca
1085 672 1162 698 tem-

411 719 526 766 poralia
554 727 583 753 et
606 717 779 764 spiritualia
808 715 1013 762 negligentes,
1038 726 1091 759 per
1112 713 1159 746 de·

411 768 550 803 linitores
575 767 708 813 graviter
733 766 912 813 puniantur,
936 771 965 797 et
985 765 1061 796 tales
1077 773 1161 808 prae-

411 817 574 859 ficiantur,
601 816 655 862 qui
683 815 783 850 sciant
818 823 847 848 et
878 812 998 859 possint
1027 822 1161 857 praeesse

411 866 524 912 pariter
543 874 573 899 et
596 864 755 912 prodesse,
778 876 813 897 ac
837 863 903 896 iura
919 860 1160 894 commissorum

410 915 467 949 sibi
498 914 690 961 prioratuum
720 913 897 946 observare.
925 908 1015 943 Circa
1049 921 1162 954 perso—

412 975 520 998 narum
549 975 621 997 vero
657 962 732 996 dicti
760 960 881 996 ordinis
918 957 1162 1005 promotionem,

411 1014 456 1047 sic
479 1011 606 1059 provida
636 1019 665 1045 et
698 1022 796 1056 aequa
819 1007 1017 1043 ordinatione
1045 1018 1162 1041 cense-

413 1073 500 1104 mus,
540 1060 623 1107 quod
665 1059 761 1093 abbas
798 1058 891 1092 Clun.
928 1057 959 1091 in
994 1054 1100 1089 arduis
1134 1064 1164 1089 et

411 1109 558 1156 gravibus
582 1108 718 1155 negotiis
746 1107 788 1143 uti
816 1106 928 1141 debeat
957 1104 1088 1139 consilio
1114 1116 1164 1139 sa-

414 1159 578 1205 pientium,
606 1165 637 1192 et
671 1157 744 1192 dicti
773 1156 894 1190 ordinis
928 1153 1099 1188 seniorum.
1127 1153 1165 1188 Et

413 1209 442 1241 in
467 1206 682 1254 promovendo
712 1217 861 1253 personas
883 1203 1014 1243 ordinis,
1037 1210 1066 1237 et
1094 1214 1166 1237 eon-

414 1255 543 1291 l‘ereudo
577 1255 747 1296 beneficia,
787 1267 847 1289 non
876 1260 1025 1299 sequatur
1053 1263 1166 1286 carna-

414 1305 474 1340 lem
508 1305 676 1339 affectum:
713 1304 766 1339 sed
799 1301 945 1337 babendo
968 1300 1069 1335 Deum
1093 1313 1166 1346 prae

415 1354 528 1394 oculis,
558 1354 698 1388 imitetur
722 1354 750 1387 in
785 1351 935 1387 omnibus
967 1350 1067 1396 legem
1097 1349 1165 1384 Dei.

414 1403 455 1438 Et
469 1402 554 1449 quod
577 1403 697 1437 dictum
712 1409 759 1437 est
773 1401 810 1435 de
834 1400 945 1435 abbate
964 1398 1166 1438 Cluu.‚idem

417 1464 471 1499 per
507 1452 584 1487 alios
610 1451 739 1486 abbates
762 1458 791 1484 et
821 1450 942 1496 priores
969 1447 1091 1482 ordinis
1118 1447 1167 1482 de-

416 1501 572 1535 crevimus
603 1500 848 1535 observandum.
875 1498 915 1532 Et
942 1498 1014 1544 quia
1042 1496 1169 1531 denun-

416 1550 529 1584 ciatum
566 1558 611 1584 est
645 1549 753 1592 nobis,
780 1547 865 1594 quod
902 1558 970 1581 raro
997 1553 1050 1580 aut
1081 1558 1171 1580 num-

416 1611 510 1646 quam
535 1598 573 1633 de
596 1599 732 1633 claustro
754 1597 848 1632 Clun.
873 1595 988 1643 aliquis
1008 1594 1053 1629 vel
1074 1595 1168 1641 aliqui

416 1648 454 1682 ad
484 1648 622 1693 regimen
653 1647 846 1693 prioratuum
871 1644 1094 1680 Cluniacensis
1116 1656 1169 1678 or-

418 1696 499 1731 dinis
526 1704 748 1737 assumuntur,
784 1695 969 1734 statuimus,
1000 1692 1083 1740 quod
1107 1705 1169 1727 non

419 1755 479 1781 tam
503 1744 542 1779 de
570 1745 798 1787 claustralibus,
821 1755 914 1791 quam
938 1742 977 1777 de
1000 1742 1079 1784 aliis,
1101 1742 1170 1776 sine

420 1806 622 1841 personarum
652 1794 847 1841 acceptione,
876 1803 1027 1839 personae
1051 1790 1173 1826 idoneae

419 1843 457 1878 ad
492 1844 631 1890 ipsorum
670 1843 864 1889 prioratuum
905 1842 1047 1887 regimen
1084 1838 1172 1874 assu-

420 1901 564 1936 mantur,
592 1905 663 1927 cum
694 1905 747 1939 per
777 1892 853 1927 tales
878 1891 930 1938 qui
955 1898 1027 1925 sunt
1050 1890 1079 1923 in
1103 1902 1173 1924 mo-

422 1942 556 1977 nasterio
578 1942 726 1985 enutriti,
755 1942 853 1986 magis
873 1941 902 1975 in
927 1940 1077 1986 religione
1096 1939 1174 1974 ordo

425 1994 523 2041 possit
551 2002 580 2027 et
608 1992 719 2027 debeat
747 1992 920 2026 informari,

473 2049 487 2088 ἓ
518 2045 569 2079 19.
600 2043 647 2077 Ad
671 2042 749 2077 haec
778 2042 949 2077 districtius
977 2040 1175 2084 inhibemus,

224 2100 350 2151 ¹⁹³3&stss
371 2103 410 2133 12⁸-
425 2105 464 2128 ne
500 2094 570 2140 quis
605 2093 710 2140 plures
745 2092 901 2138 prioratus
929 2091 974 2125 vel
1004 2091 1174 2137 prioratum

227 2136 348 2182 ζ’ᾆεῖζῗῖἓῗ
376 2135 411 2150 '⁰’
425 2156 495 2178 cum
516 2142 638 2177 abbatia
660 2142 801 2176 eiusdem
825 2140 954 2179 ordinis,
983 2141 1029 2174 vel
1050 2140 1178 2174 alterius

426 2192 540 2227 liabere
577 2199 767 2238 praesumat.
813 2191 878 2225 Nec
913 2189 1009 2224 abbas
1046 2188 1179 2224 Clunia·

426 2242 528 2276 censis
567 2241 611 2276 vel
645 2241 758 2288 aliquis
786 2239 865 2274 alius
899 2239 994 2273 abbas
1023 2239 1067 2273 vel
1097 2239 1180 2285 prior

426 2291 568 2326 eiusdem
610 2290 751 2334 ordinis,
791 2289 927 2337 aliquem
956 2288 994 2323 de
1029 2288 1180 2322 subiectis

426 2340 484 2376 sibi
515 2339 705 2388 prioratibus
727 2340 766 2374 ad
795 2351 907 2374 manus
929 2351 1001 2372 suas
1030 2337 1177 2372 retineat:

427 2390 482 2425 sed
518 2390 651 2436 singulis
689 2389 881 2437 prioratibus
919 2387 1038 2435 priores
1065 2387 1180 2433 singuli

430 2438 630 2486 deputentur.

480 2492 495 2531 ἓ
529 2491 586 2524 20.
629 2488 693 2524 Nec
730 2488 844 2535 aliquis
879 2487 929 2535 qui
964 2486 1184 2522 Cluniacensis

242 2546 418 2570 Nullusninfflu·
433 2538 554 2573 ordinis
578 2552 638 2573 non
668 2538 760 2572 suerit
780 2537 952 2585 professus,
976 2535 1087 2570 habeat
1105 2535 1185 2570 eius-

235 2578 420 2634 ζ”ἰζῗζὶξὲῗῠξζέξῃ
435 2586 505 2622 dem
530 2588 652 2622 ordinis
680 2588 863 2635 prioratum.
886 2586 951 2621 Nec
973 2585 1087 2632 aliquis
1107 2585 1186 2631 prio—

236 2640 421 2661 0100-01‘11110b0·
438 2646 519 2670 ratns
545 2636 588 2669 rel
613 2637 784 2671 decanatus
811 2635 1030 2670 Cluniacensis
1055 2634 1185 2674 ordinis,

1201 377 1247 404 tra
1283 380 1335 403 sex
1375 378 1518 407 menses3
1561 365 1614 401 sed
1654 365 1733 401 infra
1768 365 1948 400 huiusmodi

1201 426 1326 465 tempus
1353 417 1450 452 abbas
1471 414 1690 451 Cluniacensis
1709 414 1886 461 caeterique
1901 414 1951 449 al)-

1202 468 1288 502 bates
1310 474 1340 502 et
1362 466 1492 512 priores,
1514 464 1567 512 qui
1590 463 1707 498 liabent
1739 464 1893 511 prioratus
1922 471 1953 498 et

1202 515 1383 552 liuiusmodi
1417 515 1586 550 decanatus
1609 513 1788 557 subiectos,
1823 512 1869 547 eis
1890 512 1953 547 de-

1203 566 1295 600 beant
1327 564 1503 612 providere.
1532 562 1633 598 Aliter
1659 561 1796 609 provisio
1832 561 1952 608 priora-

1203 624 1291 648 tuum
1321 622 1352 648 et
1379 614 1587 648 decanatuum
1627 610 1810 646 eorumdem
1853 610 1954 645 abbati

1201 663 1404 698 Cluniacensi
1422 662 1506 696 nullo
1520 661 1625 696 medio
1647 661 1873 703 subiectorum,
1908 659 1956 693 in—

1203 712 1360 758 telligatur
1392 711 1429 746 ad
1465 710 1580 746 Sedetn
1617 709 1830 756 Apostolicam
1860 707 1957 743 devo-

1204 761 1277 795 luta.
1301 761 1501 795 prioratuum
1521 771 1593 793 vero
1612 766 1641 793 et
1658 758 1868 793 decanatuum
1885 757 1958 791 alio-

1205 823 1271 844 rum
1296 809 1432 856 provisio
1466 808 1505 843 ad
1539 820 1615 842 suos
1650 807 1828 841 immediate
1861 818 1958 853 supc-

1205 860 1302 893 riores
1336 858 1518 892 devolvatur
1544 857 1686 896 omnino,
1723 869 1779 890 nec
1803 855 1960 903 prioratus

1205 908 1250 942 vel
1275 907 1449 941 'decanatus
1475 918 1546 940 cum
1570 917 1644 940 cura
1680 905 1822 951 personis
1848 916 1960 939 saecu-

1205 956 1333 996 laribus,
1356 954 1479 990 clericis
1512 954 1558 989 vel
1587 953 1728 988 monacis
1749 953 1880 988 alterius
1907 965 1960 987 or-

1205 1005 1299 1044 ‹tinis,
1335 1004 1432 1047 laicis,
1466 1003 1624 1050 praelatis,
1659 1015 1714 1037 seu
1737 1002 1872 1037 subditis
1904 1002 1961 1036 ali-

1205 1062 1362 1102 quatenus
1384 1052 1601 1088 conferantur:
1637 1059 1667 1086 et
1694 1051 1746 1086 ubi
1769 1051 1959 1086 contrarium

1206 1110 1390 1138 attentatum
1413 1114 1483 1136 esse
1517 1100 1728 1147 dignoscitur,
1762 1099 1960 1135 definitorum

1206 1151 1334 1186 arbitrio
1357 1158 1531 1186 revocetur.
1568 1149 1659 1185 Circa
1689 1161 1761 1184 vero
1787 1149 1855 1184 illos
1879 1149 1963 1195 prio-

1209 1209 1303 1241 ratus,
1339 1200 1393 1248 qui
1415 1199 1540 1235 alienati
1566 1206 1596 1233 et
1623 1198 1791 1246 permutati
1824 1209 1893 1233 esse
1915 1198 1963 1232 (li-

1208 1258 1324 1285 cuntur
1358 1250 1477 1296 absque
1492 1248 1585 1283 Sedis
1609 1254 1799 1282 memoratae
1822 1247 1964 1289 licentia,

1210 1299 1429 1346 praecipimus,
1456 1306 1488 1333 ut
1514 1297 1597 1344 quod
1623 1309 1678 1344 per
1700 1296 1847 1331 abbatem
1868 1309 1965 1343 super

1209 1348 1270 1382 illis
1297 1356 1401 1382 actum
1424 1354 1482 1386 est.
1511 1347 1638 1393 penitus
1665 1352 1840 1386 revocetur,
1864 1354 1893 1380 et
1915 1344 1967 1379 ab·

1210 1398 1264 1432 bas
1292 1396 1330 1432 ad
1360 1396 1588 1431 revocationem
1623 1394 1809 1429 huiusmodi
1841 1393 1965 1429 facien—

1210 1446 1298 1484 dam,
1340 1458 1434 1492 quam
1473 1444 1609 1492 primum
1645 1443 1813 1479 commode
1841 1444 1966 1491 poterit,

1210 1495 1356 1530 exhibeat
1381 1507 1416 1529 se
1452 1493 1600 1540 vigilem,
1636 1493 1791 1527 solicitum
1821 1500 1850 1527 et
1872 1492 1965 1528 etiam

1211 1544 1404 1579 studiosum:
1436 1543 1477 1578 ita
1498 1542 1584 1590 quod
1606 1542 1643 1577 ad
1672 1542 1792 1577 clerum
1820 1541 1964 1576 divinum

1211 1601 1240 1628 et
1277 1593 1405 1628 solitum
1442 1591 1669 1627 monachorum
1706 1602 1896 1635 numerum,
1932 1602 1968 1625 ac

1211 1642 1440 1677 subiectionem
1468 1641 1542 1676 dicti
1573 1640 1692 1675 ordinis
1715 1639 1916 1675 reducantur.

1261 1695 1276 1731 ,δ
1299 1694 1356 1726 21.
1385 1691 1449 1726 Nec
1472 1690 1504 1725 in
1529 1690 1668 1737 prioratu
1687 1689 1792 1736 aliquo
1816 1701 1898 1723 unus
1913 1700 1968 1723 so-

1214 1741 1262 1775 lus
1298 1752 1448 1775 monacus
1479 1746 1714 1779 commoretur,
1741 1737 1797 1774 sed
1833 1738 1881 1779 ei,
1915 1738 1967 1786 qui

1213 1789 1300 1824 solus
1321 1797 1380 1830 est,
1409 1801 1505 1829 unus,
1541 1788 1588 1823 vel
1618 1788 1722 1835 plures
1744 1787 1820 1822 socii
1844 1787 1967 1822 monaci

1215 1839 1446 1885 adiungantur,
1469 1839 1493 1874 si
1523 1837 1581 1872 loci
1605 1843 1775 1885 suppetant
1795 1835 1967 1871 facultates.

1215 1889 1363 1936 Alioquin
1384 1900 1535 1923 monacus
1552 1895 1713 1922 revocetur
1726 1886 1763 1921 ad
1784 1886 1968 1924 claustrum.

1218 1939 1341 1985 proviso
1376 1937 1461 1985 quod
1490 1938 1519 1972 in
1557 1949 1594 1972 eo
1630 1937 1734 1972 divina
1769 1935 1969 1971 celebrentur

1218 1990 1359 2025 honeste.

1267 2044 1281 2083 ἓ
1303 2041 1360 2073 22.
1386 2038 1476 2074 Circa
1496 2037 1677 2085 qualitatem
1699 2044 1802 2071 autem
1817 2035 1971 2076 ciborum,

1219 2098 1248 2124 et
1272 2097 1378 2136 potus,
1405 2088 1535 2122 scrutari
1562 2086 1784 2132 praecipimus,
1807 2094 1840 2119 ut
1861 2097 1973 2120 omnes

1221 2138 1342 2174 monaci
1375 2138 1404 2172 in
1434 2149 1496 2172 uno
1520 2136 1700 2171 reficiantur
1722 2134 1906 2175 refectorio,
1935 2134 1974 2169 de

1220 2188 1330 2223 eodem
1356 2194 1429 2234 potu
1453 2195 1481 2221 et
1511 2198 1602 2233 pane,
1627 2185 1800 2231 eademque
1823 2184 1972 2231 coquina:

1223 2238 1279 2272 nisi
1304 2236 1381 2271 forte
1396 2236 1533 2283 aliquem
1558 2236 1697 2281 ipsorum
1721 2233 1888 2269 comedere
1902 2245 1974 2268 cum

1222 2286 1334 2321 abbate
1364 2285 1409 2320 vel
1439 2285 1553 2332 priore,
1582 2296 1636 2318 seu
1662 2285 1691 2318 in
1721 2283 1891 2318 infirmaria
1906 2295 1975 2317 con-

1224 2336 1333 2382 tingat.
1356 2334 1464 2369 Abbas
1490 2342 1593 2369 autem
1617 2346 1689 2368 cum
1708 2332 1855 2368 fratribus
1877 2332 1906 2366 in
1928 2337 1977 2366 re-

1225 2385 1353 2420 fectorio
1385 2383 1545 2420 comedat:
1587 2383 1646 2418 nisi
1684 2391 1810 2430 propter
1838 2381 1977 2428 ltospites

1226 2442 1324 2470 mutet
1358 2434 1473 2469 locum.
1510 2432 1544 2468 In
1575 2432 1743 2467 infirmaria
1774 2443 1844 2466 vero
1873 2429 1977 2465 nullus

1226 2484 1393 2523 comedat,
1431 2483 1490 2518 nisi
1528 2490 1653 2530 propter
1692 2481 1902 2516 infirmitatem
1932 2480 1977 2514 rel

1227 2534 1418 2568 debilitatem
1448 2532 1523 2567 illuc
1550 2531 1643 2566 fuerit.
1673 2531 1856 2566 destinatus.

1278 2587 1292 2627 g
1314 2586 1371 2617 25.
1395 2582 1486 2618 Circa
1509 2594 1599 2617 esum
1623 2593 1695 2616 vero
1721 2580 1862 2616 carnium
1889 2579 1977 2614 licen-

1229 2634 1300 2667 tiam
1338 2632 1545 2679 relinquimus
1581 2630 1806 2678 dispensationi
1842 2628 1979 2668 abbatis,

1965 368 2035 387 debet.

1997 1703 2020 1725 lu
2044 1711 2084 1725 uuo
2109 1705 2168 1731 prio-

1982 1740 2028 1758 ratu
2037 1739 2111 1758 unicus
2121 1742 2168 1757 mo-

1983 1768 2063 1789 nachus
2094 1773 2167 1788 mane-

1983 1804 2006 1820 re
2022 1804 2063 1820 non
2081 1798 2150 1820 debet,

2001 2053 2095 2075 Retecno
2125 2059 2173 2075 mo-

1987 2084 2102 2105 nachorum
2145 2087 2172 2105 ert

1988 2114 2105 2137 uniformia.

2008 2595 2057 2616 Esus
2085 2601 2176 2615 carnium

1996 2627 2120 2653 relinquitur
2143 2632 2177 2647 ar-

1995 2657 2057 2678 bitrio
2073 2656 2160 2677 abbatia.
