2274 3265
101 276 151 303 An.
172 276 200 302 C.
221 276 286 304 1289

926 274 1081 296 NlthLAl'i'b

1106 274 1136 295 ιτ
1165 275 1211 295 rr.
1745 265 1789 297 [ist

1857 276 1904 300 An.
1925 274 1941 297 (j
1973 273 2039 299 1230

298 339 327 363 et
353 329 471 375 absque
501 330 662 363 vernilitate
698 337 727 363 et
761 329 863 375 aliqua
893 329 1046 374 pactione.
1091 327 1188 361 forma
1211 336 1384 362 serventur.
1414 328 1578 368 Videlicet,
1602 329 1686 375 quod
1718 330 1742 363 si
1768 330 2027 374 visi-„,1,„,.,q‚mmo

296 378 362 412 Nec
389 377 615 412 Cluniacenses
648 388 701 411 aut
736 377 786 411 alii
812 377 960 420 abbates,
995 384 1048 410 aut
1067 391 1069 400 ⁴
1091 376 1372 424 tutoresabbatem
1405 378 1449 412 vel
1476 378 1609 423 priorem
1633 379 1838 414 criminosum
1857 380 1882 429 ss>
1898 382 1918 398 0²
1934 385 1970 422 !''‘'‘
1988 383 2039 404 ’ω’

297 427 416 474 priores
438 426 532 461 Cluu.
560 427 679 462 ordinis
701 426 740 461 dc
774 425 963 472 prioratibus
984 438 1047 459 au-

300 475 392 510 deant
417 484 467 510 aut
505 477 627 522 possint
649 476 747 510 facere
775 475 959 508 decanatus:
990 487 1047 508 nec

295 524 336 559 de
354 524 568 565 decanatibus,
591 525 622 559 in
646 523 763 571 quibus
785 523 923 558 decanus
939 535 1044 557 curam

295 574 470 608 animarum
495 573 588 608 habet
614 582 644 608 et
667 572 788 607 monaci
823 581 897 606 sunt
920 580 951 607 et
977 584 1046 606 esse

295 630 538 666 consueverunt,
562 622 683 668 possint
698 621 800 656 facere
822 622 982 667 grangia53
1006 621 1044 655 ita

294 672 377 718 quod
401 683 459 706 nec
479 684 493 705 a
517 683 661 713 monaco,
686 683 742 705 nec
764 682 780 704 a
802 671 954 705 saeculari
979 682 1047 716 per-

294 732 370 755 sona
406 732 462 766 pro
488 720 594 767 aliquo
629 720 729 766 pretio
756 720 988 762 conducantur,
1015 728 1043 754 et

293 769 346 804 ubi
384 770 498 803 sactum
534 778 598 807 est,
627 770 671 803 vel
699 777 896 815 acceptatum
927 777 1046 803 contra-

292 819 385 859 rium,
411 830 465 865 per
488 818 670 853 definitores
686 819 715 852 in
736 827 852 853 statum
877 818 1043 865 pristinum

292 877 320 902 et
343 868 507 914 antiquum
532 867 731 902 reducantur.
763 867 805 903 Et
832 869 990 915 prioratus
1017 876 1044 901 et

291 917 462 951 decanatus
498 917 680 951 huiusmodi
710 918 834 951 nonnisi
870 917 1044 952 sacerdoti-

290 966 351 1001 bus
378 966 450 1000 dicti
479 966 598 1000 ordinis
626 967 767 1000 monacis
793 966 1042 1001 committantur.

290 1014 375 1050 Haec
407 1022 510 1049 autem
546 1015 696 1050 nolumus
725 1015 763 1049 ad
797 1015 864 1050 illas
899 1016 1044 1061 grangias

289 1076 344 1099 seu
363 1064 651 1099 administrationes
669 1064 910 1111 extendi„quae
935 1076 1042 1098 curam

289 1114 466 1148 animarum
495 1126 556 1148 non
587 1113 713 1156 babent,
737 1122 765 1148 et
789 1113 874 1148 laicis
901 1125 1044 1148 consue-

291 1174 361 1198 vere
396 1163 562 1197 committi.
598 1162 632 1197 Si
669 1163 738 1208 quis
772 1171 875 1196 autem
917 1170 1045 1209 propter

291 1211 369 1247 haec
403 1211 520 1259 aliquid
555 1210 681 1246 dedisse
712 1212 757 1245 vel
787 1211 945 1258 recepisse
973 1223 1045 1245 con-

291 1262 391 1295 victus
413 1261 561 1303 extiterit,
584 1272 755 1307 numquam
774 1260 802 1294 in
824 1261 933 1294 ordine
949 1259 1041 1294 Clun.

289 1310 474 1356 dignitatem
502 1310 627 1348 habeat,
665 1310 710 1343 vel
747 1309 910 1343 honorem.
948 1307 986 1342 Et
1017 1308 1042 1343 si

288 1359 440 1394 adversus
462 1358 598 1405 aliquem
626 1371 723 1405 super
751 1359 809 1392 ltuc
832 1357 916 1405 apud
946 1357 1043 1391 visita·

290 1417 372 1443 tores
408 1407 454 1441 vel
483 1407 666 1442 definitores
695 1408 864 1442 vehemens
893 1406 1044 1441 habeatur

290 1457 525 1505 praesumptio,
561 1457 664 1504 ipsum
696 1470 751 1504 per
772 1469 827 1491 eos
859 1469 874 1491 a
903 1458 1041 1503 prioratu

289 1508 334 1542 vel
362 1506 633 1542 administratione
661 1508 707 1541 sic
740 1506 866 1541 obtenta
896 1508 1042 1540 volumus

287 1556 436 1591 amoveri.
460 1555 501 1590 Et
523 1556 547 1590 si
571 1557 641 1603 quis
669 1556 805 1590 humana
829 1555 968 1590 confisus
992 1569 1044 1602 po-

288 1606 394 1644 tentia,
419 1618 474 1652 per
500 1606 711 1640 interventum
739 1605 949 1640 saecularium
980 1619 1042 1651 per-

288 1667 436 1689 sonarum
471 1655 624 1690 committi
657 1655 715 1689 sibi
747 1655 960 1689 obedientiam
997 1656 1041 1690 vel

289 1705 460 1751 prioratum
505 1705 703 1751 poposcerit,
743 1717 913 1752 numquam
954 1705 1041 1739 illum

288 1753 438 1793 obtineat,
461 1755 514 1788 sed
539 1766 597 1788 nec
619 1754 714 1788 alium
741 1754 817 1789 infra
845 1766 976 1788 annum.

338 1806 353 1846 ξ
384 1806 438 1837 15.
478 1803 543 1838 Nec
585 1803 728 1850 personis
767 1804 925 1850 illegitime
963 1804 1042 1838 natis

125 1868 241 1893 nummis
290 1853 446 1899 prioratus
474 1861 504 1887 et
534 1853 707 1888 decanatus
728 1866 835 1887 curum
864 1854 1040 1888 animarum

90 1901 441 1952 {gffafffisussefflcgssjhabentes
477 1903 507 1936 in
533 1903 644 1937 ordine
667 1903 733 1947 ipso
756 1903 915 1937 ullatenus
938 1904 1041 1937 confe-

90 1961 190 1982 rmntur.
290 1960 413 1986 rantur:
437 1959 468 1986 et
490 1953 513 1986 si
542 1964 635 1986 secus
662 1951 777 1986 sactum
806 1952 911 1992 fuerit,
936 1951 963 1985 id
989 1965 1042 1998 per

289 2000 474 2035 definitores
498 2001 695 2035 decrevimus
718 2001 940 2036 revocandum.

338 2054 353 2093 §
394 2051 448 2084 16.
494 2050 727 2085 Conventuales
765 2063 893 2097 quoque
921 2052 1041 2097 priores

103 2110 187 2146 Priores
203 2118 274 2133 sma-
289 2098 440 2146 quamdiu
466 2099 494 2133 in
523 2100 739 2145 spiritualibus
759 2108 787 2134 et
812 2100 1041 2145 temporalibus

89 2143 185 2163 '”⁰'⁹¹''¹'
289 2148 369 2184 bene
398 2148 695 2188 administraverint,
720 2162 780 2183 non
806 2150 862 2183 nisi
886 2162 922 2183 ex
946 2150 1040 2183 certis

288 2198 392 2233 causis
415 2197 528 2232 debent
553 2199 710 2238 amoveri,
738 2199 882 2233 videlicet
909 2198 934 2232 si
959 2199 1040 2233 dila-

289 2247 448 2295 pidatores
472 2248 516 2281 vel
547 2248 776 2287 inobedientes,
804 2257 857 2283 aut
885 2248 1039 2291 rebelles,

288 2309 343 2332 seu
368 2296 500 2330 infames
529 2297 572 2330 vel
611 2297 840 2331 incontinentes
868 2298 1039 2337 extiterint,

287 2358 343 2381 seu
379 2346 440 2380 alio
474 2345 558 2391 gravi
586 2346 718 2380 crimine
746 2346 873 2390 irretiti,
909 2347 974 2381 sive
1001 2347 1038 2381 ad

288 2395 438 2429 maiorem
467 2394 651 2439 dignitatem
676 2395 790 2429 fuerint
815 2396 1038 2442 promovendi;

287 2443 372 2492 quod
397 2444 491 2478 etiam
515 2443 553 2477 de
576 2444 751 2478 minoribus
777 2445 932 2491 prioribus
957 2445 1038 2479 volu·

289 2505 359 2528 mus
386 2492 556 2527 observari.

337 2546 352 2586 ἓ
382 2544 437 2576 Π.
467 2541 500 2576 ln
523 2541 726 2577 destitutione
749 2555 821 2577 vero
844 2542 992 2578 abbatum
1009 2551 1040 2578 et

97 2607 275 2633 Abbasvetpiior
291 2592 429 2639 priorum
476 2592 747 2631 conventualium,
790 2592 933 2627 videlicet
969 2601 1039 2627 octo

90 2639 215 2659 “⁵¹¹¹³⁰⁰⁵¹¹⁵
240 2642 274 2659 ³¹¹¹
290 2653 492 2676 monacorum
535 2649 565 2675 et
604 2654 716 2688 supra,
752 2641 820 2675 talis
855 2641 970 2676 modus
1008 2650 1039 2677 et

1089 433 1141 459 aut
1168 425 1316 459 infamem
1342 426 1534 465 invenerint,
1559 427 1634 472 patri
1663 427 1764 461 abbati
1793 442 1841 462 re-

1090 474 1170 508 sei-re
1194 483 1384 520 procurent3
1412 475 1465 520 qni
1495 475 1533 507 de
1555 476 1686 509 consilio
1708 489 1762 510 sex
1785 477 1840 510 ab·

1090 523 1196 557 batum
1218 523 1266 556 -vcl
1297 523 1435 568 priorum
1472 524 1721 570 propinquorum
1751 525 1840 559 eius-

1088 572 1159 606 dem
1188 572 1326 615 ordinis,
1360 572 1450 605 talem
1485 572 1664 614 admoneat,
1700 574 1744 607 vel
1768 587 1839 608 sus-

1090 621 1225 667 pendat,
1262 621 1392 667 ipseque
1425 621 1470 654 sic
1494 621 1675 657 admonitus
1699 623 1744 657 vel
1768 635 1840 658 sus-

1090 682 1208 714 pensus
1240 669 1370 704 inclinet
1398 669 1570 709 humiliter,
1602 683 1659 705 nec
1694 672 1839 717 appellet.

1087 719 1303 753 Nihilominus
1339 726 1442 752 autem
1477 719 1661 761 visitatores,
1697 720 1839 755 admoui*

1089 769 1189 803 tiones
1215 776 1245 802 et
1271 767 1500 815 suspensiones
1522 768 1717 812 huiusmodi,
1739 778 1768 803 et
1794 782 1840 804 ea-

1089 830 1156 852 rum
1193 829 1304 852 causas
1342 816 1479 863 capitulo
1518 818 1653 853 referant
1691 819 1838 863 generali.

1088 866 1125 901 Et
1154 867 1335 901 definitores
1357 879 1455 913 super
1483 866 1541 901 lioc
1563 867 1709 901 ordinent
1732 876 1762 902 ct
1791 868 1838 903 dev

1089 916 1209 960 liniant,
1236 916 1411 951 secundum
1434 915 1518 962 quod
1551 918 1598 951 eis
1621 916 1711 953 iuste.
1740 929 1774 951 ac
1794 929 1840 952 se—

1086 965 1228 1000 cundum
1267 965 1367 1000 Deum
1406 965 1562 999 videbitur
1600 965 1759 1012 expedire.
1801 966 1839 1000 Et

1086 1014 1214 1062 quidem
1239 1022 1271 1048 ut
1294 1013 1370 1049 ltuic
1394 1014 1503 1048 morbo
1532 1014 1660 1059 plenum
1683 1014 1839 1049 adhibea—

1088 1073 1137 1098 tur
1161 1063 1346 1103 remedium,
1376 1071 1466 1108 prout
1494 1063 1570 1097 infra
1591 1063 1741 1098 duximus
1766 1076 1839 1110 prn-

1087 1113 1269 1151 vidcndum,
1293 1112 1451 1151 videlicet,
1474 1111 1558 1159 quod
1587 1111 1721 1158 singulis
1748 1114 1838 1147 annis

1087 1162 1115 1195 in
1152 1161 1288 1207 generali
1323 1161 1459 1207 capitulo
1493 1160 1674 1196 definitores
1702 1161 1837 1195 scribant

1085 1218 1116 1244 et
1138 1211 1296 1245 retineant
1319 1211 1445 1244 nomina
1466 1210 1664 1256 singulorum
1688 1209 1836 1244 abbatum

1085 1267 1116 1293 et
1140 1259 1298 1305 priorum,
1325 1259 1378 1305 qui
1411 1267 1486 1293 tunc
1514 1259 1543 1292 in
1577 1260 1688 1294 eodem
1724 1258 1835 1293 fuerint

1086 1307 1276 1354 congregati.
1319 1307 1352 1342 In
1387 1308 1530 1354 sequenti
1573 1308 1709 1353 capitulo
1747 1307 1838 1342 lectis

1086 1369 1195 1391 eorum
1218 1356 1411 1395 nominibus,
1431 1358 1461 1391 in
1481 1356 1598 1403 quibus
1611 1355 1760 1391 Ecclesiis
1775 1356 1837 1391 sive

1085 1406 1214 1440 abbates
1238 1406 1283 1440 vel
1309 1406 1428 1452 priores
1457 1407 1566 1440 mutati
1591 1407 1710 1449 sint,et
1733 1414 1837 1440 muta-

1087 1457 1181 1490 tionis
1219 1467 1345 1490 causam
1384 1455 1552 1501 diligt-nter
1591 1455 1771 1494 attendant;
1808 1464 1837 1490 et

1085 1514 1159 1540 tnnc
1198 1517 1348 1539 excessus
1385 1505 1587 1543 mutantium,
1615 1505 1638 1538 si
1667 1505 1734 1539 siue
1758 1505 1836 1540 iusta

1085 1567 1177 1589 causa
1216 1555 1425 1598 mutaverint,
1453 1562 1482 1588 et
1511 1562 1702 1588 mutatorum
1732 1553 1838 1589 huius-

1085 1604 1169 1639 modi
1212 1604 1344 1651 puniant
1375 1612 1405 1638 et
1439 1603 1623 1646 emendent,
1662 1604 1835 1638 secuudum

1084 1654 1265 1701 qualitatem
1289 1666 1474 1688 excessuum
1499 1654 1694 1688 eorumdem.
1719 1652 1835 1688 Verum

1084 1706 1156 1751 qnia
1192 1706 1316 1738 monaci
1349 1715 1588 1750 nonnumquam
1617 1703 1764 1737 abbatum
1791 1703 1835 1736 rel

1086 1755 1224 1799 priorum
1260 1765 1391 1787 suornm
1420 1752 1532 1787 delii-ta
1571 1752 1706 1786 revvlare
1735 1751 1832 1786 formi-

1084 1803 1175 1842 dant,
1211 1815 1250 1837 ne
1285 1803 1321 1836 ad
1347 1803 1469 1849 ignotas
1496 1811 1526 1836 ct
1550 1810 1685 1837 remotas
1709 1802 1835 1847 provin-

1084 1853 1146 1887 cias
1183 1852 1273 1899 quasi
1310 1852 1338 1885 in
1367 1852 1495 1886 exilium
1534 1852 1735 1898 relegentur,
1764 1851 1835 1885 huic

1084 1902 1193 1936 morbo
1221 1902 1267 1936 sic
1301 1901 1451 1935 duximus
1481 1901 1723 1947 providendum:
1751 1901 1834 1947 quod

1086 1952 1230 1986 videlicet
1266 1951 1441 1985 visitatores
1476 1964 1546 1984 cuin
1578 1950 1766 1986 accesserint
1798 1949 1834 1984 ad

1084 2001 1273 2035 monasteria
1297 2000 1460 2038 visitanda,
1477 1999 1645 2044 diligenter
1667 2001 1834 2045 inquirant,

1083 2051 1107 2084 si
1135 2050 1205 2097 quis
1227 2062 1244 2084 e
1268 2049 1459 2083 monasterio
1491 2050 1542 2083 illo
1569 2061 1664 2088 auno,
1692 2050 1741 2082 cui
1765 2047 1833 2082 offi-

1083 2099 1166 2133 cium
1191 2099 1376 2133 visitationis
1400 2098 1607 2144 impendunt,
1643 2107 1672 2131 et
1707 2106 1833 2143 propter

1083 2161 1176 2195 quam
1201 2161 1327 2182 causam
1351 2148 1486 2181 emissus
1509 2146 1611 2181 fuerit.
1632 2147 1670 2181 Et
1694 2148 1717 2181 si
1742 2158 1832 2180 carisa

1083 2198 1238 2243 regularis
1260 2197 1415 2236 extiterit,
1455 2196 1665 2243 approbetur;
1693 2196 1831 2242 alioquin

1083 2256 1246 2282 revocetur
1274 2259 1438 2285 monacus,
1467 2254 1496 2279 et
1528 2247 1580 2292 qui
1611 2257 1682 2279 enm
1719 2244 1832 2285 emisit,

1083 2296 1275 2331 visitatorum
1299 2296 1427 2330 arbitrio
1453 2295 1610 2340 puniatur.
1634 2293 1666 2328 Si
1690 2306 1832 2340 qnisau—

1083 2353 1144 2380 tem
1181 2345 1273 2380 suerit
1300 2345 1338 2379 ab
1369 2344 1491 2379 abbatia
1526 2343 1571 2377 vel
1607 2344 1742 2388 prioratu
1776 2356 1830 2377 sua

1082 2395 1172 2441 culpa
1196 2404 1347 2435 remotus,
1374 2393 1412 2428 ad
1436 2392 1519 2426 aliud
1541 2393 1776 2431 monasterium,
1801 2392 1829 2426 in

1081 2456 1144 2491 quo
1168 2444 1261 2489 digne
1289 2442 1401 2477 defleat
1427 2441 1510 2489 qund
1537 2441 1707 2480 commisit,
1735 2453 1831 2486 supe—

1082 2493 1173 2528 rioris
1192 2492 1385 2538 providentia
1403 2490 1639 2525 transmittatur.
1656 2489 1694 2523 Et
1712 2502 1736 2524 si
1753 2490 1829 2525 forte

1083 2551 1210 2589 propter
1236 2541 1407 2576 senectutis
1440 2539 1619 2579 desectum,
1654 2548 1706 2573 aut
1740 2539 1829 2572 aliam

1081 2603 1206 2626 causam
1248 2591 1410 2625 honestam
1450 2596 1644 2635 spontaneus
1678 2589 1829 2625 cesserit,

1081 2648 1253 2675 revertatur
1288 2640 1323 2673 ad
1359 2641 1542 2678 claustrum,
1567 2638 1618 2672 illo
1653 2637 1712 2672 sibi
1745 2637 1828 2684 quod

1871 410 2001 435 epnncndin.
