2274 3265
245 276 293 301 An,
312 275 339 301 C.
359 275 423 302 ¹285

253 637 294 657 N'ou
331 638 420 663 propriis

239 669 274 687 vrr'
294 673 323 689 us,
349 668 384 687 sed
400 668 419 688 in

240 698 275 718 not
326 701 419 724 potentia

238 730 383 749 rnrttiluttvlnm

258 1778 283 1799 rte
300 1778 382 1800 Martini

284 1814 361 1831 morte:

256 2432 394 2452 [numanum

236 2464 339 2488 suffragiis
348 2465 367 2483 in
378 2462 416 2482 Ho-

237 2496 316 2515 norinni
333 2497 380 2514 tunc
396 2494 415 2513 S.

238 2526 313 2547 itariae
335 2527 415 2546 diacon.

237 2558 292 2577 urii.
309 2557 402 2576 collatis:

488 264 532 297 68

1033 275 1089 297 BL'L
1094 275 1110 296 Ι
1114 275 1216 297 Attium
1247 275 1313 296 ROM
1319 275 1406 297 ANUM

440 329 589 369 tundens,
623 329 711 364 fortia
739 341 882 377 quaeque
906 329 1097 371 confundam
1126 342 1184 365 nec
1225 329 1375 377 oportuit,
1406 342 1464 364 nec
1501 329 1692 375 praecedens
1731 339 1873 366 votorum
1912 331 1972 367 fra-

438 380 551 426 aliquis
595 387 754 414 creaturae
786 379 972 425 sapientiae
1014 358 1183 420 nobilitati,

441 429 484 464 vel
521 430 677 476 potentiae
716 428 813 475 ipsius
840 428 998 464 Eccltsiae
1034 429 1184 464 ‹linctio-

438 492 508 514 nem
537 490 666 514 erronee
696 486 872 525 praesumat
898 479 1093 522 adscribere,
1129 481 1181 514 sed

438 528 573 564 totaliter
595 528 741 563 attribuat
769 528 923 564 Creatori.

486 577 530 613 Ex
569 578 628 613 hoc
662 578 753 614 etiam
789 590 862 623 eos,
890 591 969 625 quos
993 577 1182 613 conscicntia

437 628 674 663 insufficientiae
696 641 770 663 suae
795 629 920 674 premit,
943 640 997 674 spe.
1022 628 1182 667 roborans,

437 678 613 725 fiduciaque
641 678 839 716 confortans,
881 686 912 712 ut
947 678 971 711 si
999 690 1091 724 quem
1121 677 1182 711 hu-

436 727 572 763 iusmodi
609 726 647 762 ad
686 727 794 774 iugum
835 727 984 766 Domini,
1018 735 1048 761 et
1083 726 1183 773 ipsius

434 789 527 813 onera
551 778 580 811 in
597 777 736 811 eiusdem
752 776 913 812 Ecclesiae
937 776 1089 822 regimine
1111 775 1182 810 snb-

434 827 536 862 eunda
562 826 660 861 vocari
684 827 856 872 contingat,
881 827 1014 861 instante
1046 825 1182 859 necessi-

435 884 583 917 tate-,non
607 876 652 910 sic
680 875 820 911 detectus
850 875 965 922 proprii
999 874 1181 909 considera—

434 926 509 961 tioni
534 924 729 968 succumbat,
757 924 841 972 quod
871 924 987 959 cedens
1011 923 1181 968 laboribus,

432 975 509 1010 colla
532 974 713 1010 subducens
740 973 907 1017 oneribus,
940 985 1037 1021 seque
1061 985 1182 1008 merce-

433 1025 552 1060 narium
595 1023 766 1065 exhibens,
806 1023 981 1058 custodiam
1031 1022 1179 1058 dominici

431 1073 521 1108 ovilis
548 1073 675 1120 effugiat
710 1081 739 1108 et
769 1072 901 1108 eandem
939 1073 1019 1120 piam
1049 1080 1179 1107 matrem

432 1123 615 1167 Ecclesiam,
639 1123 668 1157 in
692 1123 930 1169 tempestatibus
954 1122 1046 1157 variis
1065 1121 1180 1157 fluctu-

430 1180 546 1213 antem,
569 1173 663 1219 impie
686 1172 895 1220 derelinquat,
923 1172 976 1207 secl
1000 1171 1038 1206 de
1059 1185 1092 1207 se
1113 1172 1179 1218 ipso

431 1221 585 1263 diffidens,
608 1222 744 1257 confidat
774 1235 802 1256 in
832 1221 978 1262 Domino
1001 1221 1093 1256 etde
1123 1222 1179 1257 Illo

430 1284 574 1320 sperans,
598 1271 821 1327 Ecclesiaeque
842 1271 1052 1319 compatiens,
1061 1271 1177 1312 subii-,e

431 1330 523 1368 prout
547 1334 596 1356 res
617 1321 724 1368 exigit,
753 1321 852 1368 ipsius
874 1333 966 1356 onera
991 1333 1053 1356 non
1085 1334 1178 1367 pave-

430 1379 505 1407 scat.
529 1370 719 1406 Huiusmodi
741 1383 797 1418 spe
821 1371 998 1418 fiduciaque
1019 1370 1178 1406 reficimur

431 1422 460 1455 in
483 1433 531 1459 eo,
558 1420 641 1468 quod
666 1421 695 1454 in
724 1420 833 1455 eadem
862 1420 1002 1455 Ecclesia
1031 1421 1068 1455 iis
1099 1421 1177 1456 acci-

429 1470 512 1506 disse
544 1470 658 1505 diebus
680 1469 717 1504 ad
748 1470 999 1505 humiliationem
1038 1478 1175 1505 nostram

428 1529 458 1556 et
475 1519 657 1556 Conditor-is
679 1520 820 1555 omnium
836 1519 965 1566 gloriam
989 1520 1018 1554 in
1043 1528 1174 1555 vestram

430 1570 582 1614 notitiam,
616 1569 687 1605 licet
716 1569 774 1604 iam
800 1569 930 1604 volantis
962 1569 1062 1604 famae
1085 1582 1175 1616 prae-

427 1620 518 1655 conio
547 1620 625 1654 sorte
652 1619 834 1660 deductum,
863 1619 1046 1654 censuimus
1076 1619 1174 1654 serio-

428 1670 492 1705 sius
518 1679 548 1704 et
577 1669 692 1704 certius
717 1668 952 1704 deducendum.

476 1718 582 1765 Nuper
607 1718 764 1766 siquidem
779 1726 889 1766 quarto
905 1717 1053 1753 kalendas
1069 1718 1175 1766 aprilis

428 1768 525 1804 felicis
552 1769 670 1803 record.
706 1767 840 1803 Martino
876 1767 958 1815 Papa
988 1768 1174 1815 praedeces-

427 1830 497 1854 sore
532 1825 657 1862 nostro,
697 1817 901 1865 prudentiae,
929 1829 964 1853 ac
1003 1818 1173 1858 scientiae,

429 1867 659 1915 multarumque
681 1867 810 1902 aliarum
833 1868 983 1902 virtutum
1008 1867 1091 1902 dono
1112 1868 1172 1915 pol-

429 1918 522 1962 lente,
546 1931 599 1965 per
634 1918 782 1953 naturalis
818 1919 927 1953 mortis
962 1930 1108 1953 occasum
1137 1919 1174 1953 de

429 1981 563 2017 nequam
595 1969 709 2004 saeculi
738 1968 833 2003 huius
854 1968 1007 2015 angustiis
1029 1969 1173 2009 liberato,

430 2029 459 2056 et
482 2021 580 2068 ipsius
602 2032 731 2068 corpore
754 2032 824 2054 cum
847 2019 950 2054 debita
971 2019 1173 2066 exequiarum

429 2071 627 2107 solemnitate
667 2069 814 2117 sepulto,
863 2070 959 2117 prima
1001 2069 1051 2105 die
1100 2069 1173 2105 dicti

429 2122 547 2157 mensis
565 2133 637 2156 cum
662 2119 807 2155 fratribus
831 2120 956 2160 nostriS,
979 2119 1017 2154 de
1040 2132 1174 2167 quorum

429 2184 561 2207 numero
589 2179 664 2206 tunc
690 2183 825 2214 eramus,
848 2170 956 2210 libere,
973 2169 1057 2204 nulla
1081 2170 1177 2205 inclu-

429 2222 527 2256 sionis
554 2221 717 2257 coactione
752 2220 954 2267 przeambnla,
984 2232 1076 2267 quam
1113 2220 1176 2254 ali-—

429 2271 555 2319 quando
583 2271 612 2306 in
640 2270 798 2306 Ecclesiae
834 2271 933 2317 ipsius
962 2270 1177 2305 vacationibus

430 2321 616 2357 damnabilis
645 2321 853 2369 praesumpsit
888 2320 1023 2364 abusus,
1061 2333 1177 2355 conve-

431 2373 535 2406 nimus
573 2371 610 2406 ad
655 2371 852 2407 tractandum
890 2369 928 2405 de
964 2369 1176 2405 substituendi

431 2422 582 2458 electione
599 2421 740 2469 pastoris.
764 2421 804 2456 Et
829 2429 995 2468 postquam
1012 2420 1176 2456 missarum

431 2472 582 2508 solemnia
606 2485 642 2507 ex
667 2484 753 2507 more
776 2472 806 2506 in
831 2472 948 2506 honore
976 2470 1082 2506 Sancti
1100 2470 1178 2517 Spi—

434 2522 508 2557 ritus
535 2521 709 2563 celebrata,
746 2529 876 2557 tractatu
911 2521 1015 2568 aliquo
1051 2520 1178 2565 habito,

434 2572 556 2607 tandem
581 2571 610 2606 in
641 2573 811 2608 crastinum
839 2571 981 2607 scrutinii
1014 2570 1059 2606 via
1082 2570 1178 2606 electa

433 2622 644 2663 concorditer,
674 2622 828 2670 factoque,
855 2634 890 2657 ac
915 2621 1073 2669 publicato
1096 2633 1182 2656 scru-

435 2671 522 2712 tinio,
550 2671 633 2719 quod
659 2685 713 2707 nec
731 2684 865 2719 sequens
887 2671 1006 2713 habuit,
1030 2671 1108 2706 sicut
1125 2683 1180 2705 nec

1226 387 1307 414 trum
1348 379 1522 414 eorundem
1554 379 1746 415 directorum
1776 380 1805 414 in
1836 393 1909 421 nos
1936 393 1972 415 eo

1226 437 1364 476 tempore
1403 429 1537 464 Sanctae
1577 428 1693 464 Mariae
1735 429 1764 464 iu
1800 429 1971 465 Cosmedin

1225 479 1393 514 diaconum
1423 478 1631 520 cardinalem,
1661 486 1742 513 tanta
1778 486 1824 513 est
1852 479 1973 514 inventa

1225 529 1448 571 concordia,et
1468 528 1505 563 de
1529 528 1668 564 unanimi
1697 541 1806 563 eorum
1831 529 1972 564 omniurn

1226 578 1488 613 voluntatevadco
1504 590 1636 614 concors
1659 578 1697 613 de
1720 578 1811 613 nobis
1830 579 1859 613 in
1882 578 1975 613 Sum-

1226 640 1310 662 mum
1334 628 1518 663 Pontificem
1546 628 1656 663 electio
1678 628 1861 683 subsecuta,
1888 629 1974 676 quod

1226 689 1282 712 nos
1304 677 1342 712 de
1371 685 1431 712 tam
1460 677 1586 724 grandi,
1614 686 1740 733 tamque
1763 678 1974 725 inexpectata,

1226 727 1322 761 immo
1345 735 1374 761 et
1398 727 1488 762 nobis
1510 727 1638 762 omnino
1656 727 1815 783 inopinata
1839 727 1975 763 novitate

1226 775 1296 822 plus
1333 788 1426 830 quam
1465 776 1566 812 verbis
1594 778 1771 832 exprimere
1800 777 1975 825 possimus,

1223 825 1346 860 attoniti
1376 825 1445 860 sacti
1468 838 1589 869 sumus,
1614 827 1696 861 velut
1726 840 1754 861 in
1779 827 1892 862 mentis
1921 839 1975 862 ex

1224 886 1326 909 cessu.
1351 873 1439 909 Filiis
1467 887 1602 922 namque
1626 876 1732 911 matris
1755 885 1897 920 nostr-,ae
1921 876 1975 924 ip-

1223 924 1288 958 sius
1325 923 1467 959 videlicet
1502 924 1659 960 Ecclesiae
1686 925 1848 961 Romanae
1886 938 1976 960 com-

1224 973 1329 1008 munis
1357 974 1465 1008 matris
1506 981 1535 1008 et
1561 973 1730 1019 dominae,
1765 975 1975 1011 cardinalibus

1223 1031 1330 1058 contra
1365 1035 1422 1057 nos
1451 1023 1677 1079 pugnantibus,
1714 1032 1744 1059 ut
1781 1024 1872 1060 nobis
1900 1025 1974 1073 iugo

1223 1072 1413 1127 apostolicae
1436 1073 1597 1108 servitutis
1621 1073 1782 1120 imposito,
1809 1074 1973 1110 custodem

1224 1134 1279 1157 uos
1308 1135 1369 1158 non
1400 1135 1429 1157 in
1453 1121 1564 1157 alienis
1588 1123 1687 1158 rineis
1715 1131 1885 1171 ponerent,
1921 1125 1973 1171 qui

1221 1185 1258 1207 ex
1301 1180 1480 1207 nostrorum
1526 1171 1729 1208 meditatione
1770 1172 1974 1213 defectuum,

1222 1235 1278 1257 nos
1302 1234 1360 1257 nec
1390 1222 1533 1269 propriae
1568 1221 1794 1258 custodiendae
1828 1222 1973 1258 sufficere

1222 1272 1380 1307 humiliter
1415 1272 1625 1311 confitemur,
1666 1280 1695 1307 et
1729 1280 1797 1319 post
1832 1272 1974 1308 desectus

1220 1321 1359 1365 eosdem,
1385 1334 1465 1369 quos
1488 1322 1563 1369 ipsis
1585 1321 1622 1356 ad
1652 1321 1780 1357 maioris
1804 1322 1973 1357 voluntatis

1221 1371 1371 1406 indicium
1406 1371 1494 1418 quasi
1532 1370 1703 1418 palpandos
1735 1372 1971 1419 exponebamus

1218 1420 1368 1461 obiectos,
1392 1420 1429 1455 ad
1459 1420 1665 1455 obtinendum
1689 1434 1785 1468 super
1813 1420 1872 1456 hoc
1894 1434 1970 1456 con-

1218 1483 1345 1505 sensum
1374 1479 1514 1505 nostrum
1553 1483 1613 1504 non
1650 1470 1751 1505 solum
1790 1471 1969 1518 importune

1219 1520 1420 1562 instantibus,
1447 1520 1501 1554 sed
1531 1519 1651 1555 infeste.

1266 1569 1294 1605 Ο
1317 1577 1452 1618 quantae
1476 1569 1614 1604 animum
1646 1577 1788 1605 nostrum
1813 1570 1968 1618 perplexi-

1216 1620 1288 1655 tatis
1319 1620 1448 1654 vexabat
1481 1618 1636 1655 anxietas!
1664 1618 1693 1654 Ο
1725 1632 1818 1667 quam
1847 1620 1964 1662 acutis,

1216 1683 1309 1718 quam
1346 1669 1459 1704 amaris
1492 1681 1545 1705 cor
1581 1677 1723 1704 nostrum
1765 1670 1965 1717 pungebatur

1216 1719 1331 1755 aculeis
1352 1719 1483 1754 diversis
1510 1718 1765 1766 suggestionibus
1788 1719 1847 1754 sub
1881 1732 1965 1755 con-

1216 1769 1364 1804 scientiae
1397 1781 1431 1803 ac
1470 1769 1597 1804 rationis
1620 1769 1761 1803 examine
1789 1769 1965 1816 confligen-

1217 1819 1298 1854 tibus
1325 1818 1512 1854 altrinsecus
1549 1818 1577 1852 in
1607 1818 1736 1854 eodem!
1766 1818 1848 1854 Hinc
1883 1820 1966 1855 enim

1217 1877 1320 1905 nostra
1355 1868 1499 1903 debilitas
1534 1868 1722 1915 suggerebat
1749 1881 1764 1903 a
1794 1869 1886 1904 molis
1909 1870 1968 1904 im-

1217 1918 1380 1967 portabilis
1403 1918 1571 1953 universali
1596 1918 1705 1953 mundi
1735 1919 1886 1965 regimine
1910 1933 1968 1955 no-

1216 1978 1298 2004 stros
1335 1968 1508 2004 imbecilles
1548 1969 1698 2003 humeros
1724 1968 1969 2010 subducendos,

1218 2032 1274 2055 nec
1315 2019 1540 2066 Apostolorum
1588 2018 1748 2067 Principis
1786 2019 1967 2055 cathedram

1218 2069 1398 2105 tremendae
1432 2069 1628 2108 altitudinis,
1667 2069 1809 2104 vitandae
1850 2070 1970 2105 insuffi-

1218 2119 1374 2155 cientibus
1397 2119 1617 2155 sollicitudinis
1635 2120 1793 2167 speculam
1814 2132 1970 2155 conscen-

1218 2170 1363 2205 dendam.
1400 2170 1425 2204 E
1458 2169 1583 2216 regione
1612 2182 1683 2204 vero
1706 2169 1847 2205 eiusdem
1872 2178 1971 2205 status

1220 2270 1307 2310 viter,
1331 2269 1428 2305 immo
1457 2269 1486 2303 in
1514 2278 1624 2316 gentes
1655 2269 1714 2304 lide
1742 2269 1893 2304 catholica
1922 2270 1972 2304 in—

1218 2320 1358 2366 signitas⁹
1389 2332 1448 2354 non
1486 2328 1588 2354 tamen
1619 2319 1821 2359 infidelibus,
1860 2319 1914 2354 sed
1943 2328 1971 2355 et

1219 2369 1403 2404 orthodoxis
1426 2370 1662 2415 insurgentibus
1685 2369 1846 2416 gentibus,
1872 2378 1899 2404 et
1922 2382 1971 2404 re-

1219 2421 1287 2466 gnis
1312 2419 1340 2454 in
1371 2433 1462 2466 regna
1488 2419 1661 2466 periculose
1689 2419 1831 2461 divulsis,
1856 2419 1970 2454 Terrae

1220 2470 1351 2505 Sanctae
1375 2470 1468 2504 nimis
1490 2469 1639 2505 damnose
1666 2469 1818 2504 retardata
1841 2469 1973 2505 subren-

1223 2522 1282 2565 tio,
1304 2529 1333 2555 et
1356 2520 1486 2555 aliorum
1517 2521 1713 2566 negotiorum
1736 2519 1804 2554 [idei
1828 2519 1970 2555 ciusdem

1222 2571 1369 2619 impedita
1399 2570 1575 2619 promotiO,
1603 2569 1726 2618 aliaque
1761 2570 1860 2617 ipsius
1888 2569 1972 2604 orbis

1222 2622 1296 2657 satis
1325 2629 1395 2656 nota
1431 2620 1611 2656 discrimina
1634 2619 1825 2655 contrarium
1854 2619 1972 2655 suade-

1223 2670 1306 2705 bant.
1336 2670 1477 2706 ilabebat
1516 2682 1643 2718 qnoque
1678 2669 1858 2705 huiusmodi
1896 2682 1971 2705 sua-

1989 277 2038 303 Ᾰη.
2056 277 2083 303 C.
2103 277 2168 303 1285

1993 1584 2079 1605 flonnrn
2090 1586 2110 1605 in
2120 1590 2168 1605 res-

1981 1617 2063 1643 puendo
2093 1617 2165 1642 ponti-

1982 1649 2043 1668 ficatu
2064 1647 2168 1667 niodestta

1999 2183 2077 2210 Quibus
2101 2186 2169 2202 causis

1990 2215 2092 2235 honorem
2107 2213 2174 2232 admi-

1218 2219 1389 2261 Ecclesiae,
1412 2219 1559 2266 orbisque
1589 2220 1684 2254 totius
1709 2220 1881 2266 impacatus
1900 2232 1971 2267 gra·
1990 2252 1998 2266 ⁵
2027 2246 2048 2264 3
