2274 3265
239 272 288 296 An.
307 271 334 296 C.
356 270 422 296 ¹290

491 259 554 291 ¹04

704 316 916 348 stotMAtttUM

437 386 603 416 Exordium.
626 401 664 407 —
694 385 718 414 1.
742 384 896 414 Academia
925 384 997 413 haec
1024 383 1138 412 condita
1173 391 1186 409 a

474 429 612 469 Dionysio
634 437 712 467 rege,
733 445 772 451 —
789 428 817 458 2.
836 428 1014 467 Apostolicis
1038 425 1187 456 favoribus

475 474 601 510 ditatur,
634 489 672 495 —
708 473 734 503 3.
763 472 947 511 Ornaturque
980 470 1141 511 privilegiis
1174 480 1187 498 a

476 517 602 548 Nicolao.
625 534 662 539 —
684 517 711 547 4.
734 516 899 546 Clausulae.

438 599 562 626 Nicotaus
599 598 740 633 episcopus
775 603 870 625 servus
889 602 1028 624 servorum
1047 593 1103 625 Dei.
1128 593 1190 621 Uni-

481 647 615 677 voi-sitan
639 647 837 682 magistrorum
867 646 897 674 et
935 644 1098 673 scholarium
1116 642 1189 670 Ulix-

481 697 646 726 benenatum.

487 759 535 795 De
557 766 639 794 statu
667 758 754 804 regni
778 756 990 804 portugalliae
1014 764 1098 790 tanto
1139 767 1191 789 so-

292 836 323 848 ,..
344 836 391 848 .,.„
440 809 549 843 lortius
565 808 750 855 cogitamus,
769 815 888 853 quanto
908 805 1014 839 maiori
1035 804 1192 839 desiderio

441 858 602 896 ducimur,
626 864 658 891 ut
681 856 710 890 in
735 867 831 902 regno
846 856 926 901 ipso,
941 853 1099 888 submotis
1120 853 1192 899 qui-

441 907 550 941 busvis
585 904 768 943 obstaculis,
807 903 901 937 divini
938 902 1042 936 cultus
1082 901 1191 936 obser—

440 955 541 989 vantia
565 955 678 1000 vigeat,
706 952 886 986 salubribus
908 950 1087 984 intendatur
1112 963 1192 997 ope-

442 1004 540 1043 ribus,
562 1011 591 1037 et
620 1001 692 1036 fidei
714 1001 888 1035 catholicae
918 1000 1035 1046 puritas
1059 999 1095 1033 ad
1125 999 1193 1034 lau-

440 1053 511 1087 dem
540 1051 637 1086 divini
667 1050 805 1084 nominis
832 1057 861 1084 et
883 1049 1015 1084 salutem
1052 1048 1191 1083 fidetium

442 1103 472 1136 in
494 1101 546 1135 illo
573 1100 754 1146 degentium
776 1099 956 1133 invalescat.

491 1154 506 1194 ἓ
530 1153 561 1184 1.
584 1148 669 1184 Sane
695 1148 733 1183 ad
749 1147 940 1183 audientiam
960 1154 1097 1180 nostram
1120 1159 1193 1193 per-

256 1199 540 1242 Ac.tdeiutut·-ecvenll,
578 1197 676 1245 quod,
716 1205 905 1245 procurante
948 1195 1135 1229 charissimo
1163 1195 1192 1229 in

246 1246 330 1265 condita
345 1250 356 1264 a
380 1243 430 1263 Dio-

244 1277 304 1301 nysio
320 1279 377 1299 rege.

446 1247 571 1282 Christo
594 1247 658 1282 filio
680 1254 786 1281 nostro
809 1244 959 1292 Dionysio
984 1243 1194 1289 Portugalliae

447 1308 519 1344 rege
548 1296 671 1337 illustri,
697 1294 865 1330 cuiuslibet
903 1293 1005 1328 licitae
1038 1293 1194 1328 facultatis

445 1345 548 1381 studia
579 1345 609 1380 in
647 1345 771 1380 civitate
809 1342 1016 1378 Ulixbonensi
1050 1350 1123 1376 suut
1156 1342 1194 1376 (le

447 1407 527 1429 novo
554 1407 616 1429 non
644 1394 712 1428 sine
739 1392 836 1427 multa
869 1400 899 1426 et
933 1391 1079 1426 laudabili
1116 1403 1194 1438 pro—

448 1444 565 1479 visione
593 1443 740 1490 plantata:
778 1453 913 1489 quorum
951 1440 1122 1488 magistris,
1163 1448 1195 1474 ut

447 1492 575 1527 liberius
597 1492 719 1539 possint
746 1503 853 1526 vacare
881 1490 996 1525 studiis
1022 1497 1050 1524 et
1079 1489 1196 1523 doctri-

447 1542 507 1581 nis,
542 1553 558 1576 a
603 1540 793 1589 quibusdam
837 1539 994 1586 praelatis,
1031 1538 1196 1573 abbatibus

447 1590 713 1625 Cisterciensibus
739 1602 774 1624 ac
797 1588 954 1635 prioribus
980 1587 1087 1622 Sancti
1122 1589 1195 1621 Au-

447 1641 564 1687 gustini
593 1648 621 1674 et
645 1639 752 1674 Sancti
776 1638 938 1672 Benedicti
961 1637 1128 1678 ordinum,
1166 1645 1197 1671 et

448 1688 623 1724 rectoribus
643 1686 850 1735 quarumdam
884 1686 1091 1721 saecularium
1129 1686 1199 1720 Ec—

448 1738 616 1773 clesiarum
651 1749 820 1784 regnorum
844 1735 1057 1782 Portugalliae
1086 1745 1115 1770 et
1143 1735 1198 1769 Al·-

448 1787 547 1834 garbii
596 1788 787 1834 promissum
819 1797 888 1820 esse
921 1785 1038 1820 dieitur
1076 1793 1196 1820 eertum

449 1837 598 1871 salarium
626 1843 789 1870 statutum.

498 1889 513 1929 ξ
534 1889 567 1920 2.
591 1885 655 1920 Nos
668 1893 772 1920 autem
792 1884 973 1930 diligentius
990 1883 1198 1923 attendentes,

264 1953 435 1980 spasmum-mr,-
450 1933 535 1981 quod
559 1934 742 1969 huiusmodi
765 1933 892 1978 studiis,
915 1941 1102 1981 cooperante.
1132 1932 1198 1971 1110,

251 1983 335 2004 roribus
350 1984 433 2003 ditatur.

451 1995 466 2017 a
489 1995 552 2030 quo
580 1983 660 2018 bona
683 1993 797 2018 cuncta
827 1982 1012 2029 procedunt,
1036 1982 1065 2015 in
1097 1982 1200 2027 regnis

452 2033 528 2079 ipsis
550 2032 676 2067 divinus
719 2032 824 2066 cultus
863 2031 1039 2077 augebitur,
1079 2039 1200 2065 crescet

452 2081 588 2123 devotio,
611 2090 640 2116 et
663 2081 732 2116 [idei
758 2080 950 2115 orthodoxae
983 2080 1121 2114 cultores
1154 2080 1202 2113 in-

452 2129 670 2166 formationem
694 2130 880 2177 suscipient,
898 2131 1047 2164 virtutum
1071 2129 1202 2163 decora-

452 2179 568 2214 buntur
591 2179 748 2226 insigniis,
774 2180 938 2214 thesauros
960 2178 1107 2213 scientiae
1133 2190 1203 2211 ven-

452 2228 616 2270 dicabunt,
639 2237 670 2263 et
693 2229 762 2263 ideo
789 2228 826 2263 ad
854 2235 1059 2275 augmentum
1082 2236 1111 2261 et
1132 2239 1202 2261 eor-

455 2278 684 2313 roborationem
708 2277 883 2313 studiorum
913 2279 1051 2325 ipsorum
1084 2276 1203 2311 solicite

456 2327 667 2367 intendentes,
695 2327 911 2362 desiderantes
937 2338 1077 2375 quoque,
1100 2335 1132 2360 ut
1150 2337 1205 2372 per

455 2376 618 2423 apostolici
658 2376 772 2411 favoris
806 2377 956 2411 auxilium
996 2375 1098 2410 studia
1140 2375 1203 2421 ipsa

457 2426 555 2461 sirmis
581 2425 740 2461 radicibus
762 2425 941 2467 fulciantur3
964 2424 1114 2472 quodque
1149 2436 1203 2458 su-

457 2487 512 2520 per
534 2475 593 2510 hoe
621 2475 737 2510 factum
772 2484 830 2516 est,
868 2483 968 2510 ratum
1004 2482 1035 2510 et
1080 2481 1204 2520 gratum

458 2524 620 2566 habemus,
643 2524 816 2572 praefatum
841 2536 944 2571 regem
975 2531 1120 2570 rogantes
1159 2530 1206 2557 at-

459 2573 575 2608 tentius
596 2582 625 2608 et
666 2574 837 2618 hortantes,
875 2581 907 2608 ut
944 2573 1028 2608 cives
1067 2571 1205 2607 Ulixbo—

459 2633 572 2655 nenses
598 2622 710 2657 domos
738 2631 882 2657 vacantes
910 2623 947 2657 ad
966 2622 1204 2657 inhabitandum

1023 265 1121 287 {wrm
1128 265 1157 285 R!
1165 264 1207 286 ΓΜ
1232 263 1299 285 ROM
1306 263 1321 284 A
1328 263 1391 284 Num

1229 315 1425 351 scholaribus
1448 314 1507 347 sub
1531 313 1721 359 competenti
1762 312 1863 358 pretio
1880 339 1887 353 ,
1933 321 1979 347 ta-

1230 365 1332 400 xando
1348 377 1363 399 a
1386 363 1511 398 (luobus
1533 362 1666 402 clericis,
1689 369 1719 395 et
1735 361 1864 396 totidem
1881 361 1979 405 laicis,

1231 415 1303 448 viris
1331 412 1484 453 discretiS,
1507 411 1670 446 catholicis
1698 419 1726 444 et
1755 409 1875 454 iuratis,
1897 422 1980 445 eom-

1232 463 1366 497 muniter
1387 462 1494 497 electis
1516 473 1530 495 a
1560 459 1648 494 vobis
1674 468 1703 494 et
1730 458 1852 494 civibus
1890 459 1980 506 ipsis,

1231 512 1332 547 locare
1360 512 1443 558 regia
1471 517 1624 558 potestate
1662 508 1840 555 compellam
1877 508 1981 555 quod-

1231 574 1292 608 que
1311 561 1454 605 ballivos,
1476 559 1623 594 officiales
1646 566 1674 592 et
1696 557 1888 592 ministrales
1906 569 1982 592 suos

1232 611 1365 645 civitatis
1386 610 1528 645 eiusdem
1563 607 1705 656 personis
1727 615 1755 641 et
1778 606 1872 642 rebus
1888 607 1981 642 scho-

1233 661 1356 700 larium,
1379 672 1414 695 ac
1436 660 1528 694 etiam
1559 657 1676 693 nuntiis
1704 656 1889 691 eorumdem
1929 669 1982 691 se-

1232 711 1396 745 curitatem
1425 718 1456 745 et
1477 708 1708 743 immunitatem
1738 707 1919 753 promittere
1937 705 1983 741 fa-

1232 760 1303 800 ciat,
1323 771 1420 806 super
1438 759 1497 793 hoc
1512 758 1551 793 ab
1570 757 1614 792 eis
1631 756 1778 803 praestito
1795 756 1981 791 iuramento.

1281 812 1297 851 ἓ
1325 813 1357 843 5.
1379 807 1556 842 Statuinius
1581 813 1750 853 praeterea,
1776 814 1808 839 ut
1844 805 1980 840 universi

1234 856 1373 903 magistri
1402 864 1471 890 actu
1496 863 1640 902 regentes
1670 854 1700 887 in
1741 854 1864 889 civitate
1900 866 1985 901 prae-

1233 905 1327 945 dicta,
1356 913 1529 952 proventus
1557 903 1804 951 praebendarum
1829 911 1858 937 et
1886 903 1984 937 bene-

1234 954 1377 989 ficiorum
1401 966 1543 997 suorum,
1577 953 1700 988 etiamsi
1739 959 1926 999 personatus
1953 960 1982 986 et

1234 1002 1404 1049 dignitates
1430 1003 1576 1043 existant,
1604 1001 1797 1049 quotidianis
1833 1000 1984 1035 distribu-

1235 1052 1385 1093 tionibus,
1413 1064 1491 1099 quae
1515 1052 1562 1090 iis,
1587 1051 1639 1097 qui
1675 1050 1789 1085 divinis
1831 1049 1985 1085 intersunt

1234 1100 1355 1142 officiis,
1386 1102 1598 1147 assignantur,
1630 1098 1791 1134 dumtaxat
1820 1099 1985 1145 exceptis,

1235 1150 1354 1196 integre
1371 1151 1533 1196 percipere
1557 1150 1677 1183 valeant
1699 1158 1727 1183 et
1751 1147 1876 1183 habere.
1904 1147 1987 1182 San-

1235 1199 1337 1234 cimus
1361 1200 1501 1246 insuper,
1525 1206 1559 1232 ut
1582 1197 1658 1232 nulli
1684 1197 1824 1243 magistri
1841 1205 1870 1231 et
1892 1197 1988 1231 scho-

1235 1248 1315 1283 lares
1341 1261 1375 1283 ac
1403 1248 1574 1282 servientes
1597 1247 1736 1293 ipsorum
1765 1246 1803 1286 si,
1831 1245 1914 1292 quod
1937 1245 1989 1279 ab·

1235 1298 1285 1337 sit,
1314 1297 1481 1343 contigerit
1505 1309 1559 1331 eos
1583 1296 1612 1330 iu
1653 1307 1855 1342 quocumque
1891 1294 1989 1329 male-

1237 1346 1305 1381 ficio
1334 1345 1541 1392 deprehendi,
1573 1345 1611 1379 ab
1651 1345 1756 1391 aliquo
1793 1344 1872 1378 laico
1903 1343 1989 1378 iudi-

1236 1404 1346 1429 centur
1373 1395 1419 1430 vel
1447 1396 1537 1429 etiam
1579 1394 1773 1441 puniantur,
1809 1393 1869 1427 uisi
1911 1392 1988 1427 sorte

1237 1444 1353 1478 iudicio
1380 1444 1542 1479 Ecclesiae
1569 1442 1769 1478 condemnati
1805 1441 1986 1489 relinquan-

1237 1500 1287 1527 tur
1314 1495 1418 1528 curiae
1440 1492 1607 1531 saeculari;
1636 1491 1721 1539 quod
1761 1491 1923 1526 scholares
1959 1490 1988 1524 in

1237 1542 1358 1576 artibus
1384 1550 1414 1577 et
1446 1542 1512 1577 iure
1547 1543 1701 1576 canonico
1741 1548 1769 1574 et
1808 1540 1914 1585 civili,
1955 1552 1989 1574 ae

1239 1591 1408 1632 medicina,
1437 1604 1516 1638 quos
1540 1590 1678 1636 magistri
1703 1588 1893 1636 reputabunt
1923 1589 1991 1623 ido-

1240 1653 1327 1681 neos,
1351 1641 1471 1687 possint
1495 1652 1551 1688 per
1589 1639 1835 1674 Ulixbonensem
1864 1639 1990 1685 episco—

1240 1702 1327 1736 pum,
1349 1690 1402 1737 qui
1428 1703 1483 1736 pro
1506 1699 1647 1736 tempore
1671 1688 1774 1728 suerit,
1811 1687 1859 1722 vei
1901 1687 1990 1722 Ulix-

1240 1740 1371 1774 bonensi
1395 1739 1470 1774 sede
1493 1746 1632 1782 vacante,
1671 1750 1723 1784 per
1766 1737 1915 1771 vicarium
1951 1737 1990 1771 ab

1240 1788 1446 1823 Ulixbonensi
1470 1788 1609 1835 capitulo
1626 1789 1654 1821 iu
1678 1786 1896 1834 spiritualibus
1911 1799 1990 1821 eou-

1240 1838 1385 1873 stitutum
1420 1839 1449 1872 iu
1484 1837 1597 1872 Studio
1625 1836 1777 1871 licentiari
1819 1835 1988 1882 praedicto.

1241 1887 1280 1921 Et
1302 1888 1494 1934 quicumque
1518 1886 1666 1932 magister
1694 1886 1723 1919 iu
1747 1885 1870 1920 civitate
1900 1897 1991 1932 prae—

1242 1935 1300 1971 fata
1330 1950 1385 1983 per
1406 1937 1592 1983 episcopum
1622 1934 1668 1969 vel
1693 1935 1845 1969 vicarium
1880 1946 1992 1981 supra-

1241 1985 1342 2020 dictos
1377 1986 1574 2020 examinatus
1607 1993 1636 2019 et
1669 1983 1862 2030 approbatus
1901 1983 1993 2018 suerit

1244 2035 1274 2068 in
1299 2034 1444 2069 facultate
1467 2045 1679 2082 quacumque,
1709 2032 1883 2078 theologica
1907 2032 1993 2066 dum-

1243 2092 1323 2118 taxat
1351 2093 1492 2130 excepta,
1519 2082 1636 2129 ubique
1658 2082 1727 2116 sine
1751 2081 1808 2116 alia
1833 2081 1993 2115 examina«

1243 2133 1327 2167 tione
1357 2133 1483 2178 regendi
1509 2131 1636 2165 liberam
1662 2131 1772 2165 babeat
1797 2138 1992 2177 potestatem.

1292 2186 1307 2225 ξ
1330 2186 1362 2216 4.
1391 2181 1473 2215 Nulli
1498 2193 1571 2227 ergo
1594 2181 1724 2214 omuino
1756 2179 1919 2214 hominum
1950 2179 1995 2213 li—

1243 2240 1310 2265 cent
1335 2232 1413 2265 hanc
1438 2231 1581 2277 paginam
1619 2229 1716 2264 nostri
1758 2229 1877 2271 statuti,
1917 2240 1995 2263 con-

1244 2281 1398 2314 cessionis
1420 2288 1472 2313 eto.
1502 2278 1681 2325 iufringere,
1711 2279 1755 2312 vel
1779 2279 1805 2312 ei
1828 2290 1906 2313 ausu
1948 2285 1995 2311 te—

1245 2330 1378 2365 merario
1401 2329 1565 2363 contraire.
1590 2330 1621 2363 Si
1645 2328 1716 2375 quis
1743 2336 1848 2362 autem
1873 2327 1931 2361 hoc
1952 2334 1996 2361 at-

1245 2386 1365 2413 tentare
1388 2380 1646 2425 praesumpserit,
1667 2377 1915 2423 indignationem
1931 2388 1996 2410 0111-

1246 2428 1418 2475 nipotentis
1440 2427 1497 2461 Dei
1521 2440 1556 2461 :tc
1579 2427 1742 2462 beatorum
1759 2425 1843 2461 Petri
1860 2433 1890 2460 et
1909 2425 1994 2459 Pauli

1245 2477 1469 2524 Apostolorum
1485 2477 1553 2511 eius
1568 2490 1601 2511 se
1619 2477 1738 2512 noverit
1755 2476 1969 2511 incursurum.

1296 2527 1409 2561 Datum
1434 2526 1518 2573 apud
1561 2526 1833 2569 Urbemveterem,
1869 2537 1887 2558 v
1927 2524 1997 2559 idus

1247 2576 1383 2622 augusti,
1407 2576 1607 2623 pontificatus
1631 2575 1727 2610 nostri
1751 2587 1832 2610 anuo
1857 2585 1904 2609 111.

1260 2629 1321 2659 Dat.
1336 2629 1468 2667 ttiostnng
1489 2638 1563 2658 anno
1578 2628 1657 2658 110111,
1675 2628 1755 2658 ΙΞὮΟ,
1769 2632 1845 2666 pont.
1861 2636 1935 2656 anno
1949 2635 1988 2656 111.

1995 258 2044 284 Α11.
2060 258 2089 283 C.
2110 258 2176 284 ¹290

2002 819 2184 845 ornatusqueprt-

1998 850 2081 875 vitegus
2097 857 2107 869 a
2118 849 2181 869 Nic-o-

1999 880 2039 900 lun.

2042 2193 2150 2214 clausulae
