2274 3265
963 249 1057 272 mnnx
1088 246 1199 270 neuun
1734 230 1801 261 7335

405 311 577 348 Venaisino
601 310 765 347 uniuntur,
784 308 855 341 508
877 319 906 341 α.
922 304 1046 343 Terras,
1069 303 1149 345 loca,
1169 300 1234 333 iura
1258 308 1478 345 quaecumque
1502 296 1573 330 eius
1590 293 1775 329 invadentes
1798 305 1852 326 ex-

407 361 694 402 communicantur,
717 359 787 392 5¹13
811 358 839 390 b.

308 412 541 448 Aveuionensis
567 408 761 444 Universitas
783 406 925 452 erigitur,
950 404 1019 436 168
1041 414 1070 435 α.

309 462 494 511 Aymericus
517 461 562 495 tit.
586 459 619 495 S.
642 457 766 493 Martini
792 456 821 489 in
854 451 1015 488 Montibus
1051 450 1171 495 legatus
1193 459 1289 494 regno
1324 445 1450 480 Siciliae
1480 441 1730 479 administrando
1763 451 1853 487 prae·

409 512 522 555 ficitur,
545 512 608 544 471
636 521 667 543 α.

1058 652 1099 692 B

311 761 438 798 Banniti
463 762 493 795 in
517 759 663 794 districtu
685 755 791 791 Urbis.
821 755 857 787 V.
894 751 1036 786 Barones
1057 754 1111 781 etc.

312 812 453 846 Ramnes
476 810 505 843 in
528 808 671 843 districtu
693 805 790 841 Urbis
817 801 964 837 bannitos
986 797 1128 833 eiusdem
1151 792 1240 828 urbis
1262 791 1396 825 senatori
1427 789 1548 824 tradere
1570 787 1698 826 debent,
1729 788 1798 820 722
1826 798 1855 819 a.

311 860 493 895 Basileense
520 857 690 892 concilium
713 851 860 902 generale
889 848 1051 891 indicitur,
1076 846 1143 879 747
1173 845 1201 876 b.

312 908 483 944 Beatitudo
505 907 683 941 animarum
707 902 846 938 fidelium
870 898 1093 934 defunctorum
1122 890 1286 933 definitur,
1314 890 1385 923 346
1407 890 1436 922 b.

314 957 464 994 Bedellus
486 955 561 1003 quid
585 956 637 998 sit,
666 955 736 988 552
763 965 794 986 a.
828 951 863 983 V.
893 956 955 982 not.
992 945 1028 980 ad
1057 944 1176 979 calcem
1204 939 1323 974 colum.
1352 937 1454 972 eiusd.

316 1007 530 1054 Beguinorum
554 1002 805 1051 pseudofratrum
832 998 866 1033 S.
894 994 1055 1031 Francisci
1083 993 1121 1026 de
1151 989 1272 1025 Assisio
1301 999 1425 1022 errores
1448 994 1476 1020 et
1507 984 1678 1019 damnatio.
1707 983 1740 1015 V.
1765 981 1859 1015 Bizo-

416 1056 548 1091 cborum
570 1061 621 1087 etc.

315 1106 504 1142 Benedictus
524 1102 571 1137 XI
592 1102 678 1148 Papa
706 1111 804 1134 cxciv
827 1096 963 1142 eligitur,
990 1094 1058 1128 175
1086 1103 1115 1125 a.
1141 1086 1327 1135 Eneyeticae
1355 1086 1423 1119 eius
1451 1085 1557 1119 literae
1579 1082 1618 1116 de
1640 1093 1697 1116 sua
1720 1080 1751 1114 in
1774 1079 1862 1113 Pon-

415 1154 531 1189 tificem
555 1151 723 1192 electione,
749 1149 826 1182 ibid.
853 1148 881 1180 b.

315 1204 509 1240 Benedictus
531 1200 588 1235 XII
615 1200 699 1246 Papa
721 1207 834 1233 cxcvn
865 1194 1004 1239 eligitur,
1033 1192 1103 1225 524
1125 1190 1153 1222 b.
1179 1184 1341 1221 praelatos
1363 1183 1578 1218 Ecclesiarum
1610 1179 1763 1214 certiores
1789 1177 1862 1211 facit

415 1253 455 1288 de
483 1251 533 1286 sui
555 1249 711 1285 electione
734 1248 763 1281 in
786 1243 986 1280 Pontificem,
1010 1241 1086 1274 ibid.

316 1302 474 1339 Beneficia
497 1313 512 1335 a
538 1299 626 1335 laicis
649 1309 710 1332 non
732 1292 934 1334 conferenda,
963 1292 1002 1324 81
1036 1291 1065 1323 b.
1093 1286 1153 1321 Pro
1177 1285 1214 1319 iis
1236 1281 1470 1328 consequendis
1497 1280 1576 1314 alios
1605 1277 1652 1312 sui
1682 1276 1751 1311 loco
1783 1287 1860 1309 exa-

416 1351 493 1386 mini
517 1358 696 1395 supponere
724 1352 856 1386 vetatur,
878 1341 949 1375 462
972 1352 1002 1373 a.
1026 1338 1145 1372 Eorum
1168 1334 1288 1368 fructus
1311 1331 1349 1365 ab
1375 1329 1559 1365 absentibus
1582 1340 1641 1362 non
1663 1333 1737 1360 sunt
1757 1324 1861 1372 perci-

419 1398 543 1447 piendi,
565 1396 769 1443 excipiuntur
791 1401 896 1426 tamen
926 1388 1011 1423 card.
1034 1386 1068 1421 S.
1090 1385 1130 1419 R.
1160 1383 1211 1426 E.,
1239 1382 1305 1415 511
1350 1382 1367 1414 b
1389 1388 1419 1414 et
1447 1393 1506 1425 seq.
1536 1378 1598 1412 Per
1624 1375 1759 1410 aliorum
1786 1373 1863 1408 ade-

418 1450 558 1495 ptionem
581 1443 752 1492 apostolica
771 1440 957 1476 auctoritate
981 1436 1167 1471 collatorum
1187 1430 1264 1466 Sedi
1282 1429 1484 1473 Apostolicae
1504 1433 1658 1462 reservata
1681 1431 1863 1461 censentur,

418 1499 487 1532 589
524 1499 551 1530 b.
587 1494 677 1536 Quae
713 1504 767 1540 per
799 1490 921 1525 obitum
950 1485 1149 1521 familiarium
1177 1481 1211 1516 S.
1234 1478 1275 1512 R.
1302 1477 1340 1513 E.
1376 1477 1582 1513 cardinalium
1612 1480 1743 1515 vacant,
1777 1472 1863 1506 aliis-

416 1559 478 1594 que
500 1544 718 1581 conferuntur,
741 1540 799 1575 nisi
829 1540 858 1573 in
881 1537 980 1572 literis
1003 1531 1191 1582 provisionis
1213 1526 1410 1564 familiaritas
1438 1527 1504 1574 ipsa
1531 1524 1726 1572 explicetur,
1755 1531 1864 1555 vacare

418 1603 602 1632 censentur,
625 1594 696 1627 555
718 1593 746 1625 b.
773 1588 927 1627 Praelati,
955 1585 1083 1620 abbates
1110 1591 1140 1616 et
1167 1580 1239 1623 alii,
1271 1577 1422 1615 beneficia
1457 1574 1659 1611 residentalia
1681 1571 1864 1606 obtinentes

419 1647 448 1680 in
472 1644 624 1679 Ecclesiis
658 1652 768 1676 eorum
797 1637 999 1673 residentiam
1022 1633 1124 1668 facere
1147 1629 1279 1665 omnino
1306 1630 1471 1669 tenentur,
1494 1626 1565 1659 535
1595 1636 1624 1657 a.
1648 1621 1780 1656 Strenas
1809 1631 1864 1666 pro

420 1695 535 1730 nuncio
557 1691 676 1738 accepti
699 1702 714 1724 a
737 1688 821 1723 Sede
844 1687 955 1734 Apost.
980 1681 1126 1719 beneficii
1150 1680 1224 1714 dare
1246 1687 1377 1721 vetatur,
1406 1678 1475 1710 577
1499 1677 1526 1708 b.

319 1745 534 1780 Beneventani
557 1741 623 1788 agri
645 1740 723 1774 fines
752 1737 937 1779 limitantur,
960 1735 1029 1768 497
1053 1734 1081 1766 b.

317 1795 536 1830 Beneventum
566 1791 730 1826 Romanae
763 1785 925 1822 Ecclesiae
959 1783 1150 1818 subiectum,
1178 1778 1249 1815 285
1273 1780 1300 1812 b.
1330 1776 1409 1811 Eius
1445 1782 1598 1809 rectorem
1627 1778 1679 1804 aut
1715 1767 1865 1804 officiales

416 1840 652 1879 offendentibus
674 1846 808 1873 statutae
842 1845 980 1883 poenae,
1008 1832 1080 1865 286
1107 1842 1136 1864 α.
1165 1828 1249 1863 Illud
1286 1832 1480 1873 occupantes
1516 1821 1625 1870 poenis
1655 1818 1867 1857 addicuntur,

419 1895 489 1928 510
511 1904 542 1926 α.
567 1890 657 1925 Illius
674 1887 789 1923 Curiae
817 1893 905 1920 taxae
928 1881 1150 1917 reformantur,
1172 1879 1242 1913 512
1264 1878 1292 1911 b.

319 1943 479 1978 Berardus
506 1939 603 1976 abbas
621 1938 655 1973 S.
684 1936 822 1983 Spiritus
841 1934 879 1968 de
902 1931 1069 1970 Sulmone,
1091 1927 1223 1963 Ordinis
1250 1925 1284 1960 S.
1312 1922 1494 1965 Benedicti,
1525 1922 1595 1955 178
1623 1931 1653 1953 α.

318 1991 514 2028 Bertrandus
536 1988 676 2034 archiep.
707 1982 960 2025 Ebredunensis,
1002 1981 1071 2014 387
1100 1990 1130 2012 α.

318 2041 541 2078 Bizocborum‚
566 2034 818 2085 pseudofratrum
842 2032 875 2067 S.
898 2029 1060 2066 Fsancisci
1084 2027 1122 2061 de
1145 2025 1277 2069 Assisio,
1300 2034 1432 2058 errores.
1449 2021 1535 2055 Duas
1554 2018 1676 2063 fingunt
1694 2014 1866 2055 Ecclesias,

419 2092 493 2125 265
527 2090 555 2123 b.
584 2084 785 2123 Sacerdotes,
815 2089 935 2129 praeter
963 2081 1059 2126 ipsos,
1082 2087 1188 2110 carere
1217 2074 1363 2109 facultate
1391 2067 1631 2105 administrandi
1670 2071 1867 2099 sacramenta

421 2144 636 2187 propugnant,
663 2135 733 2168 ⁶264
762 2135 790 2167 b.
812 2131 1028 2167 Iuramentum
1053 2139 1067 2160 a
1098 2132 1226 2172 peccato
1254 2135 1317 2157 non
1341 2133 1410 2156 esse
1439 2120 1630 2160 seiunctum,
1654 2117 1724 2149 265
1747 2126 1778 2148 α.
1813 2112 1868 2146 Sa-

420 2192 562 2224 cerdotes
575 2187 604 2220 in
620 2194 750 2232 peccato
764 2182 953 2217 constitutos
963 2190 1022 2213 non
1042 2187 1132 2223 posse
1147 2174 1303 2209 conficere
1318 2179 1348 2205 et
1361 2170 1504 2205 conferre
1519 2172 1726 2203 sacramenta,
1742 2163 1816 2196 ibid.
1834 2163 1863 2195 b.

419 2236 628 2284 Evangelium
660 2234 690 2268 in
718 2245 750 2267 se
773 2231 848 2266 solis
876 2240 944 2264 esse
971 2226 1176 2272 completum,
1198 2224 1273 2257 ibid.
1296 2220 1459 2255 Iudicibus
1475 2225 1582 2252 contra
1605 2226 1659 2249 eos
1673 2210 1866 2260 procedendi

420 2288 512 2322 datur
529 2285 670 2323 facultas,
691 2283 761 2316 267
786 2282 814 2315 b.

320 2336 437 2372 Blanca
461 2337 566 2383 regina
596 2332 769 2381 prudenter
795 2329 908 2365 educat
929 2326 962 2361 S.
993 2323 1191 2359 Ludovicum
1218 2320 1372 2355 Franciae
1400 2328 1518 2364 regern,
1544 2316 1611 2347 147
1635 2325 1666 2346 α.

321 2387 436 2421 Btavus
463 2386 550 2421 color
576 2382 689 2431 qualis,
718 2382 789 2415 446
812 2392 843 2413 a.
874 2379 906 2411 V.
931 2384 995 2411 not.
1024 2373 1061 2409 ad
1090 2372 1207 2407 calcem
1237 2370 1353 2405 colum.
1382 2366 1484 2402 eiusd.

322 2436 410 2471 Bona
433 2435 658 2470 Ecclesiarurn.
690 2432 722 2465 V.
748 2428 959 2465 Ecclesiarum
980 2423 1075 2459 Urbis
1097 2422 1190 2456 bona.

323 2485 505 2521 Bonifacins
532 2482 604 2518 VIII
627 2482 710 2528 Papa
733 2491 832 2515 exem
862 2477 1001 2522 eligitur,
1029 2475 1096 2507 123
1130 2473 1157 2505 b.
1186 2469 1370 2504 Eduardum
1400 2464 1533 2511 Angliae
1564 2473 1667 2508 regem
1701 2458 1867 2493 certiorem

421 2535 493 2571 facit
520 2534 559 2568 de
585 2531 756 2568 Coelestini
791 2527 855 2562 PP.
883 2523 1081 2561 abdicatione
1111 2521 1225 2566 suique
1261 2520 1290 2552 in
1319 2515 1505 2551 Pontificem
1535 2511 1708 2553 electione,
1739 2509 1809 2542 124
1836 2519 1867 2541 a.

422 2586 550 2620 Petrum
573 2581 751 2627 Aragoniae
771 2589 875 2623 regem
900 2572 1162 2611 excommunicat,
1192 2579 1355 2615 regnoque
1385 2565 1483 2611 privat
1521 2564 1590 2596 150
1630 2573 1660 2594 α.
1690 2556 1869 2604 Aragoniae

425 2643 454 2669 et
477 2632 640 2667 Valentiae
665 2640 771 2675 regna,
795 2627 936 2672 aliosque
965 2623 1160 2670 principatus
1186 2617 1331 2654 concedit
1364 2613 1513 2660 Philippo
1551 2609 1748 2644 Francorum
1791 2607 1868 2652 regi,

484 2686 556 2717 Ball.
581 2685 657 2714 Rom.
682 2682 735 2711 vol.
759 2680 805 2711 IV.
975 2676 1013 2706 95
