2274 3265
233 247 279 272 Αη.
302 246 330 272 C.
347 247 412 273 t3to

256 2448 270 2465 V
274 2453 316 2467 imi
342 2448 411 2467 nancte
401 2453 430 2466 m-

247 2481 292 2498 doin
310 2455 399 2503 gilberna
403 2485 430 2497 n

248 2511 270 2530 da
274 2517 290 2529 ru
346 2513 386 2529 viat
389 2513 407 2528 t
412 2516 428 2528 ιιι

249 2543 320 2567 dologa
325 2516 358 2562 ulii
384 2547 429 2561 mn-

249 2580 294 2596 nub,

477 236 546 268 ⁰206

429 308 590 335 ventorum
628 300 805 334 turbinibus
836 300 1036 334 fundamenta
1071 307 1170 334 vestra

427 363 521 397 super
549 350 637 385 bases
658 350 774 384 solidas
795 349 941 390 stabilita,
970 362 1025 384 nec
1053 349 1172 384 irruen-

429 399 510 434 tibus
534 399 653 434 hostilis
677 399 834 446 potentiae
856 399 1040 434 fulminibus
1061 399 1170 434 subrui

429 458 610 496 potuerunt,
638 448 691 484 sed
719 457 826 484 contra
850 448 993 484 inimicas
1015 449 1096 483 acies
1112 448 1171 482 im-

429 499 634 545 pugnantium
670 498 883 543 Venetorum,
920 508 1098 534 nostrorum
1143 506 1172 532 et

428 548 589 584 Ecclesiae
614 548 770 592 bostium,
806 549 886 583 sicut
919 548 1022 583 invicti
1048 547 1172 593 pugiles

429 598 582 653 promptis
603 610 639 633 ac
659 598 767 645 pronis
789 597 900 632 animis
926 607 955 632 et
978 597 1112 632 robustis
1128 597 1171 630 ri-

428 647 514 683 ribus
545 648 590 683 sic
617 647 749 682 fideliter
782 656 812 681 et
843 646 942 681 valide
975 647 1073 694 ipsius
1106 646 1171 680 Ec-

428 697 540 732 clesiae
571 697 725 752 potentiae
752 696 903 737 astitistis,
925 696 1007 751 quod
1038 708 1092 741 per
1114 695 1170 730 Dei

427 749 571 793 gratiam,
606 759 659 794 qui
684 746 829 802 superbis
853 746 977 785 itsistit‚
1005 744 1171 779 subsecuta

427 805 472 832 est
496 806 531 831 ex
551 797 595 831 eis
621 797 755 851 gloriose
778 795 903 830 victoria
926 803 956 830 et
979 793 1172 841 triutnpbus3

427 847 612 881 accedentes
637 846 729 880 etiam
761 845 962 891 augustiosos
994 843 1116 878 labores
1143 852 1172 878 et

427 896 598 932 laboriosas
625 895 797 941 angustias,
824 907 902 940 quas
928 893 1002 928 olim
1025 893 1172 928 subser—

427 947 520 981 vitute
548 945 703 993 tyrannica
727 944 867 983 subistis,
895 951 924 977 et
946 942 1172 981 desiderantes,

428 1003 459 1030 ut
492 1004 561 1042 post
589 994 709 1029 labores
741 1002 769 1028 et
792 993 862 1039 lang
855 1005 958 1027 nores
993 992 1172 1027 liuiusmodi

427 1045 518 1091 quies
559 1043 646 1078 vobis
681 1052 711 1078 et
748 1042 959 1090 tranquillitas
996 1041 1173 1076 desiderata

429 1094 602 1142 ριοιθιιίιιι,
633 1105 713 1140 quae
739 1100 824 1127 tanto
851 1093 922 1133 crit,
950 1092 1053 1126 dixina
1077 1091 1173 1138 gratia

429 1151 601 1191 praeeunte,
623 1143 751 1198 gratior
773 1150 890 1190 quanto
917 1141 1038 1177 avidius
1060 1149 1089 1176 et
1108 1140 1175 1175 diu-

427 1194 490 1227 tius
512 1205 528 1228 a
553 1192 641 1228 vobis
663 1192 764 1227 extitit
786 1193 943 1232 affectata3
968 1191 1077 1227 restris
1096 1203 1175 1238 sup-

428 1242 649 1290 plicationibus
672 1242 824 1286 inclinati,
842 1241 879 1276 de
903 1242 1032 1276 fratrum
1051 1249 1175 1275 nostro-

430 1305 497 1327 rum
525 1293 658 1327 consilio
691 1301 719 1326 et
755 1304 884 1327 assensu
918 1291 1095 1331 statuimus,
1123 1303 1175 1325 or-

428 1343 586 1385 dinamus,
615 1342 771 1382 volumus,
799 1341 1011 1389 praecipimus
1033 1349 1063 1375 et
1088 1353 1176 1374 man-

428 1392 541 1427 damus
571 1400 601 1427 et
628 1392 836 1426 nihilominus
865 1391 999 1437 gratiose
1027 1390 1176 1425 concedi-

430 1455 501 1476 mus
522 1451 550 1476 et
570 1442 751 1477 auctoritate
769 1442 937 1489 apostoliea
956 1441 1178 1476 inviolabiliter

429 1492 619 1536 stabilimus,
642 1500 674 1526 ut
695 1504 820 1539 semper
838 1491 898 1526 sub
920 1491 1100 1526 immediato
1118 1491 1177 1525 do-

431 1542 527 1577 minio
549 1550 579 1576 et
602 1542 795 1589 protectione
820 1541 920 1588 ipsius
946 1541 1106 1576 Romanae
1122 1541 1179 1575 Ec-

431 1592 524 1626 lesiae
550 1591 658 1626 civitas
686 1592 752 1639 ipsa
782 1604 854 1625 cum
879 1591 946 1626 eius
979 1591 1090 1629 bonis,
1123 1603 1178 1625 co-

432 1642 560 1686 mitatu,
584 1642 740 1676 territorio
763 1649 793 1676 et
815 1641 958 1675 districtu
984 1649 1177 1688 permaneat:

432 1703 489 1725 nec
511 1690 549 1725 ab
571 1691 639 1726 eius
661 1691 803 1726 dominio
825 1699 855 1725 et
877 1690 1092 1725 iurisdictione
1107 1690 1181 1725 sub-

433 1741 510 1775 trabi
540 1753 599 1775 nec
630 1739 756 1775 alienari
794 1749 947 1788 perpetuo
977 1740 1073 1777 valeat
1099 1752 1181 1787 quo-

432 1790 609 1847 quomodm
638 1803 695 1825 nee
723 1790 761 1825 ad
788 1790 916 1826 alterius
946 1803 1098 1838 personae
1136 1791 1180 1825 vel

433 1842 567 1877 civitatis
614 1850 669 1876 aut
722 1841 956 1876 communitatis
1004 1841 1181 1876 dominium

434 1891 615 1940 pervenire:
635 1890 813 1938 quodque
807 1904 838 1926 ιιι
861 1891 983 1926 civitate
1007 1891 1071 1938 ipsa
1097 1903 1183 1926 sem-

436 1954 491 1989 per
511 1942 551 1976 sit
573 1953 656 1976 unus
684 1954 815 1976 ricarius
846 1940 1011 1988 ponendus
1033 1954 1088 1988 per
1115 1953 1183 1984 nos,

436 2003 636 2027 successores
663 2000 800 2035 nostiOS,
835 1998 864 2025 et
899 1991 1041 2026 eamdem
1064 1991 1184 2026 Rorna-

437 2054 508 2076 nam
531 2041 724 2082 Ecclesiam,
747 2041 881 2076 clericus
904 2040 951 2076 vel
979 2041 1077 2075 laicus
1101 2041 1184 2075 iuxta

437 2100 562 2127 nostrae
588 2099 618 2126 et
640 2091 739 2138 ipsius
766 2091 928 2126 Ecclesiae
950 2090 1183 2138 beneplacitum

438 2141 621 2182 voluntatis,
655 2153 717 2175 non
747 2149 850 2176 tamen
874 2141 912 2176 de
934 2140 1029 2175 domo
1056 2149 1108 2175 aut
1132 2153 1185 2187 pa—

440 2191 557 2227 rentela
584 2203 639 2226 seu
671 2191 944 2238 consanguinitate
968 2190 1014 2225 iel
1037 2190 1186 2226 affinitate

439 2242 616 2297 aliquorum
640 2241 811 2282 nobilium,
846 2240 899 2288 qui
935 2240 1102 2275 habuerint
1129 2240 1188 2274 do-

440 2304 572 2328 mimum
593 2292 624 2326 in
647 2291 769 2326 civitate
792 2290 960 2338 praedicta,
985 2290 1029 2325 vel
1052 2290 1186 2325 alioruin

441 2341 624 2389 quorumvis
652 2341 807 2376 nobilium
833 2340 870 2376 de
892 2340 1014 2375 eadem

490 2392 510 2438 ,ξ
534 2393 589 2426 10.
617 2391 680 2434 Qui
708 2391 835 2438 quidem
868 2390 1002 2425 vicarius
1016 2389 1098 2425 cites
1113 2389 1189 2424 Fer—

444 2442 609 2495 rarienses,
645 2454 681 2476 ac
715 2441 856 2476 eiusdem
891 2440 1024 2475 civitatis
1051 2439 1189 2479 incol;,is

444 2492 574 2538 eiusque
592 2492 770 2536 comitatus,
792 2491 934 2525 territorii
957 2500 986 2525 et
1017 2489 1190 2533 districtus,

447 2550 647 2578 manuteneat
675 2549 707 2576 ut
733 2540 887 2589 speciales
916 2541 995 2575 filios
1026 2548 1055 2575 et
1084 2539 1191 2574 fideles

448 2591 548 2637 ipsius
574 2591 733 2626 Ecclesiae
769 2590 994 2638 praedilectos,
1026 2599 1056 2624 et
1083 2602 1190 2624 eorum

448 2639 619 2688 libertates,
647 2641 860 2677 immunitates
887 2648 917 2676 et
955 2641 1031 2686 iura,
1046 2639 1192 2679 confinia,

1016 246 1113 267 norm
1121 246 1137 267 ss
1144 245 1150 267 Ι
1157 245 1172 267 [ἶ
1178 245 1201 266 Μ
1225 244 1383 267 ROMAM'M

1213 299 1371 333 districtus·
1399 306 1428 333 et
1457 298 1536 332 bona
1566 307 1748 338 conservct;
1780 307 1873 346 atque
1904 311 1961 332 cu-

1213 349 1328 384 stodiat
1351 348 1435 395 ipsos
1457 360 1472 382 a
1492 347 1746 395 quibuscumque
1770 347 1960 394 potentibus„

1215 398 1465 433 molestatoribus
1494 396 1539 431 rel
1570 398 1722 445 tyrannis,
1756 397 1961 432 communita—

1214 448 1298 483 tibus
1324 460 1360 483 ac
1392 446 1570 482 civitatibus
1599 454 1629 481 ct
1655 446 1725 481 aliis
1755 446 1962 493 quibuscum-

1213 511 1295 544 que,
1334 510 1389 532 eos
1424 496 1583 532 offendere
1622 509 1676 531 seu
1713 496 1878 531 molestare
1914 497 1960 531 vel

1215 546 1396 593 perturbare
1437 546 1634 590 volentibus,
1674 545 1892 586 defendend03
1928 554 1961 580 ut

1216 597 1334 642 possint
1371 595 1430 630 sub
1468 608 1560 630 manu
1602 596 1734 630 Sanctae
1766 594 1872 630 Matris
1906 594 1960 630 Ec-

1215 646 1326 680 clesiae
1351 654 1456 680 matris
1478 657 1552 680 suae
1574 658 1644 679 cum
1668 657 1743 692 pace
1766 653 1795 679 et
1816 645 1960 691 tranquil-

1215 695 1299 729 litate
1344 707 1380 730 ac
1415 694 1555 729 libertate
1592 695 1774 742 plenissima
1808 702 1961 742 perpetuo

1216 756 1397 779 remanere:
1438 744 1562 791 aliaque
1604 745 1738 779 vicarius
1782 744 1962 791 praedictus

1215 802 1369 836 exerceat,
1396 806 1474 841 quae
1497 794 1614 829 ibidem
1635 794 1749 829 fuerint
1766 802 1960 841 opportuna,

1215 843 1454 890 custodiamque
1477 845 1572 878 totius
1599 844 1752 888 civitatis,
1780 843 1962 884 comitatus,

1215 892 1390 936 districtus,
1422 892 1636 927 fortalitiorum
1660 901 1690 928 et
1711 901 1884 928 castrorum
1907 906 1962 940 ge-

1216 950 1279 981 rat,
1320 952 1370 985 et,
1400 952 1490 989 prout
1525 943 1674 989 temporis
1701 943 1834 990 qualitas
1860 943 1962 989 exiget

1215 1005 1250 1025 ac
1278 992 1426 1038 requiret,
1459 999 1637 1038 equestrem
1671 1005 1777 1027 secum
1809 1000 1841 1026 et
1872 993 1963 1040 petle—

1215 1049 1311 1075 strem
1340 1041 1451 1076 babeat
1478 1042 1667 1076 comitivam.

1264 1092 1283 1135 ξ
1312 1093 1362 1124 tt.
1393 1091 1425 1125 ln
1454 1091 1606 1126 electione
1634 1103 1706 1125 vero
1728 1103 1783 1124 seu
1807 1090 1963 1125 creatione

1218 1140 1379 1187 potestatis
1416 1140 1547 1175 civitatis
1584 1141 1683 1187 ipsius
1717 1139 1776 1175 lioc
1820 1140 1964 1174 volumus

1217 1189 1388 1230 observari,
1417 1190 1501 1237 quod
1526 1198 1587 1225 tres
1612 1202 1764 1237 personae
1786 1201 1841 1237 per
1863 1189 1967 1236 ipsum

1219 1240 1366 1274 vicarium
1402 1240 1554 1280 antianis,
1588 1239 1721 1274 consilio
1752 1248 1782 1274 et
1809 1239 1969 1273 communi

1219 1289 1444 1329 nominentur,
1479 1289 1531 1336 qui
1571 1289 1705 1333 antiani,
1739 1288 1904 1324 consilium
1939 1297 1969 1322 et

1217 1351 1399 1379 commune,
1428 1339 1473 1374 vel
1504 1339 1603 1374 maior
1633 1352 1704 1386 pars
1731 1352 1852 1380 eorum,
1876 1351 1969 1373 uuam

1219 1402 1255 1423 ex
1278 1389 1395 1423 eisdem
1427 1389 1580 1435 personis,
1608 1398 1642 1423 ut
1678 1389 1878 1435 praedicitur,
1906 1401 1971 1423 no-

1222 1439 1359 1484 minatis,
1386 1439 1463 1474 infra
1485 1452 1539 1474 sex
1566 1439 1634 1474 dies
1664 1440 1694 1473 in
1722 1451 1843 1478 eorum,
1871 1447 1900 1472 et
1922 1438 1971 1472 di-

1220 1498 1285 1524 ctae
1314 1489 1446 1524 civitatis
1471 1498 1653 1536 potestatem
1677 1488 1814 1535 eligendi
1838 1488 1971 1523 habeant

1221 1538 1410 1574 facultatem.
1447 1539 1540 1582 Quod
1569 1540 1594 1573 si
1634 1539 1769 1579 antiani,
1804 1537 1970 1573 consilium

1222 1597 1251 1623 et
1285 1601 1453 1623 commune
1486 1589 1650 1636 praedicti,
1682 1588 1728 1622 vel
1766 1588 1865 1623 maior
1902 1600 1972 1635 pars

1222 1651 1344 1693 eorum,
1369 1639 1444 1672 int'ra
1468 1638 1645 1685 praedictos
1667 1651 1720 1673 sex
1748 1637 1815 1672 dies
1836 1638 1972 1685 aliquam

1224 1689 1362 1734 ipsarum
1387 1689 1480 1723 trium
1505 1700 1710 1735 personarum
1739 1687 1972 1722 nominatarum

1223 1738 1339 1785 eligere
1367 1750 1429 1772 non
1458 1746 1618 1779 curarent3
1643 1737 1822 1785 praedictus
1840 1736 1973 1772 vicarius

1225 1800 1322 1822 unum
1351 1788 1389 1822 de
1418 1788 1586 1823 nominatis
1621 1800 1636 1822 a
1668 1800 1701 1822 se
1729 1787 1758 1822 in
1789 1795 1971 1834 potestatem

1226 1838 1395 1885 praeliciat,
1418 1846 1449 1872 et
1472 1837 1524 1873 ille
1551 1850 1607 1885 pro
1631 1845 1782 1885 potestate
1803 1837 1841 1872 ab
1864 1837 1975 1872 omni-

1227 1889 1284 1923 bus
1306 1887 1470 1923 habeatur.

1274 1939 1294 1985 ἓ
1326 1941 1378 1972 12.
1401 1938 1568 1973 Potestatis
1602 1950 1675 1972 vero
1705 1937 1887 1972 huiusmodi
1919 1949 1975 1972 re-

1226 1988 1332 2034 rimen
1364 2000 1419 2036 per
1440 2000 1494 2022 sex
1523 1988 1678 2023 mensium
1713 1988 1849 2034 spatium
1877 1986 1976 2021 dum-

1227 2046 1308 2073 taxat
1328 2037 1495 2085 perduret·,
1530 2047 1559 2073 et
1581 2037 1665 2085 quod
1689 2050 1744 2084 per
1767 2045 1830 2072 tres
1853 2049 1977 2072 menses

1227 2101 1298 2127 ante
1323 2093 1416 2127 linem
1441 2092 1601 2139 regiminis
1636 2091 1801 2139 potestatis
1833 2090 1976 2126 eiusdem

1230 2147 1476 2182 nominationem
1517 2147 1740 2194 praescriptam
1770 2145 1860 2180 faciat
1899 2145 1980 2180 vica-

1230 2203 1295 2237 rius
1319 2202 1516 2249 praelibatus.
1542 2200 1602 2235 Hic
1624 2208 1729 2235 autem
1753 2200 1881 2241 modus,
1915 2212 1979 2247 quo

1229 2269 1324 2303 supra
1350 2257 1430 2291 circa
1454 2255 1632 2302 eligendum
1655 2268 1710 2289 seu
1733 2255 1905 2290 creandum
1929 2267 1980 2302 po-

1231 2318 1373 2345 testatem
1397 2310 1596 2357 exprimitur,
1625 2317 1694 2356 post
1722 2309 1900 2349 biennium,
1933 2308 1979 2342 vet

1232 2366 1298 2403 itta,
1331 2377 1410 2411 quae
1445 2376 1529 2398 nunc
1565 2364 1717 2405 imminet,
1745 2376 1855 2410 guerra
1884 2364 1979 2401 finita,

1233 2420 1374 2454 vendicet
1396 2419 1454 2453 sibi
1472 2419 1592 2459 locum;
1615 2426 1644 2453 et
1668 2419 1789 2453 interim
1813 2419 1897 2452 solus
1916 2419 1980 2465 ipse

1233 2475 1364 2509 vicarius
1392 2482 1484 2521 ponat
1525 2483 1555 2508 et
1587 2470 1859 2508 constituat'iuibi
1891 2480 1982 2520 pote-

1233 2538 1360 2569 statem,
1389 2529 1448 2573 vel,
1476 2529 1500 2562 si
1525 2529 1622 2574 magis
1645 2527 1730 2562 vobis
1754 2526 1910 2561 videbitur
1927 2540 1981 2562 ex-

1235 2583 1376 2630 pediens,
1412 2596 1447 2618 ex
1481 2595 1565 2618 nunc
1589 2583 1669 2618 idem
1697 2581 1831 2628 eligendi
1868 2581 1980 2617 modus

1235 2638 1372 2674 obtineat
1395 2646 1425 2673 et
1451 2638 1598 2673 sortiatur
1627 2638 1783 2672 ellectum.

1974 243 2025 270 An.
2047 243 2075 270 C.
2090 245 2156 271 ¹3¹0

1993 1105 2020 1126 De
2052 1105 2163 1132 potestatis

1980 1136 2086 1157 electione

2005 1946 2026 1966 Et
2042 1946 2103 1966 officii
2120 1949 2174 1965 tem-

1991 1983 2050 2005 pore,
