<?xml version="1.0" encoding="UTF-8"?>
<!DOCTYPE html PUBLIC "-//W3C//DTD XHTML 1.0 Transitional//EN"
    "http://www.w3.org/TR/xhtml1/DTD/xhtml1-transitional.dtd">
<html xmlns="http://www.w3.org/1999/xhtml" xml:lang="en" lang="en">
 <head>
  <title>
</title>
<meta http-equiv="Content-Type" content="text/html;charset=utf-8" />
  <meta name='ocr-system' content='tesseract 3.04.00' />
  <meta name='ocr-capabilities' content='ocr_page ocr_carea ocr_par ocr_line ocrx_word'/>
</head>
<body>
  <div class='ocr_page' id='page_1' title='image "./bullarumdiplomat04cath_0606.png"; bbox 0 0 2274 3265; ppageno 0'>
   <div class='ocr_carea' id='block_1_1' title="bbox 199 286 378 311">
    <p class='ocr_par' dir='ltr' id='par_1_1' title="bbox 199 286 378 311">
     <span class='ocr_line' id='line_1_1' title="bbox 199 286 378 311; baseline -0.017 -1"><span class='ocrx_word' id='word_1_1' title='bbox 199 287 247 311; x_wconf 74' lang='grc' dir='ltr'>Λιι.</span> <span class='ocrx_word' id='word_1_2' title='bbox 265 286 292 310; x_wconf 74' lang='grc' dir='ltr'>ι’ἶ.</span> <span class='ocrx_word' id='word_1_3' title='bbox 313 286 378 311; x_wconf 55' lang='grc'>1588</span> 
     </span>
    </p>
   </div>
   <div class='ocr_carea' id='block_1_2' title="bbox 199 1723 388 1900">
    <p class='ocr_par' dir='ltr' id='par_1_2' title="bbox 199 1723 385 1900">
     <span class='ocr_line' id='line_1_2' title="bbox 200 1723 383 1743; baseline -0.011 0"><span class='ocrx_word' id='word_1_4' title='bbox 200 1725 263 1743; x_wconf 67' lang='lat' dir='ltr'>Cotini</span> <span class='ocrx_word' id='word_1_5' title='bbox 286 1723 383 1742; x_wconf 65' lang='lat' dir='ltr'>Arariem</span> 
     </span>
     <span class='ocr_line' id='line_1_3' title="bbox 202 1758 385 1775; baseline -0.016 0"><span class='ocrx_word' id='word_1_6' title='bbox 202 1758 310 1775; x_wconf 52' lang='lat' dir='ltr'>institutio</span> <span class='ocrx_word' id='word_1_7' title='bbox 341 1759 363 1772; x_wconf 69' lang='grc' dir='ltr'>ιιι</span> <span class='ocrx_word' id='word_1_8' title='bbox 368 1759 385 1772; x_wconf 83' lang='grc' dir='ltr'>ιιι</span> 
     </span>
     <span class='ocr_line' id='line_1_4' title="bbox 199 1786 388 1811; baseline -0.017 -5"><span class='ocrx_word' id='word_1_9' title='bbox 199 1786 388 1811; x_wconf 65' lang='lat' dir='ltr'>app&#39;icatioiiflpri-</span> 
     </span>
     <span class='ocr_line' id='line_1_5' title="bbox 201 1815 370 1843; baseline -0.014 -6"><span class='ocrx_word' id='word_1_10' title='bbox 201 1815 370 1843; x_wconf 70' lang='lat' dir='ltr'>vitrginrumUni</span> 
     </span>
     <span class='ocr_line' id='line_1_6' title="bbox 201 1845 386 1867; baseline -0.012 0"><span class='ocrx_word' id='word_1_11' title='bbox 201 1849 309 1867; x_wconf 63' lang='lat' dir='ltr'>versitatis</span> <span class='ocrx_word' id='word_1_12' title='bbox 326 1845 386 1866; x_wconf 80' lang='lat' dir='ltr'>Pait-</span> 
     </span>
     <span class='ocr_line' id='line_1_7' title="bbox 202 1881 286 1900; baseline 0 -1"><span class='ocrx_word' id='word_1_13' title='bbox 202 1881 286 1900; x_wconf 67' lang='lat' dir='ltr'>mensis.</span> 
     </span>
    </p>
   </div>
   <div class='ocr_carea' id='block_1_3' title="bbox 442 277 510 305">
    <p class='ocr_par' dir='ltr' id='par_1_3' title="bbox 442 277 510 305">
     <span class='ocr_line' id='line_1_8' title="bbox 442 277 510 305; baseline -0.015 0"><span class='ocrx_word' id='word_1_14' title='bbox 442 277 510 305; x_wconf 59' lang='lat'>:5925</span> 
     </span>
    </p>
   </div>
   <div class='ocr_carea' id='block_1_4' title="bbox 392 337 1143 734">
    <p class='ocr_par' dir='ltr' id='par_1_4' title="bbox 392 337 1142 667">
     <span class='ocr_line' id='line_1_9' title="bbox 392 337 674 380; baseline -0.007 -8"><span class='ocrx_word' id='word_1_15' title='bbox 392 339 480 372; x_wconf 76' lang='lat' dir='ltr'>derio</span> <span class='ocrx_word' id='word_1_16' title='bbox 507 337 674 380; x_wconf 77' lang='lat' dir='ltr'>ducimur,</span> 
     </span>
     <span class='ocr_line' id='line_1_10' title="bbox 392 385 1140 434; baseline -0.005 -13"><span class='ocrx_word' id='word_1_17' title='bbox 392 387 510 434; x_wconf 88' lang='lat' dir='ltr'>quibus</span> <span class='ocrx_word' id='word_1_18' title='bbox 538 386 671 432; x_wconf 79' lang='lat' dir='ltr'>pretiosa</span> <span class='ocrx_word' id='word_1_19' title='bbox 696 385 797 430; x_wconf 78' lang='lat' dir='ltr'>ipsius</span> <span class='ocrx_word' id='word_1_20' title='bbox 812 385 958 419; x_wconf 80' lang='lat' dir='ltr'>scientiae</span> <span class='ocrx_word' id='word_1_21' title='bbox 977 385 1140 430; x_wconf 82' lang='lat' dir='ltr'>margarita</span> 
     </span>
     <span class='ocr_line' id='line_1_11' title="bbox 393 434 1141 483; baseline -0.007 -12"><span class='ocrx_word' id='word_1_22' title='bbox 393 436 560 483; x_wconf 75' lang='lat' dir='ltr'>reperitur,</span> <span class='ocrx_word' id='word_1_23' title='bbox 582 434 735 468; x_wconf 80' lang='lat' dir='ltr'>laudanda</span> <span class='ocrx_word' id='word_1_24' title='bbox 754 434 927 480; x_wconf 85' lang='lat' dir='ltr'>suscipiant</span> <span class='ocrx_word' id='word_1_25' title='bbox 950 435 1141 468; x_wconf 81' lang='lat' dir='ltr'>incrementa</span> 
     </span>
     <span class='ocr_line' id='line_1_12' title="bbox 393 483 1143 532; baseline -0.004 -14"><span class='ocrx_word' id='word_1_26' title='bbox 393 485 597 532; x_wconf 86' lang='lat' dir='ltr'>frequentius,</span> <span class='ocrx_word' id='word_1_27' title='bbox 622 484 803 529; x_wconf 83' lang='lat' dir='ltr'>praesertim</span> <span class='ocrx_word' id='word_1_28' title='bbox 828 484 856 516; x_wconf 92' lang='lat' dir='ltr'>in</span> <span class='ocrx_word' id='word_1_29' title='bbox 882 483 958 517; x_wconf 88' lang='lat' dir='ltr'>locis</span> <span class='ocrx_word' id='word_1_30' title='bbox 982 483 1053 522; x_wconf 90' lang='lat' dir='ltr'>illis,</span> <span class='ocrx_word' id='word_1_31' title='bbox 1073 494 1143 527; x_wconf 74' lang='lat' dir='ltr'>quat</span> 
     </span>
     <span class='ocr_line' id='line_1_13' title="bbox 392 532 1142 579; baseline -0.007 -11"><span class='ocrx_word' id='word_1_32' title='bbox 392 535 429 568; x_wconf 88' lang='lat' dir='ltr'>ad</span> <span class='ocrx_word' id='word_1_33' title='bbox 455 533 690 579; x_wconf 87' lang='lat' dir='ltr'>multiplicanda</span> <span class='ocrx_word' id='word_1_34' title='bbox 710 532 871 566; x_wconf 84' lang='lat' dir='ltr'>doctrinae</span> <span class='ocrx_word' id='word_1_35' title='bbox 890 532 1009 567; x_wconf 90' lang='lat' dir='ltr'>semina</span> <span class='ocrx_word' id='word_1_36' title='bbox 1033 540 1142 575; x_wconf 76' lang='lat' dir='ltr'>otger</span> 
     </span>
     <span class='ocr_line' id='line_1_14' title="bbox 394 580 1142 628; baseline -0.005 -11"><span class='ocrx_word' id='word_1_37' title='bbox 394 584 475 617; x_wconf 87' lang='lat' dir='ltr'>mina</span> <span class='ocrx_word' id='word_1_38' title='bbox 497 582 633 617; x_wconf 87' lang='lat' dir='ltr'>salubria</span> <span class='ocrx_word' id='word_1_39' title='bbox 654 581 852 628; x_wconf 84' lang='lat' dir='ltr'>producenda</span> <span class='ocrx_word' id='word_1_40' title='bbox 881 591 951 628; x_wconf 87' lang='lat' dir='ltr'>apta</span> <span class='ocrx_word' id='word_1_41' title='bbox 979 589 1008 615; x_wconf 87' lang='lat' dir='ltr'>et</span> <span class='ocrx_word' id='word_1_42' title='bbox 1032 580 1142 614; x_wconf 90' lang='lat' dir='ltr'>idonea</span> 
     </span>
     <span class='ocr_line' id='line_1_15' title="bbox 393 633 631 678; baseline -0.004 -12"><span class='ocrx_word' id='word_1_43' title='bbox 393 633 631 678; x_wconf 84' lang='lat' dir='ltr'>dignoscuntur.</span> 
     </span>
    </p>

    <p class='ocr_par' dir='ltr' id='par_1_5' title="bbox 425 659 1143 734">
     <span class='ocr_line' id='line_1_16' title="bbox 425 659 1143 734; baseline -0.009 -17.837"><span class='ocrx_word' id='word_1_44' title='bbox 425 659 462 726; x_wconf 54' lang='lat' dir='ltr'>DS</span> <span class='ocrx_word' id='word_1_45' title='bbox 496 684 525 715; x_wconf 95' lang='grc' dir='ltr'>Ι</span> <span class='ocrx_word' id='word_1_46' title='bbox 558 680 621 716; x_wconf 90' lang='lat' dir='ltr'>Nos</span> <span class='ocrx_word' id='word_1_47' title='bbox 665 680 836 734; x_wconf 83' lang='lat' dir='ltr'>praemissa</span> <span class='ocrx_word' id='word_1_48' title='bbox 865 678 1072 717; x_wconf 84' lang='lat' dir='ltr'>attendentes,</span> <span class='ocrx_word' id='word_1_49' title='bbox 1114 684 1143 711; x_wconf 91' lang='lat' dir='ltr'>ct</span> 
     </span>
    </p>
   </div>
   <div class='ocr_carea' id='block_1_5' title="bbox 211 726 1144 790">
    <p class='ocr_par' dir='ltr' id='par_1_6' title="bbox 211 726 1144 790">
     <span class='ocr_line' id='line_1_17' title="bbox 211 726 1144 790; baseline -0.008 -24"><span class='ocrx_word' id='word_1_50' title='bbox 211 779 244 790; x_wconf 50' lang='lat' dir='ltr'>m</span> <span class='ocrx_word' id='word_1_51' title='bbox 268 746 379 790; x_wconf 30' lang='lat' dir='ltr'>anauga:</span> <span class='ocrx_word' id='word_1_52' title='bbox 394 731 485 765; x_wconf 87' lang='lat' dir='ltr'>etiam</span> <span class='ocrx_word' id='word_1_53' title='bbox 510 729 579 764; x_wconf 80' lang='lat' dir='ltr'>{idei</span> <span class='ocrx_word' id='word_1_54' title='bbox 607 730 772 776; x_wconf 86' lang='lat' dir='ltr'>puritatem</span> <span class='ocrx_word' id='word_1_55' title='bbox 801 737 831 763; x_wconf 91' lang='lat' dir='ltr'>et</span> <span class='ocrx_word' id='word_1_56' title='bbox 853 728 1052 762; x_wconf 89' lang='lat' dir='ltr'>devotionem</span> <span class='ocrx_word' id='word_1_57' title='bbox 1076 726 1144 760; x_wconf 76' lang='lat' dir='ltr'>exi-</span> 
     </span>
    </p>
   </div>
   <div class='ocr_carea' id='block_1_6' title="bbox 196 803 380 822">
    <p class='ocr_par' dir='ltr' id='par_1_7' title="bbox 196 803 380 822">
     <span class='ocr_line' id='line_1_18' title="bbox 196 803 380 822; baseline -0.012 0"><span class='ocrx_word' id='word_1_58' title='bbox 196 803 310 822; x_wconf 58' lang='lat' dir='ltr'>izei-testum</span> <span class='ocrx_word' id='word_1_59' title='bbox 335 807 352 821; x_wconf 86' lang='grc' dir='ltr'>ιιι</span> <span class='ocrx_word' id='word_1_60' title='bbox 347 806 380 820; x_wconf 74' lang='lat' dir='ltr'>tt·</span> 
     </span>
    </p>
   </div>
   <div class='ocr_carea' id='block_1_7' title="bbox 376 775 1161 2697">
    <p class='ocr_par' dir='ltr' id='par_1_8' title="bbox 393 775 1149 1661">
     <span class='ocr_line' id='line_1_19' title="bbox 395 775 1144 830; baseline -0.008 -16"><span class='ocrx_word' id='word_1_61' title='bbox 395 780 501 822; x_wconf 84' lang='lat' dir='ltr'>miani,</span> <span class='ocrx_word' id='word_1_62' title='bbox 524 792 617 826; x_wconf 89' lang='lat' dir='ltr'>quam</span> <span class='ocrx_word' id='word_1_63' title='bbox 653 778 756 812; x_wconf 75' lang='lat' dir='ltr'>diletti</span> <span class='ocrx_word' id='word_1_64' title='bbox 781 778 832 812; x_wconf 83' lang='lat' dir='ltr'>filii</span> <span class='ocrx_word' id='word_1_65' title='bbox 861 777 898 811; x_wconf 91' lang='lat' dir='ltr'>N.</span> <span class='ocrx_word' id='word_1_66' title='bbox 925 776 961 810; x_wconf 89' lang='lat' dir='ltr'>N.</span> <span class='ocrx_word' id='word_1_67' title='bbox 985 775 1144 830; x_wconf 83' lang='lat' dir='ltr'>consules,</span> 
     </span>
     <span class='ocr_line' id='line_1_20' title="bbox 393 807 1145 884; baseline -0.007 -21"><span class='ocrx_word' id='word_1_68' title='bbox 393 807 525 884; x_wconf 76' lang='lat' dir='ltr'>scabini,</span> <span class='ocrx_word' id='word_1_69' title='bbox 548 842 631 863; x_wconf 79' lang='lat' dir='ltr'>cites</span> <span class='ocrx_word' id='word_1_70' title='bbox 647 837 677 863; x_wconf 86' lang='lat' dir='ltr'>ot</span> <span class='ocrx_word' id='word_1_71' title='bbox 696 827 874 861; x_wconf 78' lang='lat' dir='ltr'>Commune</span> <span class='ocrx_word' id='word_1_72' title='bbox 899 825 1012 859; x_wconf 83' lang='lat' dir='ltr'>civitati</span> <span class='ocrx_word' id='word_1_73' title='bbox 1017 838 1031 859; x_wconf 94' lang='lat' dir='ltr'>s</span> <span class='ocrx_word' id='word_1_74' title='bbox 1050 824 1145 859; x_wconf 87' lang='lat' dir='ltr'>Colo-</span> 
     </span>
     <span class='ocr_line' id='line_1_21' title="bbox 394 874 1145 920; baseline -0.008 -8"><span class='ocrx_word' id='word_1_75' title='bbox 394 878 523 920; x_wconf 79' lang='lat' dir='ltr'>niensis,</span> <span class='ocrx_word' id='word_1_76' title='bbox 541 877 641 912; x_wconf 68' lang='grc' dir='ltr'>ιΙι-ιυιι</span> <span class='ocrx_word' id='word_1_77' title='bbox 663 876 759 910; x_wconf 86' lang='grc' dir='ltr'>ιιο5ιιι</span> <span class='ocrx_word' id='word_1_78' title='bbox 773 884 803 910; x_wconf 88' lang='lat' dir='ltr'>et</span> <span class='ocrx_word' id='word_1_79' title='bbox 818 875 976 910; x_wconf 83' lang='lat' dir='ltr'>Ecclesiae</span> <span class='ocrx_word' id='word_1_80' title='bbox 994 874 1145 908; x_wconf 59' lang='lat' dir='ltr'>Romanae</span> 
     </span>
     <span class='ocr_line' id='line_1_22' title="bbox 394 924 1145 971; baseline -0.007 -10"><span class='ocrx_word' id='word_1_81' title='bbox 394 927 461 971; x_wconf 88' lang='lat' dir='ltr'>lilii,</span> <span class='ocrx_word' id='word_1_82' title='bbox 488 927 525 961; x_wconf 88' lang='lat' dir='ltr'>ab</span> <span class='ocrx_word' id='word_1_83' title='bbox 548 927 621 961; x_wconf 90' lang='lat' dir='ltr'>olim</span> <span class='ocrx_word' id='word_1_84' title='bbox 642 925 680 960; x_wconf 90' lang='lat' dir='ltr'>ad</span> <span class='ocrx_word' id='word_1_85' title='bbox 705 925 803 971; x_wconf 80' lang='lat' dir='ltr'>ipsam</span> <span class='ocrx_word' id='word_1_86' title='bbox 828 924 1000 958; x_wconf 70' lang='lat' dir='ltr'>Ecclesiam</span> <span class='ocrx_word' id='word_1_87' title='bbox 1030 933 1059 956; x_wconf 91' lang='lat' dir='ltr'>et</span> <span class='ocrx_word' id='word_1_88' title='bbox 1088 935 1145 956; x_wconf 89' lang='lat' dir='ltr'>nos</span> 
     </span>
     <span class='ocr_line' id='line_1_23' title="bbox 394 973 1146 1020; baseline -0.008 -9"><span class='ocrx_word' id='word_1_89' title='bbox 394 976 540 1011; x_wconf 88' lang='lat' dir='ltr'>habuisse</span> <span class='ocrx_word' id='word_1_90' title='bbox 567 975 809 1020; x_wconf 77' lang='lat' dir='ltr'>(lignosctuitur,</span> <span class='ocrx_word' id='word_1_91' title='bbox 838 973 986 1020; x_wconf 88' lang='lat' dir='ltr'>illamque</span> <span class='ocrx_word' id='word_1_92' title='bbox 1015 983 1146 1006; x_wconf 84' lang='lat' dir='ltr'>succes-</span> 
     </span>
     <span class='ocr_line' id='line_1_24' title="bbox 393 1021 1145 1070; baseline -0.005 -11"><span class='ocrx_word' id='word_1_93' title='bbox 393 1026 480 1060; x_wconf 87' lang='lat' dir='ltr'>sione</span> <span class='ocrx_word' id='word_1_94' title='bbox 509 1033 685 1070; x_wconf 88' lang='lat' dir='ltr'>temporum</span> <span class='ocrx_word' id='word_1_95' title='bbox 710 1023 748 1057; x_wconf 89' lang='lat' dir='ltr'>de</span> <span class='ocrx_word' id='word_1_96' title='bbox 772 1023 853 1057; x_wconf 89' lang='lat' dir='ltr'>bono</span> <span class='ocrx_word' id='word_1_97' title='bbox 882 1022 911 1056; x_wconf 92' lang='lat' dir='ltr'>in</span> <span class='ocrx_word' id='word_1_98' title='bbox 941 1021 1055 1055; x_wconf 73' lang='lat' dir='ltr'>melius</span> <span class='ocrx_word' id='word_1_99' title='bbox 1077 1029 1145 1055; x_wconf 88' lang='lat' dir='ltr'>stu-</span> 
     </span>
     <span class='ocr_line' id='line_1_25' title="bbox 393 1071 1146 1119; baseline -0.005 -11"><span class='ocrx_word' id='word_1_100' title='bbox 393 1075 530 1108; x_wconf 84' lang='lat' dir='ltr'>duerunt</span> <span class='ocrx_word' id='word_1_101' title='bbox 551 1080 767 1119; x_wconf 76' lang='lat' dir='ltr'>augmentare,</span> <span class='ocrx_word' id='word_1_102' title='bbox 790 1071 923 1116; x_wconf 78' lang='lat' dir='ltr'>dignum</span> <span class='ocrx_word' id='word_1_103' title='bbox 948 1071 1095 1105; x_wconf 82' lang='lat' dir='ltr'>ducimus</span> <span class='ocrx_word' id='word_1_104' title='bbox 1117 1078 1146 1104; x_wconf 89' lang='lat' dir='ltr'>et</span> 
     </span>
     <span class='ocr_line' id='line_1_26' title="bbox 393 1119 1147 1169; baseline -0.007 -11"><span class='ocrx_word' id='word_1_105' title='bbox 393 1122 539 1169; x_wconf 85' lang='lat' dir='ltr'>aequitati</span> <span class='ocrx_word' id='word_1_106' title='bbox 554 1134 730 1157; x_wconf 87' lang='lat' dir='ltr'>consonum</span> <span class='ocrx_word' id='word_1_107' title='bbox 749 1120 976 1164; x_wconf 84' lang='lat' dir='ltr'>existimamus,</span> <span class='ocrx_word' id='word_1_108' title='bbox 991 1128 1024 1154; x_wconf 89' lang='lat' dir='ltr'>ut</span> <span class='ocrx_word' id='word_1_109' title='bbox 1040 1119 1147 1154; x_wconf 90' lang='lat' dir='ltr'>civitas</span> 
     </span>
     <span class='ocr_line' id='line_1_27' title="bbox 394 1169 1146 1218; baseline -0.004 -12"><span class='ocrx_word' id='word_1_110' title='bbox 394 1174 473 1218; x_wconf 85' lang='lat' dir='ltr'>ipsa,</span> <span class='ocrx_word' id='word_1_111' title='bbox 491 1184 583 1217; x_wconf 86' lang='lat' dir='ltr'>quam</span> <span class='ocrx_word' id='word_1_112' title='bbox 613 1171 716 1205; x_wconf 87' lang='lat' dir='ltr'>divina</span> <span class='ocrx_word' id='word_1_113' title='bbox 744 1170 840 1216; x_wconf 79' lang='lat' dir='ltr'>gratia</span> <span class='ocrx_word' id='word_1_114' title='bbox 862 1169 1029 1204; x_wconf 89' lang='lat' dir='ltr'>multarum</span> <span class='ocrx_word' id='word_1_115' title='bbox 1055 1181 1146 1216; x_wconf 86' lang='lat' dir='ltr'>prac-</span> 
     </span>
     <span class='ocr_line' id='line_1_28' title="bbox 393 1218 1145 1266; baseline -0.005 -11"><span class='ocrx_word' id='word_1_116' title='bbox 393 1221 528 1266; x_wconf 80' lang='lat' dir='ltr'>rogativa</span> <span class='ocrx_word' id='word_1_117' title='bbox 546 1220 721 1254; x_wconf 89' lang='lat' dir='ltr'>bonitatum</span> <span class='ocrx_word' id='word_1_118' title='bbox 738 1229 768 1254; x_wconf 88' lang='lat' dir='ltr'>et</span> <span class='ocrx_word' id='word_1_119' title='bbox 783 1219 987 1254; x_wconf 69' lang='lat' dir='ltr'>toecunditate</span> <span class='ocrx_word' id='word_1_120' title='bbox 998 1218 1145 1252; x_wconf 90' lang='lat' dir='ltr'>virtutum</span> 
     </span>
     <span class='ocr_line' id='line_1_29' title="bbox 393 1269 1148 1316; baseline -0.005 -12"><span class='ocrx_word' id='word_1_121' title='bbox 393 1270 526 1316; x_wconf 81' lang='lat' dir='ltr'>gratiosa</span> <span class='ocrx_word' id='word_1_122' title='bbox 543 1269 670 1310; x_wconf 89' lang='lat' dir='ltr'>dotavit,</span> <span class='ocrx_word' id='word_1_123' title='bbox 687 1269 891 1304; x_wconf 80' lang='lat' dir='ltr'>scientiarum</span> <span class='ocrx_word' id='word_1_124' title='bbox 908 1269 1001 1303; x_wconf 87' lang='lat' dir='ltr'>etiam</span> <span class='ocrx_word' id='word_1_125' title='bbox 1018 1275 1148 1302; x_wconf 86' lang='lat' dir='ltr'>ornetur</span> 
     </span>
     <span class='ocr_line' id='line_1_30' title="bbox 395 1317 1148 1372; baseline -0.004 -19"><span class='ocrx_word' id='word_1_126' title='bbox 395 1319 579 1354; x_wconf 89' lang='lat' dir='ltr'>muneribus</span> <span class='ocrx_word' id='word_1_127' title='bbox 594 1327 624 1352; x_wconf 87' lang='lat' dir='ltr'>et</span> <span class='ocrx_word' id='word_1_128' title='bbox 647 1319 697 1353; x_wconf 87' lang='lat' dir='ltr'>eti·</span> <span class='ocrx_word' id='word_1_129' title='bbox 692 1331 740 1352; x_wconf 86' lang='grc' dir='ltr'>ιιιιι</span> <span class='ocrx_word' id='word_1_130' title='bbox 764 1318 941 1372; x_wconf 77' lang='lat' dir='ltr'>amplietur</span> <span class='ocrx_word' id='word_1_131' title='bbox 962 1318 1001 1351; x_wconf 85' lang='lat' dir='ltr'>ita</span> <span class='ocrx_word' id='word_1_132' title='bbox 1020 1324 1051 1351; x_wconf 90' lang='lat' dir='ltr'>ut</span> <span class='ocrx_word' id='word_1_133' title='bbox 1067 1317 1148 1351; x_wconf 82' lang='lat' dir='ltr'>vitos</span> 
     </span>
     <span class='ocr_line' id='line_1_31' title="bbox 395 1366 1145 1415; baseline -0.003 -13"><span class='ocrx_word' id='word_1_134' title='bbox 395 1368 548 1415; x_wconf 71' lang='lat' dir='ltr'>producat</span> <span class='ocrx_word' id='word_1_135' title='bbox 572 1368 693 1402; x_wconf 86' lang='lat' dir='ltr'>consilii</span> <span class='ocrx_word' id='word_1_136' title='bbox 734 1367 911 1402; x_wconf 87' lang='lat' dir='ltr'>maturitate</span> <span class='ocrx_word' id='word_1_137' title='bbox 943 1366 1145 1412; x_wconf 83' lang='lat' dir='ltr'>conspicuos,</span> 
     </span>
     <span class='ocr_line' id='line_1_32' title="bbox 396 1415 1150 1460; baseline -0.003 -9"><span class='ocrx_word' id='word_1_138' title='bbox 396 1418 545 1452; x_wconf 83' lang='lat' dir='ltr'>viitutnm</span> <span class='ocrx_word' id='word_1_139' title='bbox 570 1417 733 1452; x_wconf 88' lang='lat' dir='ltr'>redimitos</span> <span class='ocrx_word' id='word_1_140' title='bbox 761 1416 946 1460; x_wconf 81' lang='lat' dir='ltr'>honoribus,</span> <span class='ocrx_word' id='word_1_141' title='bbox 968 1425 997 1450; x_wconf 86' lang='lat' dir='ltr'>et</span> <span class='ocrx_word' id='word_1_142' title='bbox 1013 1415 1150 1450; x_wconf 88' lang='lat' dir='ltr'>diversa-</span> 
     </span>
     <span class='ocr_line' id='line_1_33' title="bbox 396 1465 1151 1512; baseline -0.004 -11"><span class='ocrx_word' id='word_1_143' title='bbox 396 1479 464 1501; x_wconf 93' lang='lat' dir='ltr'>rum</span> <span class='ocrx_word' id='word_1_144' title='bbox 494 1467 675 1502; x_wconf 86' lang='lat' dir='ltr'>facultatum</span> <span class='ocrx_word' id='word_1_145' title='bbox 704 1466 904 1512; x_wconf 76' lang='lat' dir='ltr'>dogmatibus</span> <span class='ocrx_word' id='word_1_146' title='bbox 926 1465 1081 1504; x_wconf 89' lang='lat' dir='ltr'>eruditos</span> <span class='ocrx_word' id='word_1_147' title='bbox 1097 1465 1151 1498; x_wconf 89' lang='lat' dir='ltr'>sit·</span> 
     </span>
     <span class='ocr_line' id='line_1_34' title="bbox 396 1514 1149 1562; baseline -0.004 -12"><span class='ocrx_word' id='word_1_148' title='bbox 396 1529 458 1562; x_wconf 87' lang='lat' dir='ltr'>qne</span> <span class='ocrx_word' id='word_1_149' title='bbox 475 1516 515 1550; x_wconf 85' lang='lat' dir='ltr'>ibi</span> <span class='ocrx_word' id='word_1_150' title='bbox 535 1516 603 1551; x_wconf 90' lang='lat' dir='ltr'>fons</span> <span class='ocrx_word' id='word_1_151' title='bbox 621 1516 770 1562; x_wconf 82' lang='lat' dir='ltr'>irriguus,</span> <span class='ocrx_word' id='word_1_152' title='bbox 787 1515 826 1550; x_wconf 87' lang='lat' dir='ltr'>de</span> <span class='ocrx_word' id='word_1_153' title='bbox 842 1515 932 1550; x_wconf 86' lang='lat' dir='ltr'>cuius</span> <span class='ocrx_word' id='word_1_154' title='bbox 955 1514 1149 1562; x_wconf 77' lang='lat' dir='ltr'>plenitudine</span> 
     </span>
     <span class='ocr_line' id='line_1_35' title="bbox 398 1563 1148 1611; baseline -0.004 -12"><span class='ocrx_word' id='word_1_155' title='bbox 398 1565 542 1600; x_wconf 80' lang='lat' dir='ltr'>hauriant</span> <span class='ocrx_word' id='word_1_156' title='bbox 579 1566 726 1606; x_wconf 84' lang='lat' dir='ltr'>universi,</span> <span class='ocrx_word' id='word_1_157' title='bbox 766 1565 820 1611; x_wconf 89' lang='lat' dir='ltr'>qui</span> <span class='ocrx_word' id='word_1_158' title='bbox 862 1564 1021 1599; x_wconf 89' lang='lat' dir='ltr'>literarum</span> <span class='ocrx_word' id='word_1_159' title='bbox 1052 1563 1148 1597; x_wconf 91' lang='lat' dir='ltr'>imbui</span> 
     </span>
     <span class='ocr_line' id='line_1_36' title="bbox 398 1614 764 1661; baseline -0.005 -12"><span class='ocrx_word' id='word_1_160' title='bbox 398 1615 533 1661; x_wconf 88' lang='lat' dir='ltr'>cupiunt</span> <span class='ocrx_word' id='word_1_161' title='bbox 551 1614 764 1649; x_wconf 79' lang='lat' dir='ltr'>documentis.</span> 
     </span>
    </p>

    <p class='ocr_par' dir='ltr' id='par_1_9' title="bbox 400 1662 1161 2697">
     <span class='ocr_line' id='line_1_37' title="bbox 448 1662 1149 1710; baseline -0.006 -10.994"><span class='ocrx_word' id='word_1_162' title='bbox 448 1664 467 1710; x_wconf 66' lang='lat' dir='ltr'>S</span> <span class='ocrx_word' id='word_1_163' title='bbox 489 1666 521 1697; x_wconf 75' lang='lat'>2.</span> <span class='ocrx_word' id='word_1_164' title='bbox 545 1664 732 1698; x_wconf 73' lang='lat' dir='ltr'>praemissis</span> <span class='ocrx_word' id='word_1_165' title='bbox 756 1663 849 1709; x_wconf 88' lang='grc' dir='ltr'>ι3·ιιιιι</span> <span class='ocrx_word' id='word_1_166' title='bbox 871 1662 1013 1708; x_wconf 68' lang='lat' dir='ltr'>diligenti</span> <span class='ocrx_word' id='word_1_167' title='bbox 1037 1662 1149 1696; x_wconf 80' lang='lat' dir='ltr'>(xami</span> 
     </span>
     <span class='ocr_line' id='line_1_38' title="bbox 400 1711 1152 1760; baseline -0.004 -13"><span class='ocrx_word' id='word_1_168' title='bbox 400 1714 524 1747; x_wconf 88' lang='lat' dir='ltr'>natione</span> <span class='ocrx_word' id='word_1_169' title='bbox 561 1713 722 1760; x_wconf 78' lang='lat' dir='ltr'>pensatis,</span> <span class='ocrx_word' id='word_1_170' title='bbox 758 1725 819 1747; x_wconf 91' lang='lat' dir='ltr'>non</span> <span class='ocrx_word' id='word_1_171' title='bbox 848 1712 949 1746; x_wconf 89' lang='grc' dir='ltr'>5οΙιιιιι</span> <span class='ocrx_word' id='word_1_172' title='bbox 978 1711 1016 1746; x_wconf 87' lang='lat' dir='ltr'>ad</span> <span class='ocrx_word' id='word_1_173' title='bbox 1053 1711 1152 1758; x_wconf 90' lang='lat' dir='ltr'>ipsius</span> 
     </span>
     <span class='ocr_line' id='line_1_39' title="bbox 401 1761 1153 1808; baseline -0.004 -11"><span class='ocrx_word' id='word_1_174' title='bbox 401 1763 545 1798; x_wconf 69' lang='lat' dir='ltr'>cititatis.</span> <span class='ocrx_word' id='word_1_175' title='bbox 565 1762 619 1797; x_wconf 91' lang='lat' dir='ltr'>sed</span> <span class='ocrx_word' id='word_1_176' title='bbox 637 1763 729 1796; x_wconf 73' lang='lat' dir='ltr'>«tiam</span> <span class='ocrx_word' id='word_1_177' title='bbox 747 1763 913 1808; x_wconf 78' lang='lat' dir='ltr'>regionum</span> <span class='ocrx_word' id='word_1_178' title='bbox 929 1761 1153 1796; x_wconf 80' lang='lat' dir='ltr'>circumiacen-</span> 
     </span>
     <span class='ocr_line' id='line_1_40' title="bbox 376 1810 1152 1857; baseline -0.004 -10.896"><span class='ocrx_word' id='word_1_179' title='bbox 376 1812 490 1852; x_wconf 82' lang='lat' dir='ltr'>tium,</span> <span class='ocrx_word' id='word_1_180' title='bbox 508 1812 679 1846; x_wconf 89' lang='lat' dir='ltr'>incolarum</span> <span class='ocrx_word' id='word_1_181' title='bbox 695 1811 897 1846; x_wconf 89' lang='lat' dir='ltr'>commodum</span> <span class='ocrx_word' id='word_1_182' title='bbox 918 1818 947 1844; x_wconf 88' lang='lat' dir='ltr'>et</span> <span class='ocrx_word' id='word_1_183' title='bbox 966 1810 1152 1857; x_wconf 84' lang='lat' dir='ltr'>profectum,</span> 
     </span>
     <span class='ocr_line' id='line_1_41' title="bbox 402 1860 1151 1908; baseline -0.004 -12"><span class='ocrx_word' id='word_1_184' title='bbox 402 1861 539 1908; x_wconf 88' lang='lat' dir='ltr'>paternis</span> <span class='ocrx_word' id='word_1_185' title='bbox 552 1861 772 1896; x_wconf 78' lang='lat' dir='ltr'>affectionibus</span> <span class='ocrx_word' id='word_1_186' title='bbox 787 1860 982 1901; x_wconf 78' lang='lat' dir='ltr'>anhelantes,</span> <span class='ocrx_word' id='word_1_187' title='bbox 996 1860 1151 1894; x_wconf 89' lang='lat' dir='ltr'>dictorum</span> 
     </span>
     <span class='ocr_line' id='line_1_42' title="bbox 401 1909 1154 1954; baseline -0.004 -8"><span class='ocrx_word' id='word_1_188' title='bbox 401 1911 494 1946; x_wconf 86' lang='lat' dir='ltr'>etiam</span> <span class='ocrx_word' id='word_1_189' title='bbox 517 1910 699 1954; x_wconf 84' lang='lat' dir='ltr'>consulum,</span> <span class='ocrx_word' id='word_1_190' title='bbox 723 1910 943 1950; x_wconf 89' lang='lat' dir='ltr'>scabinorum,</span> <span class='ocrx_word' id='word_1_191' title='bbox 978 1909 1093 1944; x_wconf 88' lang='lat' dir='ltr'>civium</span> <span class='ocrx_word' id='word_1_192' title='bbox 1124 1917 1154 1944; x_wconf 89' lang='lat' dir='ltr'>et</span> 
     </span>
     <span class='ocr_line' id='line_1_43' title="bbox 400 1958 1154 2006; baseline -0.004 -11"><span class='ocrx_word' id='word_1_193' title='bbox 400 1960 586 1995; x_wconf 89' lang='lat' dir='ltr'>Communis</span> <span class='ocrx_word' id='word_1_194' title='bbox 619 1961 749 2006; x_wconf 82' lang='lat' dir='ltr'>gratiam</span> <span class='ocrx_word' id='word_1_195' title='bbox 793 1967 931 1994; x_wconf 89' lang='lat' dir='ltr'>nostram</span> <span class='ocrx_word' id='word_1_196' title='bbox 968 1958 1154 2006; x_wconf 83' lang='lat' dir='ltr'>suppliciter</span> 
     </span>
     <span class='ocr_line' id='line_1_44' title="bbox 402 2008 1154 2056; baseline -0.004 -12"><span class='ocrx_word' id='word_1_197' title='bbox 402 2009 648 2056; x_wconf 82' lang='lat' dir='ltr'>implorantium,</span> <span class='ocrx_word' id='word_1_198' title='bbox 678 2010 706 2044; x_wconf 92' lang='grc' dir='ltr'>ιιι</span> <span class='ocrx_word' id='word_1_199' title='bbox 737 2010 793 2044; x_wconf 88' lang='lat' dir='ltr'>hae</span> <span class='ocrx_word' id='word_1_200' title='bbox 823 2017 908 2056; x_wconf 89' lang='lat' dir='ltr'>parte</span> <span class='ocrx_word' id='word_1_201' title='bbox 935 2008 1055 2042; x_wconf 76' lang='lat' dir='ltr'>devotis</span> <span class='ocrx_word' id='word_1_202' title='bbox 1078 2021 1154 2055; x_wconf 87' lang='lat' dir='ltr'>sup-</span> 
     </span>
     <span class='ocr_line' id='line_1_45' title="bbox 402 2058 1154 2105; baseline -0.003 -12"><span class='ocrx_word' id='word_1_203' title='bbox 402 2059 624 2105; x_wconf 77' lang='lat' dir='ltr'>plicationibus</span> <span class='ocrx_word' id='word_1_204' title='bbox 665 2058 873 2094; x_wconf 85' lang='lat' dir='ltr'>favorabiliter</span> <span class='ocrx_word' id='word_1_205' title='bbox 908 2066 1094 2100; x_wconf 74' lang='lat' dir='ltr'>annuentes,</span> <span class='ocrx_word' id='word_1_206' title='bbox 1116 2058 1154 2092; x_wconf 90' lang='lat' dir='ltr'>ad</span> 
     </span>
     <span class='ocr_line' id='line_1_46' title="bbox 402 2112 1157 2159; baseline -0.003 -12"><span class='ocrx_word' id='word_1_207' title='bbox 402 2112 524 2147; x_wconf 86' lang='lat' dir='ltr'>laudem</span> <span class='ocrx_word' id='word_1_208' title='bbox 549 2113 644 2147; x_wconf 75' lang='lat' dir='ltr'>divini</span> <span class='ocrx_word' id='word_1_209' title='bbox 672 2113 817 2148; x_wconf 87' lang='lat' dir='ltr'>Nominis</span> <span class='ocrx_word' id='word_1_210' title='bbox 844 2121 874 2147; x_wconf 86' lang='lat' dir='ltr'>et</span> <span class='ocrx_word' id='word_1_211' title='bbox 903 2112 973 2146; x_wconf 76' lang='lat' dir='ltr'>fidet</span> <span class='ocrx_word' id='word_1_212' title='bbox 1001 2124 1157 2159; x_wconf 80' lang='lat' dir='ltr'>propaga-</span> 
     </span>
     <span class='ocr_line' id='line_1_47' title="bbox 403 2166 1155 2212; baseline -0.001 -12"><span class='ocrx_word' id='word_1_213' title='bbox 403 2166 518 2202; x_wconf 86' lang='lat' dir='ltr'>tionem</span> <span class='ocrx_word' id='word_1_214' title='bbox 547 2167 751 2210; x_wconf 82' lang='lat' dir='ltr'>orthodoxae,</span> <span class='ocrx_word' id='word_1_215' title='bbox 778 2167 964 2201; x_wconf 87' lang='lat' dir='ltr'>auctoritate</span> <span class='ocrx_word' id='word_1_216' title='bbox 985 2167 1155 2212; x_wconf 86' lang='lat' dir='ltr'>apostolica</span> 
     </span>
     <span class='ocr_line' id='line_1_48' title="bbox 403 2219 1155 2259; baseline -0.001 -5"><span class='ocrx_word' id='word_1_217' title='bbox 403 2222 570 2255; x_wconf 80' lang='lat' dir='ltr'>statuimus</span> <span class='ocrx_word' id='word_1_218' title='bbox 592 2229 622 2255; x_wconf 87' lang='lat' dir='ltr'>et</span> <span class='ocrx_word' id='word_1_219' title='bbox 644 2221 739 2256; x_wconf 88' lang='lat' dir='ltr'>ctiam</span> <span class='ocrx_word' id='word_1_220' title='bbox 759 2220 957 2259; x_wconf 84' lang='lat' dir='ltr'>ordinamus,</span> <span class='ocrx_word' id='word_1_221' title='bbox 974 2230 1006 2254; x_wconf 85' lang='grc' dir='ltr'>ιιι</span> <span class='ocrx_word' id='word_1_222' title='bbox 1023 2220 1052 2253; x_wconf 88' lang='grc' dir='ltr'>ιιι</span> <span class='ocrx_word' id='word_1_223' title='bbox 1072 2219 1155 2253; x_wconf 86' lang='lat' dir='ltr'>(licta</span> 
     </span>
     <span class='ocr_line' id='line_1_49' title="bbox 403 2273 1155 2310; baseline -0.005 0"><span class='ocrx_word' id='word_1_224' title='bbox 403 2276 526 2310; x_wconf 79' lang='lat' dir='ltr'>civitate</span> <span class='ocrx_word' id='word_1_225' title='bbox 545 2275 729 2310; x_wconf 79' lang='lat' dir='ltr'>Coloniensi</span> <span class='ocrx_word' id='word_1_226' title='bbox 746 2276 786 2309; x_wconf 88' lang='lat' dir='ltr'>sit</span> <span class='ocrx_word' id='word_1_227' title='bbox 809 2275 847 2308; x_wconf 87' lang='lat' dir='ltr'>de</span> <span class='ocrx_word' id='word_1_228' title='bbox 868 2282 991 2309; x_wconf 88' lang='lat' dir='ltr'>caetero</span> <span class='ocrx_word' id='word_1_229' title='bbox 1008 2273 1155 2308; x_wconf 85' lang='lat' dir='ltr'>Studium</span> 
     </span>
     <span class='ocr_line' id='line_1_50' title="bbox 404 2327 1157 2374; baseline -0.004 -11"><span class='ocrx_word' id='word_1_230' title='bbox 404 2330 550 2374; x_wconf 80' lang='lat' dir='ltr'>generale</span> <span class='ocrx_word' id='word_1_231' title='bbox 566 2329 603 2363; x_wconf 90' lang='lat' dir='ltr'>ad</span> <span class='ocrx_word' id='word_1_232' title='bbox 622 2330 718 2363; x_wconf 88' lang='lat' dir='ltr'>instar</span> <span class='ocrx_word' id='word_1_233' title='bbox 734 2329 837 2362; x_wconf 90' lang='lat' dir='ltr'>Studii</span> <span class='ocrx_word' id='word_1_234' title='bbox 854 2328 1053 2370; x_wconf 76' lang='lat' dir='ltr'>parisiensis,</span> <span class='ocrx_word' id='word_1_235' title='bbox 1069 2327 1157 2360; x_wconf 89' lang='lat' dir='ltr'>illud-</span> 
     </span>
     <span class='ocr_line' id='line_1_51' title="bbox 405 2380 1158 2429; baseline -0.004 -13"><span class='ocrx_word' id='word_1_236' title='bbox 405 2395 464 2429; x_wconf 87' lang='lat' dir='ltr'>que</span> <span class='ocrx_word' id='word_1_237' title='bbox 501 2383 658 2429; x_wconf 69' lang='lat' dir='ltr'>perpetuis</span> <span class='ocrx_word' id='word_1_238' title='bbox 687 2382 802 2416; x_wconf 88' lang='lat' dir='ltr'>futuris</span> <span class='ocrx_word' id='word_1_239' title='bbox 832 2381 1027 2428; x_wconf 76' lang='lat' dir='ltr'>temporibus</span> <span class='ocrx_word' id='word_1_240' title='bbox 1059 2380 1158 2426; x_wconf 78' lang='lat' dir='ltr'>vigeat</span> 
     </span>
     <span class='ocr_line' id='line_1_52' title="bbox 407 2436 1157 2482; baseline -0.004 -12"><span class='ocrx_word' id='word_1_241' title='bbox 407 2446 466 2470; x_wconf 87' lang='lat' dir='ltr'>tam</span> <span class='ocrx_word' id='word_1_242' title='bbox 485 2437 513 2470; x_wconf 91' lang='lat' dir='ltr'>in</span> <span class='ocrx_word' id='word_1_243' title='bbox 538 2437 712 2482; x_wconf 81' lang='lat' dir='ltr'>theologiae</span> <span class='ocrx_word' id='word_1_244' title='bbox 735 2445 764 2469; x_wconf 83' lang='lat' dir='ltr'>et</span> <span class='ocrx_word' id='word_1_245' title='bbox 789 2436 864 2470; x_wconf 89' lang='lat' dir='ltr'>iuris</span> <span class='ocrx_word' id='word_1_246' title='bbox 886 2436 1040 2477; x_wconf 82' lang='lat' dir='ltr'>canonici,</span> <span class='ocrx_word' id='word_1_247' title='bbox 1063 2446 1157 2480; x_wconf 88' lang='lat' dir='ltr'>quam</span> 
     </span>
     <span class='ocr_line' id='line_1_53' title="bbox 406 2488 1160 2536; baseline -0.003 -13"><span class='ocrx_word' id='word_1_248' title='bbox 406 2491 461 2524; x_wconf 83' lang='lat' dir='ltr'>alia</span> <span class='ocrx_word' id='word_1_249' title='bbox 479 2490 617 2536; x_wconf 89' lang='lat' dir='ltr'>qualibet</span> <span class='ocrx_word' id='word_1_250' title='bbox 635 2490 717 2524; x_wconf 89' lang='lat' dir='ltr'>licita</span> <span class='ocrx_word' id='word_1_251' title='bbox 735 2490 894 2529; x_wconf 76' lang='lat' dir='ltr'>facultate,</span> <span class='ocrx_word' id='word_1_252' title='bbox 910 2489 995 2536; x_wconf 89' lang='lat' dir='ltr'>quod</span> <span class='ocrx_word' id='word_1_253' title='bbox 1021 2488 1160 2533; x_wconf 82' lang='lat' dir='ltr'>legentes</span> 
     </span>
     <span class='ocr_line' id='line_1_54' title="bbox 408 2542 1160 2578; baseline -0.003 -1"><span class='ocrx_word' id='word_1_254' title='bbox 408 2552 436 2577; x_wconf 91' lang='lat' dir='ltr'>et</span> <span class='ocrx_word' id='word_1_255' title='bbox 458 2544 622 2578; x_wconf 84' lang='lat' dir='ltr'>studentes</span> <span class='ocrx_word' id='word_1_256' title='bbox 646 2544 762 2578; x_wconf 77' lang='lat' dir='ltr'>ibidem</span> <span class='ocrx_word' id='word_1_257' title='bbox 787 2544 936 2578; x_wconf 88' lang='lat' dir='ltr'>omnibns</span> <span class='ocrx_word' id='word_1_258' title='bbox 959 2542 1160 2577; x_wconf 77' lang='lat' dir='ltr'>libertatibus</span> 
     </span>
     <span class='ocr_line' id='line_1_55' title="bbox 409 2596 1158 2643; baseline -0.003 -12"><span class='ocrx_word' id='word_1_259' title='bbox 409 2607 437 2632; x_wconf 86' lang='lat' dir='ltr'>et</span> <span class='ocrx_word' id='word_1_260' title='bbox 479 2598 728 2632; x_wconf 85' lang='lat' dir='ltr'>immunitatibus</span> <span class='ocrx_word' id='word_1_261' title='bbox 756 2597 914 2632; x_wconf 77' lang='lat' dir='ltr'>concessis</span> <span class='ocrx_word' id='word_1_262' title='bbox 943 2597 1101 2643; x_wconf 79' lang='lat' dir='ltr'>magistris</span> <span class='ocrx_word' id='word_1_263' title='bbox 1129 2596 1158 2629; x_wconf 94' lang='lat' dir='ltr'>in</span> 
     </span>
     <span class='ocr_line' id='line_1_56' title="bbox 410 2650 1161 2697; baseline -0.001 -13"><span class='ocrx_word' id='word_1_264' title='bbox 410 2650 576 2697; x_wconf 78' lang='lat' dir='ltr'>theologia,</span> <span class='ocrx_word' id='word_1_265' title='bbox 599 2664 633 2686; x_wconf 88' lang='lat' dir='ltr'>ac</span> <span class='ocrx_word' id='word_1_266' title='bbox 653 2651 836 2686; x_wconf 88' lang='lat' dir='ltr'>doctoribus</span> <span class='ocrx_word' id='word_1_267' title='bbox 859 2651 1036 2697; x_wconf 75' lang='lat' dir='ltr'>legentibus</span> <span class='ocrx_word' id='word_1_268' title='bbox 1052 2659 1079 2685; x_wconf 86' lang='lat' dir='ltr'>ct</span> <span class='ocrx_word' id='word_1_269' title='bbox 1096 2657 1161 2685; x_wconf 89' lang='lat' dir='ltr'>stn-</span> 
     </span>
    </p>
   </div>
   <div class='ocr_carea' id='block_1_8' title="bbox 978 279 1353 304">
    <p class='ocr_par' dir='ltr' id='par_1_10' title="bbox 978 279 1353 304">
     <span class='ocr_line' id='line_1_57' title="bbox 978 279 1353 304; baseline -0.011 0"><span class='ocrx_word' id='word_1_270' title='bbox 978 283 1014 304; x_wconf 60' lang='grc' dir='ltr'>ΒΚ]</span> <span class='ocrx_word' id='word_1_271' title='bbox 1021 281 1077 303; x_wconf 69' lang='lat' dir='ltr'>LLA</span> <span class='ocrx_word' id='word_1_272' title='bbox 1085 282 1113 302; x_wconf 79' lang='lat' dir='ltr'>{U</span> <span class='ocrx_word' id='word_1_273' title='bbox 1121 281 1163 302; x_wconf 70' lang='lat' dir='ltr'>[M</span> <span class='ocrx_word' id='word_1_274' title='bbox 1194 279 1282 301; x_wconf 71' lang='grc' dir='ltr'><strong>ΙΙΟΜΛ</strong></span> <span class='ocrx_word' id='word_1_275' title='bbox 1289 280 1304 300; x_wconf 85' lang='lat' dir='ltr'><strong>N</strong></span> <span class='ocrx_word' id='word_1_276' title='bbox 1311 279 1353 300; x_wconf 71' lang='grc' dir='ltr'>ΗΜ</span> 
     </span>
    </p>
   </div>
   <div class='ocr_carea' id='block_1_9' title="bbox 704 330 1935 370">
    <p class='ocr_par' dir='ltr' id='par_1_11' title="bbox 704 330 1935 370">
     <span class='ocr_line' id='line_1_58' title="bbox 704 330 1935 370; baseline -0.003 -1"><span class='ocrx_word' id='word_1_277' title='bbox 704 344 736 369; x_wconf 91' lang='grc' dir='ltr'>ιιι</span> <span class='ocrx_word' id='word_1_278' title='bbox 777 335 934 369; x_wconf 70' lang='lat' dir='ltr'>literarum</span> <span class='ocrx_word' id='word_1_279' title='bbox 970 335 1072 370; x_wconf 87' lang='lat' dir='ltr'>studia</span> <span class='ocrx_word' id='word_1_280' title='bbox 1111 335 1139 368; x_wconf 94' lang='lat' dir='ltr'>iu</span> <span class='ocrx_word' id='word_1_281' title='bbox 1184 333 1331 367; x_wconf 85' lang='lat' dir='ltr'>dentibus</span> <span class='ocrx_word' id='word_1_282' title='bbox 1365 330 1634 365; x_wconf 86' lang='lat' dir='ltr'>commorantibus</span> <span class='ocrx_word' id='word_1_283' title='bbox 1662 330 1691 364; x_wconf 93' lang='lat' dir='ltr'>in</span> <span class='ocrx_word' id='word_1_284' title='bbox 1725 330 1808 364; x_wconf 91' lang='lat' dir='ltr'>dicto</span> <span class='ocrx_word' id='word_1_285' title='bbox 1842 331 1935 365; x_wconf 84' lang='lat' dir='ltr'>Pari-</span> 
     </span>
    </p>
   </div>
   <div class='ocr_carea' id='block_1_10' title="bbox 1184 379 1958 2550">
    <p class='ocr_par' dir='ltr' id='par_1_12' title="bbox 1184 379 1773 425">
     <span class='ocr_line' id='line_1_59' title="bbox 1184 379 1773 425; baseline -0.008 -8"><span class='ocrx_word' id='word_1_286' title='bbox 1184 382 1278 417; x_wconf 86' lang='lat' dir='ltr'>siensi</span> <span class='ocrx_word' id='word_1_287' title='bbox 1307 379 1419 414; x_wconf 83' lang='lat' dir='ltr'>Studio</span> <span class='ocrx_word' id='word_1_288' title='bbox 1446 379 1583 425; x_wconf 76' lang='lat' dir='ltr'>generali</span> <span class='ocrx_word' id='word_1_289' title='bbox 1606 379 1773 424; x_wconf 82' lang='lat' dir='ltr'>gaudeant.</span> 
     </span>
    </p>

    <p class='ocr_par' dir='ltr' id='par_1_13' title="bbox 1186 427 1952 2053">
     <span class='ocr_line' id='line_1_60' title="bbox 1233 427 1938 475; baseline 0 -12"><span class='ocrx_word' id='word_1_290' title='bbox 1233 436 1247 473; x_wconf 56' lang='grc' dir='ltr'>ᾗ</span> <span class='ocrx_word' id='word_1_291' title='bbox 1264 433 1294 463; x_wconf 77' lang='grc'>5.</span> <span class='ocrx_word' id='word_1_292' title='bbox 1312 430 1442 475; x_wconf 89' lang='lat' dir='ltr'>lnsnper</span> <span class='ocrx_word' id='word_1_293' title='bbox 1460 428 1615 462; x_wconf 87' lang='lat' dir='ltr'>civitatem</span> <span class='ocrx_word' id='word_1_294' title='bbox 1640 436 1669 461; x_wconf 78' lang='lat' dir='ltr'>et</span> <span class='ocrx_word' id='word_1_295' title='bbox 1684 427 1834 461; x_wconf 84' lang='lat' dir='ltr'>Studium</span> <span class='ocrx_word' id='word_1_296' title='bbox 1853 441 1938 474; x_wconf 88' lang='lat' dir='ltr'>prae-</span> 
     </span>
     <span class='ocr_line' id='line_1_61' title="bbox 1186 477 1937 524; baseline -0.003 -11"><span class='ocrx_word' id='word_1_297' title='bbox 1186 481 1243 514; x_wconf 80' lang='lat' dir='ltr'>fata</span> <span class='ocrx_word' id='word_1_298' title='bbox 1271 479 1310 513; x_wconf 88' lang='lat' dir='ltr'>ob</span> <span class='ocrx_word' id='word_1_299' title='bbox 1339 478 1496 524; x_wconf 81' lang='lat' dir='ltr'>profectus</span> <span class='ocrx_word' id='word_1_300' title='bbox 1525 477 1683 524; x_wconf 84' lang='lat' dir='ltr'>publicos,</span> <span class='ocrx_word' id='word_1_301' title='bbox 1711 489 1790 522; x_wconf 88' lang='lat' dir='ltr'>quos</span> <span class='ocrx_word' id='word_1_302' title='bbox 1824 477 1937 511; x_wconf 83' lang='lat' dir='ltr'>exinde</span> 
     </span>
     <span class='ocr_line' id='line_1_62' title="bbox 1187 526 1938 575; baseline -0.001 -14"><span class='ocrx_word' id='word_1_303' title='bbox 1187 527 1351 575; x_wconf 78' lang='lat' dir='ltr'>provenire</span> <span class='ocrx_word' id='word_1_304' title='bbox 1380 539 1554 572; x_wconf 87' lang='lat' dir='ltr'>speramns,</span> <span class='ocrx_word' id='word_1_305' title='bbox 1578 526 1784 573; x_wconf 88' lang='lat' dir='ltr'>amplioribus</span> <span class='ocrx_word' id='word_1_306' title='bbox 1808 526 1938 560; x_wconf 90' lang='lat' dir='ltr'>honori-</span> 
     </span>
     <span class='ocr_line' id='line_1_63' title="bbox 1188 575 1938 630; baseline -0.003 -19"><span class='ocrx_word' id='word_1_307' title='bbox 1188 578 1245 611; x_wconf 88' lang='lat' dir='ltr'>bus</span> <span class='ocrx_word' id='word_1_308' title='bbox 1274 575 1422 623; x_wconf 87' lang='lat' dir='ltr'>prosequi</span> <span class='ocrx_word' id='word_1_309' title='bbox 1447 576 1658 630; x_wconf 83' lang='lat' dir='ltr'>intendentes,</span> <span class='ocrx_word' id='word_1_310' title='bbox 1679 575 1863 610; x_wconf 87' lang='lat' dir='ltr'>auctoritate</span> <span class='ocrx_word' id='word_1_311' title='bbox 1886 587 1938 609; x_wconf 91' lang='lat' dir='ltr'>or-</span> 
     </span>
     <span class='ocr_line' id='line_1_64' title="bbox 1186 624 1939 672; baseline -0.003 -12"><span class='ocrx_word' id='word_1_312' title='bbox 1186 626 1334 660; x_wconf 87' lang='lat' dir='ltr'>dinamus</span> <span class='ocrx_word' id='word_1_313' title='bbox 1355 624 1478 668; x_wconf 85' lang='lat' dir='ltr'>eadem,</span> <span class='ocrx_word' id='word_1_314' title='bbox 1495 632 1527 658; x_wconf 92' lang='lat' dir='ltr'>ut</span> <span class='ocrx_word' id='word_1_315' title='bbox 1541 625 1566 659; x_wconf 91' lang='lat' dir='ltr'>si</span> <span class='ocrx_word' id='word_1_316' title='bbox 1582 625 1634 672; x_wconf 90' lang='lat' dir='ltr'>qni</span> <span class='ocrx_word' id='word_1_317' title='bbox 1651 625 1680 658; x_wconf 91' lang='grc' dir='ltr'>ιιι</span> <span class='ocrx_word' id='word_1_318' title='bbox 1697 624 1809 659; x_wconf 89' lang='lat' dir='ltr'>eodem</span> <span class='ocrx_word' id='word_1_319' title='bbox 1826 624 1939 659; x_wconf 89' lang='lat' dir='ltr'>Studio</span> 
     </span>
     <span class='ocr_line' id='line_1_65' title="bbox 1186 674 1939 720; baseline -0.001 -10"><span class='ocrx_word' id='word_1_320' title='bbox 1186 674 1370 710; x_wconf 85' lang='lat' dir='ltr'>Coloniensi</span> <span class='ocrx_word' id='word_1_321' title='bbox 1395 674 1523 718; x_wconf 90' lang='lat' dir='ltr'>fuerint,</span> <span class='ocrx_word' id='word_1_322' title='bbox 1541 675 1594 720; x_wconf 91' lang='lat' dir='ltr'>qui</span> <span class='ocrx_word' id='word_1_323' title='bbox 1619 686 1768 720; x_wconf 89' lang='lat' dir='ltr'>processu</span> <span class='ocrx_word' id='word_1_324' title='bbox 1787 674 1939 720; x_wconf 90' lang='lat' dir='ltr'>temporis</span> 
     </span>
     <span class='ocr_line' id='line_1_66' title="bbox 1188 723 1939 770; baseline -0.001 -12"><span class='ocrx_word' id='word_1_325' title='bbox 1188 724 1329 758; x_wconf 88' lang='lat' dir='ltr'>bravium</span> <span class='ocrx_word' id='word_1_326' title='bbox 1350 723 1525 758; x_wconf 85' lang='lat' dir='ltr'>meruerint</span> <span class='ocrx_word' id='word_1_327' title='bbox 1543 724 1572 757; x_wconf 92' lang='lat' dir='ltr'>in</span> <span class='ocrx_word' id='word_1_328' title='bbox 1589 723 1640 758; x_wconf 91' lang='lat' dir='ltr'>illa</span> <span class='ocrx_word' id='word_1_329' title='bbox 1658 723 1815 764; x_wconf 76' lang='lat' dir='ltr'>facultate,</span> <span class='ocrx_word' id='word_1_330' title='bbox 1831 723 1861 757; x_wconf 91' lang='lat' dir='ltr'>in</span> <span class='ocrx_word' id='word_1_331' title='bbox 1877 735 1939 770; x_wconf 89' lang='lat' dir='ltr'>qua</span> 
     </span>
     <span class='ocr_line' id='line_1_67' title="bbox 1187 772 1939 818; baseline -0.001 -11"><span class='ocrx_word' id='word_1_332' title='bbox 1187 773 1391 814; x_wconf 85' lang='lat' dir='ltr'>studuerunt,</span> <span class='ocrx_word' id='word_1_333' title='bbox 1419 773 1575 812; x_wconf 88' lang='lat' dir='ltr'>obtinere,</span> <span class='ocrx_word' id='word_1_334' title='bbox 1597 772 1723 818; x_wconf 86' lang='lat' dir='ltr'>sibique</span> <span class='ocrx_word' id='word_1_335' title='bbox 1744 772 1879 807; x_wconf 89' lang='lat' dir='ltr'>docendi</span> <span class='ocrx_word' id='word_1_336' title='bbox 1904 772 1939 806; x_wconf 85' lang='lat' dir='ltr'>li—</span> 
     </span>
     <span class='ocr_line' id='line_1_68' title="bbox 1187 822 1941 866; baseline -0.003 -9"><span class='ocrx_word' id='word_1_337' title='bbox 1187 823 1334 862; x_wconf 83' lang='lat' dir='ltr'>centiam,</span> <span class='ocrx_word' id='word_1_338' title='bbox 1362 830 1396 856; x_wconf 92' lang='lat' dir='ltr'>ut</span> <span class='ocrx_word' id='word_1_339' title='bbox 1419 823 1495 857; x_wconf 89' lang='lat' dir='ltr'>alios</span> <span class='ocrx_word' id='word_1_340' title='bbox 1522 822 1647 857; x_wconf 88' lang='lat' dir='ltr'>erudire</span> <span class='ocrx_word' id='word_1_341' title='bbox 1670 822 1804 866; x_wconf 88' lang='lat' dir='ltr'>valeant,</span> <span class='ocrx_word' id='word_1_342' title='bbox 1819 834 1855 856; x_wconf 88' lang='lat' dir='ltr'>ac</span> <span class='ocrx_word' id='word_1_343' title='bbox 1879 834 1941 855; x_wconf 86' lang='lat' dir='ltr'>ma-</span> 
     </span>
     <span class='ocr_line' id='line_1_69' title="bbox 1187 871 1941 918; baseline -0.003 -11.997"><span class='ocrx_word' id='word_1_344' title='bbox 1187 872 1303 918; x_wconf 79' lang='lat' dir='ltr'>gisterii</span> <span class='ocrx_word' id='word_1_345' title='bbox 1327 884 1382 906; x_wconf 85' lang='lat' dir='ltr'>seu</span> <span class='ocrx_word' id='word_1_346' title='bbox 1415 871 1597 906; x_wconf 85' lang='lat' dir='ltr'>doctoratus</span> <span class='ocrx_word' id='word_1_347' title='bbox 1617 871 1767 906; x_wconf 89' lang='lat' dir='ltr'>honorem</span> <span class='ocrx_word' id='word_1_348' title='bbox 1795 871 1941 918; x_wconf 88' lang='lat' dir='ltr'>petierint</span> 
     </span>
     <span class='ocr_line' id='line_1_70' title="bbox 1187 921 1940 968; baseline 0 -13"><span class='ocrx_word' id='word_1_349' title='bbox 1187 922 1323 967; x_wconf 81' lang='lat' dir='ltr'>elargiri,</span> <span class='ocrx_word' id='word_1_350' title='bbox 1359 933 1412 968; x_wconf 88' lang='lat' dir='ltr'>per</span> <span class='ocrx_word' id='word_1_351' title='bbox 1445 921 1629 967; x_wconf 83' lang='lat' dir='ltr'>magistrum</span> <span class='ocrx_word' id='word_1_352' title='bbox 1666 933 1721 955; x_wconf 88' lang='lat' dir='ltr'>seu</span> <span class='ocrx_word' id='word_1_353' title='bbox 1764 921 1940 967; x_wconf 82' lang='lat' dir='ltr'>magistros,</span> 
     </span>
     <span class='ocr_line' id='line_1_71' title="bbox 1188 969 1940 1011; baseline -0.003 -6"><span class='ocrx_word' id='word_1_354' title='bbox 1188 970 1348 1005; x_wconf 88' lang='lat' dir='ltr'>doctorem</span> <span class='ocrx_word' id='word_1_355' title='bbox 1375 970 1420 1005; x_wconf 90' lang='lat' dir='ltr'>vel</span> <span class='ocrx_word' id='word_1_356' title='bbox 1444 970 1589 1005; x_wconf 89' lang='lat' dir='ltr'>doctores</span> <span class='ocrx_word' id='word_1_357' title='bbox 1613 969 1696 1004; x_wconf 90' lang='lat' dir='ltr'>illius</span> <span class='ocrx_word' id='word_1_358' title='bbox 1719 969 1887 1011; x_wconf 79' lang='lat' dir='ltr'>facultatis,</span> <span class='ocrx_word' id='word_1_359' title='bbox 1911 970 1940 1003; x_wconf 84' lang='lat' dir='ltr'>in</span> 
     </span>
     <span class='ocr_line' id='line_1_72' title="bbox 1188 1019 1942 1066; baseline -0.001 -12"><span class='ocrx_word' id='word_1_360' title='bbox 1188 1033 1248 1066; x_wconf 89' lang='lat' dir='ltr'>qua</span> <span class='ocrx_word' id='word_1_361' title='bbox 1271 1020 1460 1054; x_wconf 84' lang='lat' dir='ltr'>examinatio</span> <span class='ocrx_word' id='word_1_362' title='bbox 1483 1019 1574 1054; x_wconf 86' lang='lat' dir='ltr'>fuerit</span> <span class='ocrx_word' id='word_1_363' title='bbox 1598 1019 1750 1063; x_wconf 84' lang='lat' dir='ltr'>facienda,</span> <span class='ocrx_word' id='word_1_364' title='bbox 1766 1019 1942 1066; x_wconf 87' lang='lat' dir='ltr'>praeposito</span> 
     </span>
     <span class='ocr_line' id='line_1_73' title="bbox 1189 1069 1942 1115; baseline -0.001 -12"><span class='ocrx_word' id='word_1_365' title='bbox 1189 1069 1350 1104; x_wconf 85' lang='lat' dir='ltr'>Ecclesiae</span> <span class='ocrx_word' id='word_1_366' title='bbox 1377 1069 1591 1110; x_wconf 87' lang='lat' dir='ltr'>Coloniensis,</span> <span class='ocrx_word' id='word_1_367' title='bbox 1619 1069 1671 1115; x_wconf 90' lang='lat' dir='ltr'>qni</span> <span class='ocrx_word' id='word_1_368' title='bbox 1709 1081 1764 1115; x_wconf 91' lang='lat' dir='ltr'>pro</span> <span class='ocrx_word' id='word_1_369' title='bbox 1801 1077 1942 1115; x_wconf 90' lang='lat' dir='ltr'>tempore</span> 
     </span>
     <span class='ocr_line' id='line_1_74' title="bbox 1190 1118 1940 1165; baseline -0.001 -13"><span class='ocrx_word' id='word_1_370' title='bbox 1190 1118 1282 1153; x_wconf 85' lang='lat' dir='ltr'>fuerit</span> <span class='ocrx_word' id='word_1_371' title='bbox 1312 1118 1370 1163; x_wconf 87' lang='lat' dir='ltr'>vel,</span> <span class='ocrx_word' id='word_1_372' title='bbox 1393 1131 1429 1152; x_wconf 87' lang='lat' dir='ltr'>eo</span> <span class='ocrx_word' id='word_1_373' title='bbox 1456 1118 1596 1159; x_wconf 78' lang='lat' dir='ltr'>absente,</span> <span class='ocrx_word' id='word_1_374' title='bbox 1630 1118 1755 1158; x_wconf 84' lang='lat' dir='ltr'>idoneo,</span> <span class='ocrx_word' id='word_1_375' title='bbox 1786 1130 1880 1165; x_wconf 88' lang='lat' dir='ltr'>quem</span> <span class='ocrx_word' id='word_1_376' title='bbox 1904 1118 1940 1151; x_wconf 90' lang='lat' dir='ltr'>ad</span> 
     </span>
     <span class='ocr_line' id='line_1_75' title="bbox 1191 1167 1941 1214; baseline -0.001 -13"><span class='ocrx_word' id='word_1_377' title='bbox 1191 1168 1250 1203; x_wconf 88' lang='lat' dir='ltr'>hoc</span> <span class='ocrx_word' id='word_1_378' title='bbox 1265 1168 1346 1202; x_wconf 84' lang='lat' dir='ltr'>idem</span> <span class='ocrx_word' id='word_1_379' title='bbox 1365 1168 1560 1214; x_wconf 88' lang='lat' dir='ltr'>praepositus</span> <span class='ocrx_word' id='word_1_380' title='bbox 1575 1167 1698 1202; x_wconf 89' lang='lat' dir='ltr'>duxerit</span> <span class='ocrx_word' id='word_1_381' title='bbox 1713 1167 1941 1214; x_wconf 80' lang='lat' dir='ltr'>deputandum,</span> 
     </span>
     <span class='ocr_line' id='line_1_76' title="bbox 1192 1216 1944 1272; baseline -0.003 -20"><span class='ocrx_word' id='word_1_382' title='bbox 1192 1218 1305 1252; x_wconf 88' lang='lat' dir='ltr'>vicario</span> <span class='ocrx_word' id='word_1_383' title='bbox 1319 1217 1378 1256; x_wconf 81' lang='lat' dir='ltr'>vel,</span> <span class='ocrx_word' id='word_1_384' title='bbox 1409 1217 1625 1272; x_wconf 81' lang='lat' dir='ltr'>praepositura</span> <span class='ocrx_word' id='word_1_385' title='bbox 1654 1216 1755 1263; x_wconf 87' lang='lat' dir='ltr'>ipsius</span> <span class='ocrx_word' id='word_1_386' title='bbox 1782 1216 1944 1251; x_wconf 86' lang='lat' dir='ltr'>Ecclesiae</span> 
     </span>
     <span class='ocr_line' id='line_1_77' title="bbox 1191 1265 1945 1321; baseline -0.001 -20"><span class='ocrx_word' id='word_1_387' title='bbox 1191 1274 1331 1306; x_wconf 88' lang='lat' dir='ltr'>vacante</span> <span class='ocrx_word' id='word_1_388' title='bbox 1356 1266 1396 1300; x_wconf 92' lang='lat' dir='ltr'>illi</span> <span class='ocrx_word' id='word_1_389' title='bbox 1421 1268 1472 1321; x_wconf 84' lang='lat' dir='ltr'>qui</span> <span class='ocrx_word' id='word_1_390' title='bbox 1497 1266 1533 1300; x_wconf 87' lang='lat' dir='ltr'>ad</span> <span class='ocrx_word' id='word_1_391' title='bbox 1559 1266 1617 1300; x_wconf 85' lang='lat' dir='ltr'>hoc</span> <span class='ocrx_word' id='word_1_392' title='bbox 1641 1278 1697 1313; x_wconf 89' lang='lat' dir='ltr'>per</span> <span class='ocrx_word' id='word_1_393' title='bbox 1712 1266 1844 1300; x_wconf 88' lang='lat' dir='ltr'>dilectos</span> <span class='ocrx_word' id='word_1_394' title='bbox 1864 1265 1945 1300; x_wconf 90' lang='lat' dir='ltr'>filios</span> 
     </span>
     <span class='ocr_line' id='line_1_78' title="bbox 1191 1315 1945 1362; baseline -0.003 -12"><span class='ocrx_word' id='word_1_395' title='bbox 1191 1315 1386 1362; x_wconf 87' lang='lat' dir='ltr'>capitulum</span> <span class='ocrx_word' id='word_1_396' title='bbox 1381 1316 1479 1362; x_wconf 79' lang='lat' dir='ltr'>ipsius</span> <span class='ocrx_word' id='word_1_397' title='bbox 1494 1315 1655 1350; x_wconf 84' lang='lat' dir='ltr'>Ecclesiae</span> <span class='ocrx_word' id='word_1_398' title='bbox 1670 1315 1841 1362; x_wconf 87' lang='lat' dir='ltr'>deputatus</span> <span class='ocrx_word' id='word_1_399' title='bbox 1862 1315 1945 1349; x_wconf 87' lang='lat' dir='ltr'>exti-</span> 
     </span>
     <span class='ocr_line' id='line_1_79' title="bbox 1192 1364 1945 1412; baseline 0 -14"><span class='ocrx_word' id='word_1_400' title='bbox 1192 1374 1273 1405; x_wconf 62' lang='lat' dir='ltr'>Uisss,</span> <span class='ocrx_word' id='word_1_401' title='bbox 1298 1372 1556 1412; x_wconf 68' lang='grc' dir='ltr'><strong>Ι)Ι“ἱίθ.“ἶ8(31][θΙ][[11</strong></span> <span class='ocrx_word' id='word_1_402' title='bbox 1582 1364 1728 1411; x_wconf 69' lang='lat' dir='ltr'>ldesslqlle</span> <span class='ocrx_word' id='word_1_403' title='bbox 1746 1373 1945 1411; x_wconf 64' lang='lat' dir='ltr'>PFUCPOSUUS</span> 
     </span>
     <span class='ocr_line' id='line_1_80' title="bbox 1193 1413 1945 1460; baseline -0.001 -11"><span class='ocrx_word' id='word_1_404' title='bbox 1193 1416 1239 1449; x_wconf 91' lang='lat' dir='ltr'>vel</span> <span class='ocrx_word' id='word_1_405' title='bbox 1263 1416 1408 1457; x_wconf 87' lang='lat' dir='ltr'>vicarius,</span> <span class='ocrx_word' id='word_1_406' title='bbox 1431 1423 1484 1449; x_wconf 85' lang='lat' dir='ltr'>aut</span> <span class='ocrx_word' id='word_1_407' title='bbox 1506 1415 1691 1460; x_wconf 87' lang='lat' dir='ltr'>deputatus,</span> <span class='ocrx_word' id='word_1_408' title='bbox 1707 1421 1740 1448; x_wconf 92' lang='lat' dir='ltr'>ut</span> <span class='ocrx_word' id='word_1_409' title='bbox 1761 1413 1945 1460; x_wconf 86' lang='lat' dir='ltr'>praefertur,</span> 
     </span>
     <span class='ocr_line' id='line_1_81' title="bbox 1193 1463 1945 1510; baseline -0.003 -12"><span class='ocrx_word' id='word_1_410' title='bbox 1193 1465 1350 1510; x_wconf 76' lang='lat' dir='ltr'>magistris</span> <span class='ocrx_word' id='word_1_411' title='bbox 1373 1473 1401 1498; x_wconf 90' lang='lat' dir='ltr'>et</span> <span class='ocrx_word' id='word_1_412' title='bbox 1418 1463 1625 1499; x_wconf 88' lang='lat' dir='ltr'>doctoribus</span> <span class='ocrx_word' id='word_1_413' title='bbox 1619 1476 1648 1497; x_wconf 86' lang='grc' dir='ltr'>ιιι</span> <span class='ocrx_word' id='word_1_414' title='bbox 1668 1463 1780 1498; x_wconf 88' lang='lat' dir='ltr'>eadem</span> <span class='ocrx_word' id='word_1_415' title='bbox 1798 1463 1945 1497; x_wconf 87' lang='lat' dir='ltr'>facultate</span> 
     </span>
     <span class='ocr_line' id='line_1_82' title="bbox 1192 1512 1945 1560; baseline -0.004 -11"><span class='ocrx_word' id='word_1_416' title='bbox 1192 1523 1260 1549; x_wconf 88' lang='lat' dir='ltr'>actu</span> <span class='ocrx_word' id='word_1_417' title='bbox 1285 1514 1358 1547; x_wconf 88' lang='lat' dir='ltr'>inibi</span> <span class='ocrx_word' id='word_1_418' title='bbox 1384 1513 1566 1560; x_wconf 77' lang='lat' dir='ltr'>regentibus</span> <span class='ocrx_word' id='word_1_419' title='bbox 1588 1513 1779 1557; x_wconf 82' lang='lat' dir='ltr'>convocatis,</span> <span class='ocrx_word' id='word_1_420' title='bbox 1808 1512 1878 1546; x_wconf 88' lang='lat' dir='ltr'>illos</span> <span class='ocrx_word' id='word_1_421' title='bbox 1900 1512 1945 1547; x_wconf 92' lang='lat' dir='ltr'>sic</span> 
     </span>
     <span class='ocr_line' id='line_1_83' title="bbox 1195 1563 1947 1611; baseline -0.004 -13"><span class='ocrx_word' id='word_1_422' title='bbox 1195 1571 1408 1611; x_wconf 83' lang='lat' dir='ltr'>praesentatos</span> <span class='ocrx_word' id='word_1_423' title='bbox 1434 1564 1463 1597; x_wconf 89' lang='lat' dir='ltr'>in</span> <span class='ocrx_word' id='word_1_424' title='bbox 1484 1563 1533 1604; x_wconf 84' lang='lat' dir='ltr'>iis,</span> <span class='ocrx_word' id='word_1_425' title='bbox 1555 1574 1636 1608; x_wconf 83' lang='lat' dir='ltr'>quae</span> <span class='ocrx_word' id='word_1_426' title='bbox 1658 1563 1741 1597; x_wconf 88' lang='lat' dir='ltr'>circa</span> <span class='ocrx_word' id='word_1_427' title='bbox 1759 1574 1947 1608; x_wconf 86' lang='lat' dir='ltr'>promoven-</span> 
     </span>
     <span class='ocr_line' id='line_1_84' title="bbox 1193 1611 1945 1659; baseline -0.003 -12"><span class='ocrx_word' id='word_1_428' title='bbox 1193 1613 1250 1648; x_wconf 91' lang='lat' dir='ltr'>dos</span> <span class='ocrx_word' id='word_1_429' title='bbox 1264 1613 1301 1647; x_wconf 89' lang='lat' dir='ltr'>ad</span> <span class='ocrx_word' id='word_1_430' title='bbox 1318 1612 1489 1659; x_wconf 81' lang='lat' dir='ltr'>magisterii</span> <span class='ocrx_word' id='word_1_431' title='bbox 1517 1624 1572 1646; x_wconf 87' lang='lat' dir='ltr'>seu</span> <span class='ocrx_word' id='word_1_432' title='bbox 1594 1611 1772 1646; x_wconf 85' lang='lat' dir='ltr'>doctoratus</span> <span class='ocrx_word' id='word_1_433' title='bbox 1794 1611 1945 1645; x_wconf 88' lang='lat' dir='ltr'>honorem</span> 
     </span>
     <span class='ocr_line' id='line_1_85' title="bbox 1195 1660 1949 1709; baseline -0.003 -13"><span class='ocrx_word' id='word_1_434' title='bbox 1195 1662 1411 1709; x_wconf 87' lang='lat' dir='ltr'>requiruntur,</span> <span class='ocrx_word' id='word_1_435' title='bbox 1435 1663 1519 1696; x_wconf 81' lang='lat' dir='ltr'>iuxta</span> <span class='ocrx_word' id='word_1_436' title='bbox 1536 1660 1664 1695; x_wconf 92' lang='lat' dir='ltr'>modum</span> <span class='ocrx_word' id='word_1_437' title='bbox 1692 1669 1722 1695; x_wconf 91' lang='lat' dir='ltr'>et</span> <span class='ocrx_word' id='word_1_438' title='bbox 1744 1660 1949 1695; x_wconf 89' lang='lat' dir='ltr'>consuetudi-</span> 
     </span>
     <span class='ocr_line' id='line_1_86' title="bbox 1196 1710 1948 1758; baseline -0.001 -13"><span class='ocrx_word' id='word_1_439' title='bbox 1196 1724 1278 1750; x_wconf 86' lang='lat' dir='ltr'>nem,</span> <span class='ocrx_word' id='word_1_440' title='bbox 1301 1723 1382 1758; x_wconf 89' lang='lat' dir='ltr'>quae</span> <span class='ocrx_word' id='word_1_441' title='bbox 1399 1712 1479 1745; x_wconf 88' lang='lat' dir='ltr'>circa</span> <span class='ocrx_word' id='word_1_442' title='bbox 1494 1710 1758 1745; x_wconf 89' lang='lat' dir='ltr'>consuetudinem</span> <span class='ocrx_word' id='word_1_443' title='bbox 1786 1722 1868 1756; x_wconf 87' lang='lat' dir='ltr'>quae</span> <span class='ocrx_word' id='word_1_444' title='bbox 1903 1712 1948 1754; x_wconf 79' lang='lat'>(1)</span> 
     </span>
     <span class='ocr_line' id='line_1_87' title="bbox 1194 1758 1950 1808; baseline -0.004 -12"><span class='ocrx_word' id='word_1_445' title='bbox 1194 1773 1289 1808; x_wconf 85' lang='lat' dir='ltr'>super</span> <span class='ocrx_word' id='word_1_446' title='bbox 1312 1761 1363 1795; x_wconf 87' lang='lat' dir='ltr'>tali</span> <span class='ocrx_word' id='word_1_447' title='bbox 1387 1761 1416 1794; x_wconf 91' lang='lat' dir='ltr'>in</span> <span class='ocrx_word' id='word_1_448' title='bbox 1441 1759 1644 1807; x_wconf 84' lang='lat' dir='ltr'>generalibus</span> <span class='ocrx_word' id='word_1_449' title='bbox 1679 1758 1800 1794; x_wconf 88' lang='lat' dir='ltr'>Studiis</span> <span class='ocrx_word' id='word_1_450' title='bbox 1838 1759 1950 1794; x_wconf 90' lang='lat' dir='ltr'>obser-</span> 
     </span>
     <span class='ocr_line' id='line_1_88' title="bbox 1197 1808 1949 1851; baseline -0.004 -6"><span class='ocrx_word' id='word_1_451' title='bbox 1197 1819 1318 1850; x_wconf 83' lang='lat' dir='ltr'>vantur,</span> <span class='ocrx_word' id='word_1_452' title='bbox 1347 1810 1530 1851; x_wconf 87' lang='lat' dir='ltr'>observatis,</span> <span class='ocrx_word' id='word_1_453' title='bbox 1553 1809 1734 1844; x_wconf 83' lang='lat' dir='ltr'>examinare</span> <span class='ocrx_word' id='word_1_454' title='bbox 1756 1808 1879 1843; x_wconf 86' lang='lat' dir='ltr'>studeat</span> <span class='ocrx_word' id='word_1_455' title='bbox 1901 1809 1949 1842; x_wconf 92' lang='lat' dir='ltr'>di—</span> 
     </span>
     <span class='ocr_line' id='line_1_89' title="bbox 1196 1858 1951 1907; baseline -0.004 -12"><span class='ocrx_word' id='word_1_456' title='bbox 1196 1861 1342 1907; x_wconf 82' lang='lat' dir='ltr'>ligenter,</span> <span class='ocrx_word' id='word_1_457' title='bbox 1369 1861 1490 1906; x_wconf 86' lang='lat' dir='ltr'>eisque,</span> <span class='ocrx_word' id='word_1_458' title='bbox 1519 1859 1544 1894; x_wconf 90' lang='lat' dir='ltr'>si</span> <span class='ocrx_word' id='word_1_459' title='bbox 1568 1858 1606 1894; x_wconf 89' lang='lat' dir='ltr'>ad</span> <span class='ocrx_word' id='word_1_460' title='bbox 1629 1858 1690 1894; x_wconf 86' lang='lat' dir='ltr'>hoc</span> <span class='ocrx_word' id='word_1_461' title='bbox 1712 1858 1906 1893; x_wconf 85' lang='lat' dir='ltr'>sufficientes</span> <span class='ocrx_word' id='word_1_462' title='bbox 1921 1866 1951 1893; x_wconf 89' lang='lat' dir='ltr'>et</span> 
     </span>
     <span class='ocr_line' id='line_1_90' title="bbox 1198 1907 1951 1957; baseline -0.004 -13"><span class='ocrx_word' id='word_1_463' title='bbox 1198 1910 1301 1945; x_wconf 85' lang='lat' dir='ltr'>idonei</span> <span class='ocrx_word' id='word_1_464' title='bbox 1330 1910 1445 1957; x_wconf 88' lang='lat' dir='ltr'>reperti</span> <span class='ocrx_word' id='word_1_465' title='bbox 1470 1909 1604 1952; x_wconf 88' lang='lat' dir='ltr'>fuerint,</span> <span class='ocrx_word' id='word_1_466' title='bbox 1635 1907 1818 1943; x_wconf 86' lang='lat' dir='ltr'>huiusmodi</span> <span class='ocrx_word' id='word_1_467' title='bbox 1847 1907 1951 1942; x_wconf 90' lang='lat' dir='ltr'>licen—</span> 
     </span>
     <span class='ocr_line' id='line_1_91' title="bbox 1198 1957 1952 2005; baseline -0.004 -11"><span class='ocrx_word' id='word_1_468' title='bbox 1198 1961 1270 1994; x_wconf 89' lang='lat' dir='ltr'>tiam</span> <span class='ocrx_word' id='word_1_469' title='bbox 1295 1959 1422 1999; x_wconf 88' lang='lat' dir='ltr'>tribuat,</span> <span class='ocrx_word' id='word_1_470' title='bbox 1444 1969 1475 1993; x_wconf 89' lang='lat' dir='ltr'>et</span> <span class='ocrx_word' id='word_1_471' title='bbox 1498 1958 1669 2005; x_wconf 79' lang='lat' dir='ltr'>magisterii</span> <span class='ocrx_word' id='word_1_472' title='bbox 1692 1970 1746 1993; x_wconf 89' lang='lat' dir='ltr'>seu</span> <span class='ocrx_word' id='word_1_473' title='bbox 1770 1957 1952 1992; x_wconf 84' lang='lat' dir='ltr'>doctoratus</span> 
     </span>
     <span class='ocr_line' id='line_1_92' title="bbox 1197 2007 1875 2053; baseline -0.004 -10"><span class='ocrx_word' id='word_1_474' title='bbox 1197 2010 1351 2045; x_wconf 90' lang='lat' dir='ltr'>honorem</span> <span class='ocrx_word' id='word_1_475' title='bbox 1374 2008 1514 2043; x_wconf 83' lang='lat' dir='ltr'>conferat</span> <span class='ocrx_word' id='word_1_476' title='bbox 1535 2015 1566 2042; x_wconf 87' lang='lat' dir='ltr'>et</span> <span class='ocrx_word' id='word_1_477' title='bbox 1588 2008 1680 2042; x_wconf 88' lang='lat' dir='ltr'>etiam</span> <span class='ocrx_word' id='word_1_478' title='bbox 1711 2007 1875 2053; x_wconf 81' lang='lat' dir='ltr'>largiatur.</span> 
     </span>
    </p>

    <p class='ocr_par' dir='ltr' id='par_1_14' title="bbox 1199 2055 1958 2550">
     <span class='ocr_line' id='line_1_93' title="bbox 1247 2055 1953 2104; baseline -0.003 -12"><span class='ocrx_word' id='word_1_479' title='bbox 1247 2064 1262 2102; x_wconf 60' lang='grc' dir='ltr'>ἕ</span> <span class='ocrx_word' id='word_1_480' title='bbox 1287 2061 1318 2093; x_wconf 72' lang='lat'>4.</span> <span class='ocrx_word' id='word_1_481' title='bbox 1343 2057 1389 2092; x_wconf 91' lang='lat' dir='ltr'>llli</span> <span class='ocrx_word' id='word_1_482' title='bbox 1412 2070 1497 2101; x_wconf 87' lang='lat' dir='ltr'>vero,</span> <span class='ocrx_word' id='word_1_483' title='bbox 1516 2057 1578 2104; x_wconf 83' lang='lat' dir='ltr'>qui.</span> <span class='ocrx_word' id='word_1_484' title='bbox 1594 2057 1624 2091; x_wconf 93' lang='lat' dir='ltr'>in</span> <span class='ocrx_word' id='word_1_485' title='bbox 1647 2057 1760 2092; x_wconf 90' lang='lat' dir='ltr'>eodem</span> <span class='ocrx_word' id='word_1_486' title='bbox 1777 2056 1890 2091; x_wconf 88' lang='lat' dir='ltr'>Studio</span> <span class='ocrx_word' id='word_1_487' title='bbox 1904 2055 1953 2090; x_wconf 91' lang='lat' dir='ltr'>di-</span> 
     </span>
     <span class='ocr_line' id='line_1_94' title="bbox 1199 2105 1953 2153; baseline -0.004 -11"><span class='ocrx_word' id='word_1_488' title='bbox 1199 2116 1266 2143; x_wconf 88' lang='lat' dir='ltr'>ctae</span> <span class='ocrx_word' id='word_1_489' title='bbox 1279 2107 1414 2142; x_wconf 88' lang='lat' dir='ltr'>civitatis</span> <span class='ocrx_word' id='word_1_490' title='bbox 1424 2107 1593 2142; x_wconf 87' lang='lat' dir='ltr'>examinati</span> <span class='ocrx_word' id='word_1_491' title='bbox 1607 2106 1811 2153; x_wconf 86' lang='lat' dir='ltr'>etapprobati</span> <span class='ocrx_word' id='word_1_492' title='bbox 1826 2105 1953 2145; x_wconf 87' lang='lat' dir='ltr'>fuerint,</span> 
     </span>
     <span class='ocr_line' id='line_1_95' title="bbox 1199 2155 1956 2193; baseline -0.004 -1"><span class='ocrx_word' id='word_1_493' title='bbox 1199 2171 1234 2193; x_wconf 90' lang='lat' dir='ltr'>ac</span> <span class='ocrx_word' id='word_1_494' title='bbox 1256 2157 1388 2192; x_wconf 89' lang='lat' dir='ltr'>docendi</span> <span class='ocrx_word' id='word_1_495' title='bbox 1418 2156 1575 2191; x_wconf 85' lang='lat' dir='ltr'>licentiam</span> <span class='ocrx_word' id='word_1_496' title='bbox 1604 2164 1635 2190; x_wconf 88' lang='lat' dir='ltr'>et</span> <span class='ocrx_word' id='word_1_497' title='bbox 1663 2156 1814 2190; x_wconf 91' lang='lat' dir='ltr'>honorem</span> <span class='ocrx_word' id='word_1_498' title='bbox 1843 2155 1956 2189; x_wconf 90' lang='lat' dir='ltr'>huius-</span> 
     </span>
     <span class='ocr_line' id='line_1_96' title="bbox 1202 2205 1956 2249; baseline -0.004 -8"><span class='ocrx_word' id='word_1_499' title='bbox 1202 2207 1285 2242; x_wconf 86' lang='lat' dir='ltr'>modi</span> <span class='ocrx_word' id='word_1_500' title='bbox 1308 2206 1512 2247; x_wconf 87' lang='lat' dir='ltr'>obtinuerint,</span> <span class='ocrx_word' id='word_1_501' title='bbox 1537 2214 1570 2241; x_wconf 90' lang='lat' dir='ltr'>ut</span> <span class='ocrx_word' id='word_1_502' title='bbox 1591 2213 1639 2240; x_wconf 89' lang='lat' dir='ltr'>est</span> <span class='ocrx_word' id='word_1_503' title='bbox 1665 2205 1799 2249; x_wconf 86' lang='lat' dir='ltr'>dictum,</span> <span class='ocrx_word' id='word_1_504' title='bbox 1815 2217 1853 2239; x_wconf 79' lang='lat' dir='ltr'>ex</span> <span class='ocrx_word' id='word_1_505' title='bbox 1881 2212 1956 2239; x_wconf 88' lang='lat' dir='ltr'>tunc</span> 
     </span>
     <span class='ocr_line' id='line_1_97' title="bbox 1199 2253 1956 2310; baseline -0.004 -18.996"><span class='ocrx_word' id='word_1_506' title='bbox 1199 2257 1319 2303; x_wconf 86' lang='lat' dir='ltr'>absque</span> <span class='ocrx_word' id='word_1_507' title='bbox 1351 2256 1496 2291; x_wconf 82' lang='lat' dir='ltr'>examine</span> <span class='ocrx_word' id='word_1_508' title='bbox 1523 2264 1555 2290; x_wconf 87' lang='lat' dir='ltr'>et</span> <span class='ocrx_word' id='word_1_509' title='bbox 1579 2255 1806 2310; x_wconf 80' lang='lat' dir='ltr'>approbatione</span> <span class='ocrx_word' id='word_1_510' title='bbox 1828 2254 1885 2289; x_wconf 88' lang='lat' dir='ltr'>alia</span> <span class='ocrx_word' id='word_1_511' title='bbox 1909 2253 1956 2288; x_wconf 87' lang='lat' dir='ltr'>le-</span> 
     </span>
     <span class='ocr_line' id='line_1_98' title="bbox 1200 2303 1955 2353; baseline -0.005 -11.968"><span class='ocrx_word' id='word_1_512' title='bbox 1200 2306 1294 2353; x_wconf 80' lang='lat' dir='ltr'>gendi</span> <span class='ocrx_word' id='word_1_513' title='bbox 1311 2314 1341 2340; x_wconf 88' lang='lat' dir='ltr'>et</span> <span class='ocrx_word' id='word_1_514' title='bbox 1356 2305 1489 2341; x_wconf 86' lang='lat' dir='ltr'>docendi</span> <span class='ocrx_word' id='word_1_515' title='bbox 1513 2313 1575 2339; x_wconf 88' lang='lat' dir='ltr'>tam</span> <span class='ocrx_word' id='word_1_516' title='bbox 1600 2306 1629 2339; x_wconf 90' lang='lat' dir='ltr'>in</span> <span class='ocrx_word' id='word_1_517' title='bbox 1646 2305 1769 2339; x_wconf 87' lang='lat' dir='ltr'>civitate</span> <span class='ocrx_word' id='word_1_518' title='bbox 1785 2303 1955 2351; x_wconf 84' lang='lat' dir='ltr'>praedicta,</span> 
     </span>
     <span class='ocr_line' id='line_1_99' title="bbox 1200 2352 1955 2409; baseline -0.003 -20"><span class='ocrx_word' id='word_1_519' title='bbox 1200 2368 1295 2409; x_wconf 83' lang='lat' dir='ltr'>quam</span> <span class='ocrx_word' id='word_1_520' title='bbox 1315 2357 1345 2389; x_wconf 91' lang='lat' dir='ltr'>in</span> <span class='ocrx_word' id='word_1_521' title='bbox 1366 2355 1498 2400; x_wconf 83' lang='lat' dir='ltr'>siugulis</span> <span class='ocrx_word' id='word_1_522' title='bbox 1512 2354 1582 2389; x_wconf 90' lang='lat' dir='ltr'>aliis</span> <span class='ocrx_word' id='word_1_523' title='bbox 1600 2354 1801 2401; x_wconf 82' lang='lat' dir='ltr'>generalibus</span> <span class='ocrx_word' id='word_1_524' title='bbox 1816 2352 1955 2392; x_wconf 89' lang='lat' dir='ltr'>Studiis</span> 
     </span>
     <span class='ocr_line' id='line_1_100' title="bbox 1203 2403 1956 2451; baseline -0.001 -14"><span class='ocrx_word' id='word_1_525' title='bbox 1203 2418 1231 2438; x_wconf 88' lang='lat' dir='ltr'>m</span> <span class='ocrx_word' id='word_1_526' title='bbox 1255 2405 1372 2451; x_wconf 88' lang='lat' dir='ltr'>quibus</span> <span class='ocrx_word' id='word_1_527' title='bbox 1396 2404 1551 2439; x_wconf 77' lang='lat' dir='ltr'>voluerint</span> <span class='ocrx_word' id='word_1_528' title='bbox 1574 2403 1680 2450; x_wconf 83' lang='lat' dir='ltr'>legere</span> <span class='ocrx_word' id='word_1_529' title='bbox 1696 2411 1725 2437; x_wconf 91' lang='lat' dir='ltr'>et</span> <span class='ocrx_word' id='word_1_530' title='bbox 1745 2403 1872 2445; x_wconf 87' lang='lat' dir='ltr'>docere,</span> <span class='ocrx_word' id='word_1_531' title='bbox 1890 2411 1956 2437; x_wconf 86' lang='lat' dir='ltr'>sta-</span> 
     </span>
     <span class='ocr_line' id='line_1_101' title="bbox 1203 2453 1957 2498; baseline -0.001 -11"><span class='ocrx_word' id='word_1_532' title='bbox 1203 2454 1277 2488; x_wconf 87' lang='lat' dir='ltr'>tutis</span> <span class='ocrx_word' id='word_1_533' title='bbox 1293 2463 1322 2488; x_wconf 88' lang='lat' dir='ltr'>et</span> <span class='ocrx_word' id='word_1_534' title='bbox 1337 2453 1628 2488; x_wconf 76' lang='lat' dir='ltr'>consuetudinibus</span> <span class='ocrx_word' id='word_1_535' title='bbox 1650 2453 1817 2488; x_wconf 86' lang='lat' dir='ltr'>contrariis</span> <span class='ocrx_word' id='word_1_536' title='bbox 1834 2459 1957 2498; x_wconf 85' lang='lat' dir='ltr'>aposto-</span> 
     </span>
     <span class='ocr_line' id='line_1_102' title="bbox 1202 2500 1958 2550; baseline -0.003 -13"><span class='ocrx_word' id='word_1_537' title='bbox 1202 2503 1260 2537; x_wconf 91' lang='lat' dir='ltr'>lica</span> <span class='ocrx_word' id='word_1_538' title='bbox 1290 2503 1334 2538; x_wconf 88' lang='lat' dir='ltr'>vel</span> <span class='ocrx_word' id='word_1_539' title='bbox 1362 2515 1564 2550; x_wconf 84' lang='lat' dir='ltr'>quacumque</span> <span class='ocrx_word' id='word_1_540' title='bbox 1597 2503 1742 2537; x_wconf 84' lang='lat' dir='ltr'>firmitate</span> <span class='ocrx_word' id='word_1_541' title='bbox 1775 2501 1833 2536; x_wconf 89' lang='lat' dir='ltr'>alia</span> <span class='ocrx_word' id='word_1_542' title='bbox 1863 2500 1958 2536; x_wconf 92' lang='lat' dir='ltr'>robo-</span> 
     </span>
    </p>
   </div>
   <div class='ocr_carea' id='block_1_11' title="bbox 1202 2576 1959 2692">
    <p class='ocr_par' dir='ltr' id='par_1_15' title="bbox 1202 2576 1959 2692">
     <span class='ocr_line' id='line_1_103' title="bbox 1237 2576 1959 2613; baseline -0.004 -9"><span class='ocrx_word' id='word_1_543' title='bbox 1237 2578 1276 2611; x_wconf 89' lang='lat' dir='ltr'>(l)</span> <span class='ocrx_word' id='word_1_544' title='bbox 1289 2578 1434 2613; x_wconf 80' lang='lat' dir='ltr'>Duplicata,</span> <span class='ocrx_word' id='word_1_545' title='bbox 1448 2578 1505 2604; x_wconf 82' lang='lat' dir='ltr'>ideo</span> <span class='ocrx_word' id='word_1_546' title='bbox 1514 2577 1599 2604; x_wconf 87' lang='lat' dir='ltr'>omitt.</span> <span class='ocrx_word' id='word_1_547' title='bbox 1613 2580 1670 2611; x_wconf 78' lang='lat' dir='ltr'>put.</span> <span class='ocrx_word' id='word_1_548' title='bbox 1683 2576 1762 2602; x_wconf 79' lang='lat' dir='ltr'>verba</span> <span class='ocrx_word' id='word_1_549' title='bbox 1774 2578 1844 2602; x_wconf 81' lang='lat' dir='ltr'>circa</span> <span class='ocrx_word' id='word_1_550' title='bbox 1852 2583 1959 2602; x_wconf 74' lang='lat' dir='ltr'>consue-</span> 
     </span>
     <span class='ocr_line' id='line_1_104' title="bbox 1204 2615 1957 2651; baseline -0.003 -8"><span class='ocrx_word' id='word_1_551' title='bbox 1204 2619 1318 2643; x_wconf 73' lang='lat' dir='ltr'>tudinem</span> <span class='ocrx_word' id='word_1_552' title='bbox 1332 2627 1405 2649; x_wconf 70' lang='grc' dir='ltr'>ιμιιιο,</span> <span class='ocrx_word' id='word_1_553' title='bbox 1421 2617 1485 2643; x_wconf 85' lang='lat' dir='ltr'>Vide</span> <span class='ocrx_word' id='word_1_554' title='bbox 1506 2617 1630 2651; x_wconf 84' lang='lat' dir='ltr'>superius</span> <span class='ocrx_word' id='word_1_555' title='bbox 1650 2616 1737 2643; x_wconf 85' lang='lat' dir='ltr'>locum</span> <span class='ocrx_word' id='word_1_556' title='bbox 1759 2615 1912 2651; x_wconf 83' lang='lat' dir='ltr'>parallelum</span> <span class='ocrx_word' id='word_1_557' title='bbox 1933 2615 1957 2641; x_wconf 92' lang='lat' dir='ltr'>in</span> 
     </span>
     <span class='ocr_line' id='line_1_105' title="bbox 1202 2657 1654 2692; baseline -0.002 -9"><span class='ocrx_word' id='word_1_558' title='bbox 1202 2657 1292 2684; x_wconf 84' lang='lat' dir='ltr'>Const.</span> <span class='ocrx_word' id='word_1_559' title='bbox 1314 2658 1344 2684; x_wconf 97' lang='lat' dir='ltr'>lV</span> <span class='ocrx_word' id='word_1_560' title='bbox 1364 2657 1428 2684; x_wconf 89' lang='lat' dir='ltr'>Urb.</span> <span class='ocrx_word' id='word_1_561' title='bbox 1449 2658 1493 2690; x_wconf 85' lang='lat' dir='ltr'>vt,</span> <span class='ocrx_word' id='word_1_562' title='bbox 1514 2665 1573 2692; x_wconf 76' lang='lat' dir='ltr'>pag.</span> <span class='ocrx_word' id='word_1_563' title='bbox 1593 2657 1654 2683; x_wconf 78' lang='lat'>585.</span> 
     </span>
    </p>
   </div>
   <div class='ocr_carea' id='block_1_12' title="bbox 1951 275 2133 302">
    <p class='ocr_par' dir='ltr' id='par_1_16' title="bbox 1951 275 2133 302">
     <span class='ocr_line' id='line_1_106' title="bbox 1951 275 2133 302; baseline -0.005 0"><span class='ocrx_word' id='word_1_564' title='bbox 1951 278 1997 302; x_wconf 77' lang='lat' dir='ltr'>Au.</span> <span class='ocrx_word' id='word_1_565' title='bbox 2017 276 2043 302; x_wconf 91' lang='lat' dir='ltr'>C.</span> <span class='ocrx_word' id='word_1_566' title='bbox 2067 275 2133 302; x_wconf 77' lang='lat'>1588</span> 
     </span>
    </p>
   </div>
   <div class='ocr_carea' id='block_1_13' title="bbox 1965 444 2132 464">
    <p class='ocr_par' dir='ltr' id='par_1_17' title="bbox 1965 444 2132 464">
     <span class='ocr_line' id='line_1_107' title="bbox 1965 444 2132 464; baseline -0.006 0"><span class='ocrx_word' id='word_1_567' title='bbox 1965 444 1992 464; x_wconf 68' lang='lat' dir='ltr'>Da</span> <span class='ocrx_word' id='word_1_568' title='bbox 2006 444 2132 463; x_wconf 64' lang='lat' dir='ltr'>latur-audi«.</span> 
     </span>
    </p>
   </div>
   <div class='ocr_carea' id='block_1_14' title="bbox 1968 2062 2150 2121">
    <p class='ocr_par' dir='ltr' id='par_1_18' title="bbox 1968 2062 2150 2121">
     <span class='ocr_line' id='line_1_108' title="bbox 1987 2062 2150 2082; baseline -0.006 0"><span class='ocrx_word' id='word_1_569' title='bbox 1987 2062 2150 2082; x_wconf 56' lang='lat' dir='ltr'>taeenti-uorum</span> 
     </span>
     <span class='ocr_line' id='line_1_109' title="bbox 1968 2093 2084 2121; baseline -0.026 -7"><span class='ocrx_word' id='word_1_570' title='bbox 1968 2093 2084 2121; x_wconf 68' lang='lat' dir='ltr'>privilegiu.</span> 
     </span>
    </p>
   </div>
  </div>
 </body>
</html>
