<?xml version="1.0" encoding="UTF-8"?>
<!DOCTYPE html PUBLIC "-//W3C//DTD XHTML 1.0 Transitional//EN"
    "http://www.w3.org/TR/xhtml1/DTD/xhtml1-transitional.dtd">
<html xmlns="http://www.w3.org/1999/xhtml" xml:lang="en" lang="en">
 <head>
  <title>
</title>
<meta http-equiv="Content-Type" content="text/html;charset=utf-8" />
  <meta name='ocr-system' content='tesseract 3.04.00' />
  <meta name='ocr-capabilities' content='ocr_page ocr_carea ocr_par ocr_line ocrx_word'/>
</head>
<body>
  <div class='ocr_page' id='page_1' title='image "./bullarumdiplomat04cath_0249.png"; bbox 0 0 2274 3265; ppageno 0'>
   <div class='ocr_carea' id='block_1_1' title="bbox 49 1022 281 1073">
    <p class='ocr_par' dir='ltr' id='par_1_1' title="bbox 49 1022 281 1073">
     <span class='ocr_line' id='line_1_1' title="bbox 49 1022 281 1073; baseline 0 -7"><span class='ocrx_word' id='word_1_1' title='bbox 49 1062 52 1065; x_wconf 71' lang='grc'><strong><em>,</em></strong></span> <span class='ocrx_word' id='word_1_2' title='bbox 97 1048 142 1067; x_wconf 68' lang='lat' dir='ltr'>einr</span> <span class='ocrx_word' id='word_1_3' title='bbox 148 1022 281 1073; x_wconf 68' lang='lat' dir='ltr'>sepiilchriini</span> 
     </span>
    </p>
   </div>
   <div class='ocr_carea' id='block_1_2' title="bbox 5 2115 20 3262">
    <p class='ocr_par' dir='ltr' id='par_1_2' title="bbox 5 2115 20 3262">
     <span class='ocr_line' id='line_1_2' title="bbox 5 2115 20 3262; baseline 0 0"><span class='ocrx_word' id='word_1_4' title='bbox 5 2115 20 3262; x_wconf 95' lang='lat' dir='ltr'> </span> 
     </span>
    </p>
   </div>
   <div class='ocr_carea' id='block_1_3' title="bbox 101 269 284 297">
    <p class='ocr_par' dir='ltr' id='par_1_3' title="bbox 101 269 284 297">
     <span class='ocr_line' id='line_1_3' title="bbox 101 269 284 297; baseline -0.005 0"><span class='ocrx_word' id='word_1_5' title='bbox 101 270 153 297; x_wconf 62' lang='lat' dir='ltr'>An.</span> <span class='ocrx_word' id='word_1_6' title='bbox 169 269 197 296; x_wconf 91' lang='lat' dir='ltr'>C.</span> <span class='ocrx_word' id='word_1_7' title='bbox 220 269 284 296; x_wconf 78' lang='lat' dir='ltr'>15t7</span> 
     </span>
    </p>
   </div>
   <div class='ocr_carea' id='block_1_4' title="bbox 98 323 1053 1953">
    <p class='ocr_par' dir='ltr' id='par_1_4' title="bbox 298 323 1049 409">
     <span class='ocr_line' id='line_1_4' title="bbox 300 323 1049 372; baseline 0 -14"><span class='ocrx_word' id='word_1_8' title='bbox 300 336 369 358; x_wconf 90' lang='lat' dir='ltr'>rum</span> <span class='ocrx_word' id='word_1_9' title='bbox 397 323 615 360; x_wconf 77' lang='lat' dir='ltr'>confessorum</span> <span class='ocrx_word' id='word_1_10' title='bbox 638 324 802 372; x_wconf 74' lang='lat' dir='ltr'>cathalogo</span> <span class='ocrx_word' id='word_1_11' title='bbox 829 325 978 361; x_wconf 88' lang='lat' dir='ltr'>duximus</span> <span class='ocrx_word' id='word_1_12' title='bbox 996 324 1049 360; x_wconf 89' lang='lat' dir='ltr'>ad-</span> 
     </span>
     <span class='ocr_line' id='line_1_5' title="bbox 298 373 513 409; baseline 0 -1"><span class='ocrx_word' id='word_1_13' title='bbox 298 373 513 409; x_wconf 88' lang='lat' dir='ltr'>scribendum.</span> 
     </span>
    </p>

    <p class='ocr_par' dir='ltr' id='par_1_5' title="bbox 296 422 1049 953">
     <span class='ocr_line' id='line_1_6' title="bbox 347 422 1046 470; baseline 0 -12"><span class='ocrx_word' id='word_1_14' title='bbox 347 422 443 470; x_wconf 69' lang='lat'>550.</span> <span class='ocrx_word' id='word_1_15' title='bbox 471 423 612 470; x_wconf 82' lang='lat' dir='ltr'>Ideoque</span> <span class='ocrx_word' id='word_1_16' title='bbox 645 423 877 459; x_wconf 87' lang='lat' dir='ltr'>universitatem</span> <span class='ocrx_word' id='word_1_17' title='bbox 914 432 1046 459; x_wconf 90' lang='lat' dir='ltr'>vestram</span> 
     </span>
     <span class='ocr_line' id='line_1_7' title="bbox 300 473 1047 520; baseline 0 -13"><span class='ocrx_word' id='word_1_18' title='bbox 300 485 466 508; x_wconf 90' lang='lat' dir='ltr'>monemus</span> <span class='ocrx_word' id='word_1_19' title='bbox 488 481 518 508; x_wconf 90' lang='lat' dir='ltr'>et</span> <span class='ocrx_word' id='word_1_20' title='bbox 533 473 736 508; x_wconf 73' lang='lat' dir='ltr'><strong>exhortamur</strong></span> <span class='ocrx_word' id='word_1_21' title='bbox 753 481 882 517; x_wconf 83' lang='lat' dir='ltr'>attente,</span> <span class='ocrx_word' id='word_1_22' title='bbox 905 486 959 519; x_wconf 89' lang='lat' dir='ltr'>per</span> <span class='ocrx_word' id='word_1_23' title='bbox 977 485 1047 520; x_wconf 87' lang='lat' dir='ltr'>apo-</span> 
     </span>
     <span class='ocr_line' id='line_1_8' title="bbox 299 521 1048 570; baseline 0.003 -15"><span class='ocrx_word' id='word_1_24' title='bbox 299 523 407 557; x_wconf 76' lang='lat' dir='ltr'>stolica</span> <span class='ocrx_word' id='word_1_25' title='bbox 443 523 557 569; x_wconf 87' lang='lat' dir='ltr'>scripta</span> <span class='ocrx_word' id='word_1_26' title='bbox 580 521 669 557; x_wconf 90' lang='lat' dir='ltr'>vobis</span> <span class='ocrx_word' id='word_1_27' title='bbox 703 522 927 570; x_wconf 89' lang='lat' dir='ltr'>praecipiendo</span> <span class='ocrx_word' id='word_1_28' title='bbox 956 535 1048 557; x_wconf 89' lang='lat' dir='ltr'>man-</span> 
     </span>
     <span class='ocr_line' id='line_1_9' title="bbox 297 571 1049 619; baseline 0.004 -16"><span class='ocrx_word' id='word_1_29' title='bbox 297 571 419 613; x_wconf 78' lang='lat' dir='ltr'>dantes,</span> <span class='ocrx_word' id='word_1_30' title='bbox 447 580 604 619; x_wconf 88' lang='lat' dir='ltr'>quatenus</span> <span class='ocrx_word' id='word_1_31' title='bbox 631 571 869 618; x_wconf 88' lang='lat' dir='ltr'>quartodecimo</span> <span class='ocrx_word' id='word_1_32' title='bbox 892 572 1049 606; x_wconf 84' lang='lat' dir='ltr'>kalenda—</span> 
     </span>
     <span class='ocr_line' id='line_1_10' title="bbox 298 620 1049 668; baseline 0 -12"><span class='ocrx_word' id='word_1_33' title='bbox 298 635 365 657; x_wconf 83' lang='lat' dir='ltr'>rum</span> <span class='ocrx_word' id='word_1_34' title='bbox 397 621 624 668; x_wconf 72' lang='lat' dir='ltr'><strong>septembrium</strong></span> <span class='ocrx_word' id='word_1_35' title='bbox 657 620 772 656; x_wconf 79' lang='lat' dir='ltr'>festum</span> <span class='ocrx_word' id='word_1_36' title='bbox 804 621 945 656; x_wconf 88' lang='lat' dir='ltr'>eiusdem</span> <span class='ocrx_word' id='word_1_37' title='bbox 980 622 1049 668; x_wconf 90' lang='lat' dir='ltr'>epi-</span> 
     </span>
     <span class='ocr_line' id='line_1_11' title="bbox 296 670 1049 719; baseline -0.001 -13"><span class='ocrx_word' id='word_1_38' title='bbox 296 672 383 719; x_wconf 84' lang='lat' dir='ltr'>scopi</span> <span class='ocrx_word' id='word_1_39' title='bbox 427 679 458 705; x_wconf 89' lang='lat' dir='ltr'>et</span> <span class='ocrx_word' id='word_1_40' title='bbox 501 670 689 706; x_wconf 83' lang='lat' dir='ltr'>confessoris</span> <span class='ocrx_word' id='word_1_41' title='bbox 729 671 843 706; x_wconf 85' lang='lat' dir='ltr'>devote</span> <span class='ocrx_word' id='word_1_42' title='bbox 883 671 1049 706; x_wconf 85' lang='lat' dir='ltr'>celebretis</span> 
     </span>
     <span class='ocr_line' id='line_1_12' title="bbox 296 720 1048 765; baseline 0 -9"><span class='ocrx_word' id='word_1_43' title='bbox 296 721 492 765; x_wconf 83' lang='lat' dir='ltr'>solemniter,</span> <span class='ocrx_word' id='word_1_44' title='bbox 517 728 547 754; x_wconf 89' lang='lat' dir='ltr'>et</span> <span class='ocrx_word' id='word_1_45' title='bbox 569 720 689 755; x_wconf 82' lang='lat' dir='ltr'>l&#39;aciatis</span> <span class='ocrx_word' id='word_1_46' title='bbox 722 733 738 755; x_wconf 86' lang='lat' dir='ltr'>a</span> <span class='ocrx_word' id='word_1_47' title='bbox 768 720 878 755; x_wconf 87' lang='lat' dir='ltr'>vestris</span> <span class='ocrx_word' id='word_1_48' title='bbox 910 720 1048 756; x_wconf 87' lang='lat' dir='ltr'>subditis</span> 
     </span>
     <span class='ocr_line' id='line_1_13' title="bbox 296 770 1048 818; baseline 0.001 -14"><span class='ocrx_word' id='word_1_49' title='bbox 296 770 464 805; x_wconf 88' lang='lat' dir='ltr'>devotione</span> <span class='ocrx_word' id='word_1_50' title='bbox 487 781 628 816; x_wconf 85' lang='lat' dir='ltr'>congrua</span> <span class='ocrx_word' id='word_1_51' title='bbox 656 770 822 811; x_wconf 87' lang='lat' dir='ltr'>celebrari,</span> <span class='ocrx_word' id='word_1_52' title='bbox 846 778 879 804; x_wconf 89' lang='lat' dir='ltr'>ut</span> <span class='ocrx_word' id='word_1_53' title='bbox 907 771 956 818; x_wconf 89' lang='lat' dir='ltr'>pia</span> <span class='ocrx_word' id='word_1_54' title='bbox 980 771 1048 806; x_wconf 88' lang='lat' dir='ltr'>eius</span> 
     </span>
     <span class='ocr_line' id='line_1_14' title="bbox 296 818 1047 866; baseline 0.001 -13"><span class='ocrx_word' id='word_1_55' title='bbox 296 819 520 854; x_wconf 80' lang='lat' dir='ltr'>intercessione</span> <span class='ocrx_word' id='word_1_56' title='bbox 542 818 594 853; x_wconf 94' lang='lat' dir='ltr'>hic</span> <span class='ocrx_word' id='word_1_57' title='bbox 625 830 641 854; x_wconf 93' lang='lat' dir='ltr'>a</span> <span class='ocrx_word' id='word_1_58' title='bbox 665 820 768 854; x_wconf 86' lang='lat' dir='ltr'>noxiis</span> <span class='ocrx_word' id='word_1_59' title='bbox 790 820 930 866; x_wconf 80' lang='lat' dir='ltr'>protegi,</span> <span class='ocrx_word' id='word_1_60' title='bbox 964 829 995 854; x_wconf 84' lang='lat' dir='ltr'>et</span> <span class='ocrx_word' id='word_1_61' title='bbox 1018 821 1047 854; x_wconf 89' lang='lat' dir='ltr'>in</span> 
     </span>
     <span class='ocr_line' id='line_1_15' title="bbox 296 867 1048 916; baseline 0.003 -14"><span class='ocrx_word' id='word_1_62' title='bbox 296 868 401 903; x_wconf 83' lang='lat' dir='ltr'>futuro</span> <span class='ocrx_word' id='word_1_63' title='bbox 435 867 628 915; x_wconf 88' lang='lat' dir='ltr'>sempiterna</span> <span class='ocrx_word' id='word_1_64' title='bbox 667 868 779 916; x_wconf 83' lang='lat' dir='ltr'>gaudia</span> <span class='ocrx_word' id='word_1_65' title='bbox 806 869 958 916; x_wconf 87' lang='lat' dir='ltr'>consequi</span> <span class='ocrx_word' id='word_1_66' title='bbox 990 881 1048 904; x_wconf 88' lang='lat' dir='ltr'>va-</span> 
     </span>
     <span class='ocr_line' id='line_1_16' title="bbox 296 918 394 953; baseline -0.01 -1"><span class='ocrx_word' id='word_1_67' title='bbox 296 918 394 953; x_wconf 89' lang='lat' dir='ltr'>leatis.</span> 
     </span>
    </p>

    <p class='ocr_par' dir='ltr' id='par_1_6' title="bbox 98 965 1050 1151">
     <span class='ocr_line' id='line_1_17' title="bbox 345 965 1050 1015; baseline 0.004 -15"><span class='ocrx_word' id='word_1_68' title='bbox 345 967 365 1014; x_wconf 70' lang='lat' dir='ltr'>S</span> <span class='ocrx_word' id='word_1_69' title='bbox 388 969 445 1001; x_wconf 78' lang='lat'>51.</span> <span class='ocrx_word' id='word_1_70' title='bbox 468 965 507 1000; x_wconf 88' lang='lat' dir='ltr'>Et</span> <span class='ocrx_word' id='word_1_71' title='bbox 535 974 571 1001; x_wconf 88' lang='lat' dir='ltr'>ut</span> <span class='ocrx_word' id='word_1_72' title='bbox 604 965 642 1001; x_wconf 92' lang='lat' dir='ltr'>ad</span> <span class='ocrx_word' id='word_1_73' title='bbox 671 966 815 1002; x_wconf 87' lang='lat' dir='ltr'>mirabile</span> <span class='ocrx_word' id='word_1_74' title='bbox 843 968 914 1003; x_wconf 92' lang='lat' dir='ltr'>eius</span> <span class='ocrx_word' id='word_1_75' title='bbox 941 968 1050 1015; x_wconf 89' lang='lat' dir='ltr'>sepul-</span> 
     </span>
     <span class='ocr_line' id='line_1_18' title="bbox 296 1015 1049 1052; baseline 0.003 -3"><span class='ocrx_word' id='word_1_76' title='bbox 296 1015 408 1050; x_wconf 82' lang='lat' dir='ltr'><strong>chrum</strong></span> <span class='ocrx_word' id='word_1_77' title='bbox 431 1015 596 1050; x_wconf 72' lang='lat' dir='ltr'>ardentius</span> <span class='ocrx_word' id='word_1_78' title='bbox 617 1023 648 1051; x_wconf 89' lang='lat' dir='ltr'>et</span> <span class='ocrx_word' id='word_1_79' title='bbox 669 1016 849 1051; x_wconf 85' lang='lat' dir='ltr'>affluentius</span> <span class='ocrx_word' id='word_1_80' title='bbox 885 1017 1049 1052; x_wconf 90' lang='lat' dir='ltr'>christiani</span> 
     </span>
     <span class='ocr_line' id='line_1_19' title="bbox 98 1065 1050 1112; baseline 0.004 -15"><span class='ocrx_word' id='word_1_81' title='bbox 98 1077 214 1098; x_wconf 60' lang='lat' dir='ltr'>numani.</span> <span class='ocrx_word' id='word_1_82' title='bbox 236 1083 283 1104; x_wconf 78' lang='lat' dir='ltr'>pro-</span> <span class='ocrx_word' id='word_1_83' title='bbox 298 1065 406 1112; x_wconf 91' lang='lat' dir='ltr'>populi</span> <span class='ocrx_word' id='word_1_84' title='bbox 433 1065 571 1100; x_wconf 83' lang='lat' dir='ltr'>confluat</span> <span class='ocrx_word' id='word_1_85' title='bbox 597 1065 786 1109; x_wconf 88' lang='lat' dir='ltr'>multitudo,</span> <span class='ocrx_word' id='word_1_86' title='bbox 821 1078 858 1100; x_wconf 91' lang='lat' dir='ltr'>ac</span> <span class='ocrx_word' id='word_1_87' title='bbox 893 1066 1050 1101; x_wconf 82' lang='lat' dir='ltr'><strong>celebrius</strong></span> 
     </span>
     <span class='ocr_line' id='line_1_20' title="bbox 100 1110 1048 1154; baseline 0.001 -5"><span class='ocrx_word' id='word_1_88' title='bbox 100 1110 175 1135; x_wconf 65' lang='lat'>‘&#39;⁰⁵¹¹‘&#39;</span> <span class='ocrx_word' id='word_1_89' title='bbox 297 1114 440 1149; x_wconf 84' lang='lat' dir='ltr'>eiusdem</span> <span class='ocrx_word' id='word_1_90' title='bbox 489 1114 680 1149; x_wconf 82' lang='lat' dir='ltr'>confessoris</span> <span class='ocrx_word' id='word_1_91' title='bbox 722 1114 844 1149; x_wconf 89' lang='lat' dir='ltr'>colatur</span> <span class='ocrx_word' id='word_1_92' title='bbox 880 1115 1048 1154; x_wconf 82' lang='lat' dir='ltr'>festivitas,</span> 
     </span>
    </p>

    <p class='ocr_par' dir='ltr' id='par_1_7' title="bbox 296 1163 1052 1953">
     <span class='ocr_line' id='line_1_21' title="bbox 298 1163 1049 1211; baseline 0.001 -13"><span class='ocrx_word' id='word_1_93' title='bbox 298 1163 446 1198; x_wconf 89' lang='lat' dir='ltr'>omnibus</span> <span class='ocrx_word' id='word_1_94' title='bbox 472 1176 544 1198; x_wconf 91' lang='lat' dir='ltr'>vere</span> <span class='ocrx_word' id='word_1_95' title='bbox 568 1164 805 1211; x_wconf 90' lang='lat' dir='ltr'>poenitentibus</span> <span class='ocrx_word' id='word_1_96' title='bbox 831 1172 862 1199; x_wconf 88' lang='lat' dir='ltr'>et</span> <span class='ocrx_word' id='word_1_97' title='bbox 883 1165 1049 1206; x_wconf 76' lang='lat' dir='ltr'>confessis,</span> 
     </span>
     <span class='ocr_line' id='line_1_22' title="bbox 297 1213 1049 1260; baseline 0.001 -13"><span class='ocrx_word' id='word_1_98' title='bbox 297 1213 350 1260; x_wconf 88' lang='lat' dir='ltr'>qui</span> <span class='ocrx_word' id='word_1_99' title='bbox 373 1225 445 1248; x_wconf 91' lang='lat' dir='ltr'>cum</span> <span class='ocrx_word' id='word_1_100' title='bbox 476 1214 648 1248; x_wconf 86' lang='lat' dir='ltr'>reverentia</span> <span class='ocrx_word' id='word_1_101' title='bbox 680 1213 753 1248; x_wconf 91' lang='lat' dir='ltr'>illuc</span> <span class='ocrx_word' id='word_1_102' title='bbox 780 1214 809 1248; x_wconf 94' lang='lat' dir='ltr'>in</span> <span class='ocrx_word' id='word_1_103' title='bbox 833 1213 945 1248; x_wconf 87' lang='lat' dir='ltr'>eodem</span> <span class='ocrx_word' id='word_1_104' title='bbox 970 1213 1049 1248; x_wconf 79' lang='lat' dir='ltr'>festo</span> 
     </span>
     <span class='ocr_line' id='line_1_23' title="bbox 297 1262 1050 1310; baseline 0.001 -14"><span class='ocrx_word' id='word_1_105' title='bbox 297 1263 457 1297; x_wconf 81' lang='lat' dir='ltr'><strong>annuatim</strong></span> <span class='ocrx_word' id='word_1_106' title='bbox 481 1262 671 1297; x_wconf 76' lang='lat' dir='ltr'>accesserint</span> <span class='ocrx_word' id='word_1_107' title='bbox 705 1262 805 1310; x_wconf 89' lang='lat' dir='ltr'>ipsius</span> <span class='ocrx_word' id='word_1_108' title='bbox 826 1262 974 1309; x_wconf 81' lang='lat' dir='ltr'>suffragia</span> <span class='ocrx_word' id='word_1_109' title='bbox 1000 1274 1050 1309; x_wconf 85' lang='lat' dir='ltr'>pe·</span> 
     </span>
     <span class='ocr_line' id='line_1_24' title="bbox 298 1311 1049 1358; baseline 0.001 -13"><span class='ocrx_word' id='word_1_110' title='bbox 298 1311 395 1356; x_wconf 78' lang='lat' dir='ltr'>tituri‚</span> <span class='ocrx_word' id='word_1_111' title='bbox 427 1311 466 1346; x_wconf 90' lang='lat' dir='ltr'>de</span> <span class='ocrx_word' id='word_1_112' title='bbox 488 1312 719 1358; x_wconf 79' lang='lat' dir='ltr'>omnipotentis</span> <span class='ocrx_word' id='word_1_113' title='bbox 742 1311 798 1346; x_wconf 91' lang='lat' dir='ltr'>Dei</span> <span class='ocrx_word' id='word_1_114' title='bbox 822 1311 1049 1353; x_wconf 80' lang='lat' dir='ltr'>misericordia,</span> 
     </span>
     <span class='ocr_line' id='line_1_25' title="bbox 297 1360 1049 1408; baseline 0.001 -14"><span class='ocrx_word' id='word_1_115' title='bbox 297 1368 327 1394; x_wconf 85' lang='lat' dir='ltr'>et</span> <span class='ocrx_word' id='word_1_116' title='bbox 350 1360 513 1396; x_wconf 87' lang='lat' dir='ltr'>beatorum</span> <span class='ocrx_word' id='word_1_117' title='bbox 542 1360 628 1395; x_wconf 86' lang='lat' dir='ltr'>Petri</span> <span class='ocrx_word' id='word_1_118' title='bbox 655 1369 686 1396; x_wconf 92' lang='lat' dir='ltr'>et</span> <span class='ocrx_word' id='word_1_119' title='bbox 714 1360 804 1396; x_wconf 87' lang='lat' dir='ltr'>Pauli</span> <span class='ocrx_word' id='word_1_120' title='bbox 833 1361 1049 1408; x_wconf 89' lang='lat' dir='ltr'>apostolorum</span> 
     </span>
     <span class='ocr_line' id='line_1_26' title="bbox 296 1409 1051 1450; baseline 0.003 -7"><span class='ocrx_word' id='word_1_121' title='bbox 296 1410 365 1444; x_wconf 86' lang='lat' dir='ltr'>eius</span> <span class='ocrx_word' id='word_1_122' title='bbox 399 1410 584 1445; x_wconf 84' lang='lat' dir='ltr'>auctoritate</span> <span class='ocrx_word' id='word_1_123' title='bbox 619 1409 750 1450; x_wconf 85' lang='lat' dir='ltr'>confisi,</span> <span class='ocrx_word' id='word_1_124' title='bbox 785 1410 867 1446; x_wconf 88' lang='lat' dir='ltr'>duos</span> <span class='ocrx_word' id='word_1_125' title='bbox 893 1423 994 1445; x_wconf 90' lang='lat' dir='ltr'>annos</span> <span class='ocrx_word' id='word_1_126' title='bbox 1019 1419 1051 1445; x_wconf 89' lang='lat' dir='ltr'>et</span> 
     </span>
     <span class='ocr_line' id='line_1_27' title="bbox 296 1458 1050 1506; baseline 0.003 -13"><span class='ocrx_word' id='word_1_127' title='bbox 296 1459 376 1493; x_wconf 84' lang='lat' dir='ltr'>‹iuas</span> <span class='ocrx_word' id='word_1_128' title='bbox 402 1458 635 1506; x_wconf 78' lang='lat' dir='ltr'>quadragenaS,</span> <span class='ocrx_word' id='word_1_129' title='bbox 662 1458 887 1495; x_wconf 69' lang='lat' dir='ltr'>accedentibus</span> <span class='ocrx_word' id='word_1_130' title='bbox 913 1472 986 1495; x_wconf 83' lang='lat' dir='ltr'>vero</span> <span class='ocrx_word' id='word_1_131' title='bbox 1012 1460 1050 1494; x_wconf 89' lang='lat' dir='ltr'>ad</span> 
     </span>
     <span class='ocr_line' id='line_1_28' title="bbox 297 1508 1052 1556; baseline 0.001 -14"><span class='ocrx_word' id='word_1_132' title='bbox 297 1508 492 1556; x_wconf 88' lang='lat' dir='ltr'>praedictum</span> <span class='ocrx_word' id='word_1_133' title='bbox 535 1508 741 1554; x_wconf 80' lang='lat' dir='ltr'>sepulchrum</span> <span class='ocrx_word' id='word_1_134' title='bbox 782 1510 873 1544; x_wconf 88' lang='lat' dir='ltr'>annis</span> <span class='ocrx_word' id='word_1_135' title='bbox 916 1509 1052 1556; x_wconf 81' lang='lat' dir='ltr'>singulis</span> 
     </span>
     <span class='ocr_line' id='line_1_29' title="bbox 297 1557 1051 1599; baseline 0.001 -7"><span class='ocrx_word' id='word_1_136' title='bbox 297 1557 376 1592; x_wconf 84' lang='lat' dir='ltr'>iufra</span> <span class='ocrx_word' id='word_1_137' title='bbox 400 1558 542 1593; x_wconf 91' lang='lat' dir='ltr'>eiusdem</span> <span class='ocrx_word' id='word_1_138' title='bbox 566 1558 636 1593; x_wconf 84' lang='lat' dir='ltr'>sesti</span> <span class='ocrx_word' id='word_1_139' title='bbox 668 1566 808 1593; x_wconf 85' lang='lat' dir='ltr'>octavam</span> <span class='ocrx_word' id='word_1_140' title='bbox 823 1586 831 1599; x_wconf 92' lang='lat'>,</span> <span class='ocrx_word' id='word_1_141' title='bbox 867 1571 964 1593; x_wconf 88' lang='lat' dir='ltr'>unum</span> <span class='ocrx_word' id='word_1_142' title='bbox 988 1571 1051 1594; x_wconf 86' lang='lat' dir='ltr'>an-</span> 
     </span>
     <span class='ocr_line' id='line_1_30' title="bbox 297 1607 1052 1655; baseline 0 -13"><span class='ocrx_word' id='word_1_143' title='bbox 297 1620 374 1642; x_wconf 92' lang='lat' dir='ltr'>num</span> <span class='ocrx_word' id='word_1_144' title='bbox 420 1615 451 1642; x_wconf 87' lang='lat' dir='ltr'>et</span> <span class='ocrx_word' id='word_1_145' title='bbox 478 1607 688 1655; x_wconf 83' lang='lat' dir='ltr'>quadraginta</span> <span class='ocrx_word' id='word_1_146' title='bbox 715 1608 783 1643; x_wconf 86' lang='lat' dir='ltr'>dies</span> <span class='ocrx_word' id='word_1_147' title='bbox 825 1607 865 1643; x_wconf 89' lang='lat' dir='ltr'>de</span> <span class='ocrx_word' id='word_1_148' title='bbox 902 1608 1052 1643; x_wconf 89' lang='lat' dir='ltr'>iniunctis</span> 
     </span>
     <span class='ocr_line' id='line_1_31' title="bbox 297 1656 1051 1704; baseline 0.003 -14"><span class='ocrx_word' id='word_1_149' title='bbox 297 1656 356 1691; x_wconf 82' lang='lat' dir='ltr'>sibi</span> <span class='ocrx_word' id='word_1_150' title='bbox 377 1657 580 1704; x_wconf 81' lang='lat' dir='ltr'>poenitentiis</span> <span class='ocrx_word' id='word_1_151' title='bbox 598 1657 847 1693; x_wconf 84' lang='lat' dir='ltr'>misericorditer</span> <span class='ocrx_word' id='word_1_152' title='bbox 863 1658 1051 1692; x_wconf 81' lang='lat' dir='ltr'>relaxamus.</span> 
     </span>
     <span class='ocr_line' id='line_1_32' title="bbox 296 1705 1051 1753; baseline 0.003 -13"><span class='ocrx_word' id='word_1_153' title='bbox 296 1705 380 1741; x_wconf 90' lang='lat' dir='ltr'>Nulli</span> <span class='ocrx_word' id='word_1_154' title='bbox 411 1719 486 1753; x_wconf 81' lang='lat' dir='ltr'>ergo</span> <span class='ocrx_word' id='word_1_155' title='bbox 513 1707 644 1742; x_wconf 92' lang='lat' dir='ltr'>omnino</span> <span class='ocrx_word' id='word_1_156' title='bbox 666 1707 832 1742; x_wconf 90' lang='lat' dir='ltr'>hominum</span> <span class='ocrx_word' id='word_1_157' title='bbox 857 1707 948 1742; x_wconf 90' lang='lat' dir='ltr'>liceat</span> <span class='ocrx_word' id='word_1_158' title='bbox 971 1707 1051 1742; x_wconf 90' lang='lat' dir='ltr'>hanc</span> 
     </span>
     <span class='ocr_line' id='line_1_33' title="bbox 298 1756 1053 1811; baseline 0.003 -21"><span class='ocrx_word' id='word_1_159' title='bbox 298 1756 443 1811; x_wconf 77' lang='lat' dir='ltr'>paginam</span> <span class='ocrx_word' id='word_1_160' title='bbox 464 1764 588 1792; x_wconf 87' lang='lat' dir='ltr'>nostrae</span> <span class='ocrx_word' id='word_1_161' title='bbox 615 1757 865 1804; x_wconf 83' lang='lat' dir='ltr'>approbationis,</span> <span class='ocrx_word' id='word_1_162' title='bbox 888 1757 1053 1792; x_wconf 84' lang='lat' dir='ltr'>conlirma-</span> 
     </span>
     <span class='ocr_line' id='line_1_34' title="bbox 297 1806 952 1853; baseline 0.003 -14"><span class='ocrx_word' id='word_1_163' title='bbox 297 1806 393 1840; x_wconf 88' lang='lat' dir='ltr'>tionis</span> <span class='ocrx_word' id='word_1_164' title='bbox 431 1814 462 1841; x_wconf 89' lang='lat' dir='ltr'>et</span> <span class='ocrx_word' id='word_1_165' title='bbox 489 1807 661 1841; x_wconf 82' lang='lat' dir='ltr'>voluntatis</span> <span class='ocrx_word' id='word_1_166' title='bbox 687 1807 872 1853; x_wconf 79' lang='lat' dir='ltr'>infringere,</span> <span class='ocrx_word' id='word_1_167' title='bbox 899 1816 952 1841; x_wconf 83' lang='lat' dir='ltr'>etc.</span> 
     </span>
     <span class='ocr_line' id='line_1_35' title="bbox 347 1854 936 1904; baseline 0 -14"><span class='ocrx_word' id='word_1_168' title='bbox 347 1854 462 1890; x_wconf 90' lang='lat' dir='ltr'>Datum</span> <span class='ocrx_word' id='word_1_169' title='bbox 485 1855 642 1890; x_wconf 79' lang='lat' dir='ltr'>Atinione</span> <span class='ocrx_word' id='word_1_170' title='bbox 667 1861 684 1890; x_wconf 91' lang='lat'>7</span> <span class='ocrx_word' id='word_1_171' title='bbox 710 1856 782 1892; x_wconf 88' lang='lat' dir='ltr'>idus</span> <span class='ocrx_word' id='word_1_172' title='bbox 808 1856 936 1904; x_wconf 87' lang='lat' dir='ltr'>aprilis</span> 
     </span>
     <span class='ocr_line' id='line_1_36' title="bbox 300 1904 802 1953; baseline 0.002 -15"><span class='ocrx_word' id='word_1_173' title='bbox 300 1904 436 1940; x_wconf 84' lang='lat' dir='ltr'>tificatus</span> <span class='ocrx_word' id='word_1_174' title='bbox 459 1904 557 1939; x_wconf 86' lang='lat' dir='ltr'>nostri</span> <span class='ocrx_word' id='word_1_175' title='bbox 579 1917 664 1941; x_wconf 89' lang='lat' dir='ltr'>anno</span> <span class='ocrx_word' id='word_1_176' title='bbox 688 1906 802 1953; x_wconf 91' lang='lat' dir='ltr'>primo.</span> 
     </span>
    </p>
   </div>
   <div class='ocr_carea' id='block_1_5' title="bbox 358 1965 997 2007">
    <p class='ocr_par' dir='ltr' id='par_1_8' title="bbox 358 1965 997 2007">
     <span class='ocr_line' id='line_1_37' title="bbox 358 1965 997 2007; baseline 0.003 -12"><span class='ocrx_word' id='word_1_177' title='bbox 358 1965 418 1996; x_wconf 86' lang='lat' dir='ltr'>Dat.</span> <span class='ocrx_word' id='word_1_178' title='bbox 435 1967 482 1996; x_wconf 91' lang='lat' dir='ltr'>die</span> <span class='ocrx_word' id='word_1_179' title='bbox 501 1968 515 1996; x_wconf 86' lang='lat'>7</span> <span class='ocrx_word' id='word_1_180' title='bbox 535 1967 638 2006; x_wconf 84' lang='lat' dir='ltr'>aprilis</span> <span class='ocrx_word' id='word_1_181' title='bbox 664 1967 748 2003; x_wconf 81' lang='lat'>1317,</span> <span class='ocrx_word' id='word_1_182' title='bbox 763 1967 867 2007; x_wconf 89' lang='lat' dir='ltr'>pontif.</span> <span class='ocrx_word' id='word_1_183' title='bbox 886 1977 963 1997; x_wconf 90' lang='lat' dir='ltr'>anno</span> <span class='ocrx_word' id='word_1_184' title='bbox 979 1976 997 1997; x_wconf 89' lang='lat'>1.</span> 
     </span>
    </p>
   </div>
   <div class='ocr_carea' id='block_1_6' title="bbox 100 475 285 556">
    <p class='ocr_par' dir='ltr' id='par_1_9' title="bbox 100 475 285 556">
     <span class='ocr_line' id='line_1_38' title="bbox 114 475 285 502; baseline 0 -7"><span class='ocrx_word' id='word_1_185' title='bbox 114 475 202 502; x_wconf 77' lang='lat' dir='ltr'>Eiusque</span> <span class='ocrx_word' id='word_1_186' title='bbox 216 481 285 495; x_wconf 62' lang='lat' dir='ltr'>annuus</span> 
     </span>
     <span class='ocr_line' id='line_1_39' title="bbox 100 505 284 526; baseline 0.011 -2"><span class='ocrx_word' id='word_1_187' title='bbox 100 505 203 526; x_wconf 65' lang='lat' dir='ltr'>festivitas</span> <span class='ocrx_word' id='word_1_188' title='bbox 229 507 284 526; x_wconf 79' lang='lat' dir='ltr'>inili-</span> 
     </span>
     <span class='ocr_line' id='line_1_40' title="bbox 100 538 164 556; baseline 0.016 -1"><span class='ocrx_word' id='word_1_189' title='bbox 100 538 164 556; x_wconf 76' lang='lat' dir='ltr'>citur:</span> 
     </span>
    </p>
   </div>
   <div class='ocr_carea' id='block_1_7' title="bbox 124 1015 250 1041">
    <p class='ocr_par' dir='ltr' id='par_1_10' title="bbox 124 1015 250 1041">
     <span class='ocr_line' id='line_1_41' title="bbox 124 1015 250 1041; baseline 0 -6"><span class='ocrx_word' id='word_1_190' title='bbox 124 1015 250 1041; x_wconf 79' lang='lat' dir='ltr'>indulgenti</span> 
     </span>
    </p>
   </div>
   <div class='ocr_carea' id='block_1_8' title="bbox 972 1869 1054 1904">
    <p class='ocr_par' dir='ltr' id='par_1_11' title="bbox 972 1869 1054 1904">
     <span class='ocr_line' id='line_1_42' title="bbox 972 1869 1054 1904; baseline -0.012 -13"><span class='ocrx_word' id='word_1_191' title='bbox 972 1869 1054 1904; x_wconf 78' lang='lat' dir='ltr'>pon-</span> 
     </span>
    </p>
   </div>
   <div class='ocr_carea' id='block_1_9' title="bbox 600 2040 740 2048">
    <p class='ocr_par' dir='ltr' id='par_1_12' title="bbox 600 2040 740 2048">
     <span class='ocr_line' id='line_1_43' title="bbox 600 2040 740 2048; baseline 0 0"><span class='ocrx_word' id='word_1_192' title='bbox 600 2040 740 2048; x_wconf 95' lang='lat' dir='ltr'> </span> 
     </span>
    </p>
   </div>
   <div class='ocr_carea' id='block_1_10' title="bbox 647 2125 700 2160">
    <p class='ocr_par' dir='ltr' id='par_1_13' title="bbox 647 2125 700 2160">
     <span class='ocr_line' id='line_1_44' title="bbox 647 2125 700 2160; baseline 0 0"><span class='ocrx_word' id='word_1_193' title='bbox 647 2125 700 2160; x_wconf 87' lang='lat'>111.</span> 
     </span>
    </p>
   </div>
   <div class='ocr_carea' id='block_1_11' title="bbox 301 2197 1055 2340">
    <p class='ocr_par' dir='ltr' id='par_1_14' title="bbox 301 2197 1055 2340">
     <span class='ocr_line' id='line_1_45' title="bbox 301 2197 1054 2242; baseline 0.001 -13"><span class='ocrx_word' id='word_1_194' title='bbox 301 2197 434 2230; x_wconf 78' lang='lat' dir='ltr'>Indictio</span> <span class='ocrx_word' id='word_1_195' title='bbox 455 2198 653 2231; x_wconf 78' lang='lat' dir='ltr'>induciarum</span> <span class='ocrx_word' id='word_1_196' title='bbox 676 2199 755 2231; x_wconf 79' lang='lat' dir='ltr'>inter</span> <span class='ocrx_word' id='word_1_197' title='bbox 776 2199 909 2242; x_wconf 72' lang='lat' dir='ltr'>Anqliae</span> <span class='ocrx_word' id='word_1_198' title='bbox 930 2206 955 2231; x_wconf 80' lang='lat' dir='ltr'>et</span> <span class='ocrx_word' id='word_1_199' title='bbox 977 2199 1054 2232; x_wconf 83' lang='lat' dir='ltr'>Sco-</span> 
     </span>
     <span class='ocr_line' id='line_1_46' title="bbox 350 2247 1055 2292; baseline 0.004 -14"><span class='ocrx_word' id='word_1_200' title='bbox 350 2247 409 2279; x_wconf 78' lang='lat' dir='ltr'>tiae</span> <span class='ocrx_word' id='word_1_201' title='bbox 429 2259 524 2291; x_wconf 72' lang='lat' dir='ltr'>reyes,</span> <span class='ocrx_word' id='word_1_202' title='bbox 552 2248 607 2281; x_wconf 83' lang='lat' dir='ltr'>sub</span> <span class='ocrx_word' id='word_1_203' title='bbox 631 2249 736 2281; x_wconf 86' lang='lat' dir='ltr'>eadem</span> <span class='ocrx_word' id='word_1_204' title='bbox 755 2259 855 2292; x_wconf 84' lang='lat' dir='ltr'>poena</span> <span class='ocrx_word' id='word_1_205' title='bbox 876 2260 1055 2281; x_wconf 67' lang='lat' dir='ltr'>eoecommu—</span> 
     </span>
     <span class='ocr_line' id='line_1_47' title="bbox 349 2297 894 2340; baseline 0.004 -12"><span class='ocrx_word' id='word_1_206' title='bbox 349 2297 514 2329; x_wconf 75' lang='lat' dir='ltr'>nicationis</span> <span class='ocrx_word' id='word_1_207' title='bbox 534 2304 641 2330; x_wconf 78' lang='lat' dir='ltr'>contra</span> <span class='ocrx_word' id='word_1_208' title='bbox 662 2298 811 2331; x_wconf 73' lang='lat' dir='ltr'>violantes</span> <span class='ocrx_word' id='word_1_209' title='bbox 838 2300 894 2340; x_wconf 70' lang='grc'>(1).</span> 
     </span>
    </p>
   </div>
   <div class='ocr_carea' id='block_1_12' title="bbox 573 2366 789 2396">
    <p class='ocr_par' dir='ltr' id='par_1_15' title="bbox 573 2366 789 2396">
     <span class='ocr_line' id='line_1_48' title="bbox 573 2366 789 2396; baseline 0 0"><span class='ocrx_word' id='word_1_210' title='bbox 573 2366 789 2396; x_wconf 73' lang='lat' dir='ltr'>SUMMARIUM</span> 
     </span>
    </p>
   </div>
   <div class='ocr_carea' id='block_1_13' title="bbox 302 2427 1057 2645">
    <p class='ocr_par' dir='ltr' id='par_1_16' title="bbox 302 2427 1057 2645">
     <span class='ocr_line' id='line_1_49' title="bbox 302 2427 1057 2467; baseline 0.003 -11"><span class='ocrx_word' id='word_1_211' title='bbox 302 2427 373 2457; x_wconf 78' lang='lat' dir='ltr'>Mala</span> <span class='ocrx_word' id='word_1_212' title='bbox 386 2438 461 2467; x_wconf 82' lang='lat' dir='ltr'>quae</span> <span class='ocrx_word' id='word_1_213' title='bbox 474 2437 507 2457; x_wconf 87' lang='lat' dir='ltr'>ex</span> <span class='ocrx_word' id='word_1_214' title='bbox 519 2428 691 2458; x_wconf 88' lang='lat' dir='ltr'>huiusmodi</span> <span class='ocrx_word' id='word_1_215' title='bbox 704 2428 890 2458; x_wconf 85' lang='lat' dir='ltr'>dissensione</span> <span class='ocrx_word' id='word_1_216' title='bbox 901 2434 962 2458; x_wconf 86' lang='lat' dir='ltr'>orta</span> <span class='ocrx_word' id='word_1_217' title='bbox 977 2434 1057 2465; x_wconf 89' lang='lat' dir='ltr'>sunt,</span> 
     </span>
     <span class='ocr_line' id='line_1_50' title="bbox 341 2471 1055 2510; baseline 0.004 -11"><span class='ocrx_word' id='word_1_218' title='bbox 341 2472 484 2509; x_wconf 79' lang='lat' dir='ltr'>deplorat.</span> <span class='ocrx_word' id='word_1_219' title='bbox 503 2489 541 2493; x_wconf 96' lang='lat'><strong>—</strong></span> <span class='ocrx_word' id='word_1_220' title='bbox 561 2473 586 2501; x_wconf 83' lang='lat' dir='ltr'>i.</span> <span class='ocrx_word' id='word_1_221' title='bbox 609 2471 741 2510; x_wconf 80' lang='lat' dir='ltr'>Treugas</span> <span class='ocrx_word' id='word_1_222' title='bbox 758 2472 874 2502; x_wconf 85' lang='lat' dir='ltr'>indicit.</span> <span class='ocrx_word' id='word_1_223' title='bbox 892 2490 929 2494; x_wconf 94' lang='lat'><em>-</em></span> <span class='ocrx_word' id='word_1_224' title='bbox 948 2473 975 2502; x_wconf 69' lang='lat'>2.</span> <span class='ocrx_word' id='word_1_225' title='bbox 993 2472 1055 2502; x_wconf 87' lang='lat' dir='ltr'>Ob—</span> 
     </span>
     <span class='ocr_line' id='line_1_51' title="bbox 342 2515 1057 2554; baseline 0.004 -10"><span class='ocrx_word' id='word_1_226' title='bbox 342 2517 481 2546; x_wconf 86' lang='lat' dir='ltr'>stantinm</span> <span class='ocrx_word' id='word_1_227' title='bbox 498 2517 658 2554; x_wconf 83' lang='lat' dir='ltr'>derogatio.</span> <span class='ocrx_word' id='word_1_228' title='bbox 676 2533 715 2539; x_wconf 98' lang='lat'><strong>—</strong></span> <span class='ocrx_word' id='word_1_229' title='bbox 731 2516 757 2545; x_wconf 89' lang='lat'>3.</span> <span class='ocrx_word' id='word_1_230' title='bbox 776 2515 964 2547; x_wconf 83' lang='lat' dir='ltr'>induciarum</span> <span class='ocrx_word' id='word_1_231' title='bbox 984 2522 1057 2547; x_wconf 77' lang='lat' dir='ltr'>tem-</span> 
     </span>
     <span class='ocr_line' id='line_1_52' title="bbox 343 2560 1057 2598; baseline 0.004 -10"><span class='ocrx_word' id='word_1_232' title='bbox 343 2569 407 2598; x_wconf 84' lang='lat' dir='ltr'>pus.</span> <span class='ocrx_word' id='word_1_233' title='bbox 429 2577 468 2583; x_wconf 92' lang='lat'>—</span> <span class='ocrx_word' id='word_1_234' title='bbox 487 2561 516 2591; x_wconf 73' lang='lat'>4.</span> <span class='ocrx_word' id='word_1_235' title='bbox 539 2560 665 2590; x_wconf 85' lang='lat' dir='ltr'>irritatio</span> <span class='ocrx_word' id='word_1_236' title='bbox 689 2561 936 2597; x_wconf 85' lang='lat' dir='ltr'>iuramentorum,</span> <span class='ocrx_word' id='word_1_237' title='bbox 959 2561 1057 2591; x_wconf 83' lang='lat' dir='ltr'>foede-</span> 
     </span>
     <span class='ocr_line' id='line_1_53' title="bbox 343 2606 856 2645; baseline -0.002 -10"><span class='ocrx_word' id='word_1_238' title='bbox 343 2615 419 2643; x_wconf 88' lang='lat' dir='ltr'>rum,</span> <span class='ocrx_word' id='word_1_239' title='bbox 441 2611 502 2643; x_wconf 81' lang='lat' dir='ltr'>etc.‚</span> <span class='ocrx_word' id='word_1_240' title='bbox 525 2615 577 2645; x_wconf 88' lang='lat' dir='ltr'>pro</span> <span class='ocrx_word' id='word_1_241' title='bbox 602 2606 679 2636; x_wconf 91' lang='lat' dir='ltr'>bello</span> <span class='ocrx_word' id='word_1_242' title='bbox 703 2606 856 2635; x_wconf 82' lang='lat' dir='ltr'>sactorum.</span> 
     </span>
    </p>
   </div>
   <div class='ocr_carea' id='block_1_14' title="bbox 338 2667 663 2702">
    <p class='ocr_par' dir='ltr' id='par_1_17' title="bbox 338 2667 663 2702">
     <span class='ocr_line' id='line_1_54' title="bbox 338 2667 663 2702; baseline 0.003 -10"><span class='ocrx_word' id='word_1_243' title='bbox 338 2668 378 2702; x_wconf 79' lang='lat' dir='ltr'>(t)</span> <span class='ocrx_word' id='word_1_244' title='bbox 395 2668 433 2693; x_wconf 84' lang='lat' dir='ltr'>Ex</span> <span class='ocrx_word' id='word_1_245' title='bbox 454 2668 560 2702; x_wconf 78' lang='lat' dir='ltr'>Regest.</span> <span class='ocrx_word' id='word_1_246' title='bbox 580 2667 663 2694; x_wconf 80' lang='lat' dir='ltr'>Vatic.</span> 
     </span>
    </p>
   </div>
   <div class='ocr_carea' id='block_1_15' title="bbox 385 2711 933 2741">
    <p class='ocr_par' dir='ltr' id='par_1_18' title="bbox 385 2711 933 2741">
     <span class='ocr_line' id='line_1_55' title="bbox 385 2711 933 2741; baseline 0 -1"><span class='ocrx_word' id='word_1_247' title='bbox 385 2711 458 2741; x_wconf 74' lang='lat' dir='ltr'>Ball.</span> <span class='ocrx_word' id='word_1_248' title='bbox 485 2711 560 2740; x_wconf 79' lang='lat' dir='ltr'>Rom.</span> <span class='ocrx_word' id='word_1_249' title='bbox 590 2712 642 2740; x_wconf 69' lang='lat' dir='ltr'>vot.</span> <span class='ocrx_word' id='word_1_250' title='bbox 664 2711 708 2741; x_wconf 67' lang='lat'>11&#39;.</span> <span class='ocrx_word' id='word_1_251' title='bbox 900 2713 933 2740; x_wconf 73' lang='lat'>31</span> 
     </span>
    </p>
   </div>
   <div class='ocr_carea' id='block_1_16' title="bbox 809 260 1333 303">
    <p class='ocr_par' dir='ltr' id='par_1_19' title="bbox 809 260 1333 303">
     <span class='ocr_line' id='line_1_56' title="bbox 809 260 1333 303; baseline -0.004 -8"><span class='ocrx_word' id='word_1_252' title='bbox 809 271 947 295; x_wconf 65' lang='lat' dir='ltr'>romnus</span> <span class='ocrx_word' id='word_1_253' title='bbox 971 271 1028 294; x_wconf 76' lang='lat' dir='ltr'>xxi</span> <span class='ocrx_word' id='word_1_254' title='bbox 1053 260 1160 302; x_wconf 78' lang='lat' dir='ltr'>(dictus</span> <span class='ocrx_word' id='word_1_255' title='bbox 1181 262 1262 303; x_wconf 80' lang='lat' dir='ltr'>xxii)</span> <span class='ocrx_word' id='word_1_256' title='bbox 1286 271 1333 293; x_wconf 74' lang='lat' dir='ltr'>rr.</span> 
     </span>
    </p>
   </div>
   <div class='ocr_carea' id='block_1_17' title="bbox 1722 265 1785 296">
    <p class='ocr_par' dir='ltr' id='par_1_20' title="bbox 1722 265 1785 296">
     <span class='ocr_line' id='line_1_57' title="bbox 1722 265 1785 296; baseline 0 -1"><span class='ocrx_word' id='word_1_257' title='bbox 1722 265 1785 296; x_wconf 72' lang='lat'>241</span> 
     </span>
    </p>
   </div>
   <div class='ocr_carea' id='block_1_18' title="bbox 1135 329 1795 410">
    <p class='ocr_par' dir='ltr' id='par_1_21' title="bbox 1135 329 1795 410">
     <span class='ocr_line' id='line_1_58' title="bbox 1135 329 1795 366; baseline 0.006 -9"><span class='ocrx_word' id='word_1_258' title='bbox 1135 329 1246 358; x_wconf 74' lang='lat' dir='ltr'>loannes</span> <span class='ocrx_word' id='word_1_259' title='bbox 1279 330 1420 365; x_wconf 66' lang='lat' dir='ltr'>opiscopus</span> <span class='ocrx_word' id='word_1_260' title='bbox 1451 337 1547 360; x_wconf 77' lang='lat' dir='ltr'>servus</span> <span class='ocrx_word' id='word_1_261' title='bbox 1570 338 1710 361; x_wconf 75' lang='lat' dir='ltr'>nervorum</span> <span class='ocrx_word' id='word_1_262' title='bbox 1738 332 1795 366; x_wconf 79' lang='lat' dir='ltr'>Det,</span> 
     </span>
     <span class='ocr_line' id='line_1_59' title="bbox 1247 378 1682 410; baseline 0.007 -4"><span class='ocrx_word' id='word_1_263' title='bbox 1247 379 1281 406; x_wconf 80' lang='lat' dir='ltr'>ad</span> <span class='ocrx_word' id='word_1_264' title='bbox 1310 378 1433 408; x_wconf 75' lang='lat' dir='ltr'>suturam</span> <span class='ocrx_word' id='word_1_265' title='bbox 1457 380 1497 408; x_wconf 78' lang='lat' dir='ltr'>rai</span> <span class='ocrx_word' id='word_1_266' title='bbox 1516 380 1682 410; x_wconf 80' lang='lat' dir='ltr'>memoriam.</span> 
     </span>
    </p>
   </div>
   <div class='ocr_carea' id='block_1_19' title="bbox 1090 435 1878 2705">
    <p class='ocr_par' dir='ltr' id='par_1_22' title="bbox 1090 435 1848 2112">
     <span class='ocr_line' id='line_1_60' title="bbox 1139 435 1842 478; baseline 0.009 -8"><span class='ocrx_word' id='word_1_267' title='bbox 1139 435 1267 471; x_wconf 85' lang='lat' dir='ltr'>Vocatis</span> <span class='ocrx_word' id='word_1_268' title='bbox 1309 437 1423 478; x_wconf 82' lang='lat' dir='ltr'>nohis,</span> <span class='ocrx_word' id='word_1_269' title='bbox 1467 438 1538 473; x_wconf 81' lang='lat' dir='ltr'>licet</span> <span class='ocrx_word' id='word_1_270' title='bbox 1580 440 1842 477; x_wconf 86' lang='lat' dir='ltr'>insufficientibus</span> 
     </span>
     <span class='ocr_line' id='line_1_61' title="bbox 1091 486 1878 534; baseline 0.007 -13"><span class='ocrx_word' id='word_1_271' title='bbox 1091 486 1227 531; x_wconf 84' lang='lat' dir='ltr'>meritis,</span> <span class='ocrx_word' id='word_1_272' title='bbox 1250 486 1287 521; x_wconf 88' lang='lat' dir='ltr'>ad</span> <span class='ocrx_word' id='word_1_273' title='bbox 1311 487 1505 534; x_wconf 86' lang='lat' dir='ltr'>apostolatus</span> <span class='ocrx_word' id='word_1_274' title='bbox 1536 488 1673 523; x_wconf 85' lang='lat' dir='ltr'>officium</span> <span class='ocrx_word' id='word_1_275' title='bbox 1702 493 1878 533; x_wconf 79' lang='lat' dir='ltr'>occurrit,</span> 
     </span>
     <span class='ocr_line' id='line_1_62' title="bbox 1090 536 1841 582; baseline 0.008 -13"><span class='ocrx_word' id='word_1_276' title='bbox 1090 536 1179 582; x_wconf 90' lang='lat' dir='ltr'>quasi</span> <span class='ocrx_word' id='word_1_277' title='bbox 1215 536 1381 571; x_wconf 80' lang='lat' dir='ltr'>confestim</span> <span class='ocrx_word' id='word_1_278' title='bbox 1419 537 1680 573; x_wconf 88' lang='lat' dir='ltr'>considerationis</span> <span class='ocrx_word' id='word_1_279' title='bbox 1715 549 1841 575; x_wconf 83' lang='lat' dir='ltr'>nostrae</span> 
     </span>
     <span class='ocr_line' id='line_1_63' title="bbox 1091 585 1841 636; baseline 0.007 -17"><span class='ocrx_word' id='word_1_280' title='bbox 1091 585 1276 632; x_wconf 87' lang='lat' dir='ltr'>conspectui</span> <span class='ocrx_word' id='word_1_281' title='bbox 1311 586 1431 620; x_wconf 87' lang='lat' dir='ltr'>acerbis</span> <span class='ocrx_word' id='word_1_282' title='bbox 1466 585 1577 621; x_wconf 85' lang='lat' dir='ltr'>infesta</span> <span class='ocrx_word' id='word_1_283' title='bbox 1601 588 1760 625; x_wconf 85' lang='lat' dir='ltr'>molestiis</span> <span class='ocrx_word' id='word_1_284' title='bbox 1783 602 1841 636; x_wconf 91' lang='lat' dir='ltr'>pe-</span> 
     </span>
     <span class='ocr_line' id='line_1_64' title="bbox 1092 634 1841 682; baseline 0.007 -14"><span class='ocrx_word' id='word_1_285' title='bbox 1092 634 1226 669; x_wconf 87' lang='lat' dir='ltr'>riculosa</span> <span class='ocrx_word' id='word_1_286' title='bbox 1258 635 1426 678; x_wconf 82' lang='lat' dir='ltr'>dissentio,</span> <span class='ocrx_word' id='word_1_287' title='bbox 1467 648 1560 682; x_wconf 88' lang='lat' dir='ltr'>quam</span> <span class='ocrx_word' id='word_1_288' title='bbox 1590 636 1671 671; x_wconf 66' lang='lat' dir='ltr'>inter</span> <span class='ocrx_word' id='word_1_289' title='bbox 1693 637 1841 673; x_wconf 83' lang='lat' dir='ltr'>charissi-</span> 
     </span>
     <span class='ocr_line' id='line_1_65' title="bbox 1091 663 1842 722; baseline 0.005 -4"><span class='ocrx_word' id='word_1_290' title='bbox 1091 697 1179 718; x_wconf 91' lang='lat' dir='ltr'>mum</span> <span class='ocrx_word' id='word_1_291' title='bbox 1204 685 1232 718; x_wconf 93' lang='lat' dir='ltr'>in</span> <span class='ocrx_word' id='word_1_292' title='bbox 1255 684 1383 719; x_wconf 90' lang='lat' dir='ltr'>Christo</span> <span class='ocrx_word' id='word_1_293' title='bbox 1406 663 1503 719; x_wconf 76' lang='lat' dir='ltr'>filium</span> <span class='ocrx_word' id='word_1_294' title='bbox 1532 693 1674 720; x_wconf 90' lang='lat' dir='ltr'>nostrum</span> <span class='ocrx_word' id='word_1_295' title='bbox 1702 686 1842 722; x_wconf 74' lang='lat' dir='ltr'>Eduvar-</span> 
     </span>
     <span class='ocr_line' id='line_1_66' title="bbox 1091 733 1842 780; baseline 0.004 -12"><span class='ocrx_word' id='word_1_296' title='bbox 1091 734 1167 768; x_wconf 91' lang='lat' dir='ltr'>dum</span> <span class='ocrx_word' id='word_1_297' title='bbox 1203 746 1310 780; x_wconf 84' lang='lat' dir='ltr'>regem</span> <span class='ocrx_word' id='word_1_298' title='bbox 1334 733 1468 780; x_wconf 82' lang='lat' dir='ltr'>Angliae</span> <span class='ocrx_word' id='word_1_299' title='bbox 1496 734 1660 775; x_wconf 87' lang='lat' dir='ltr'>illustrem,</span> <span class='ocrx_word' id='word_1_300' title='bbox 1696 744 1725 770; x_wconf 90' lang='lat' dir='ltr'>et</span> <span class='ocrx_word' id='word_1_301' title='bbox 1761 736 1842 772; x_wconf 88' lang='lat' dir='ltr'>dile-</span> 
     </span>
     <span class='ocr_line' id='line_1_67' title="bbox 1091 783 1842 820; baseline 0.004 -3"><span class='ocrx_word' id='word_1_302' title='bbox 1091 792 1176 818; x_wconf 90' lang='lat' dir='ltr'>ctum</span> <span class='ocrx_word' id='word_1_303' title='bbox 1197 783 1297 818; x_wconf 83' lang='lat' dir='ltr'>filium</span> <span class='ocrx_word' id='word_1_304' title='bbox 1320 783 1458 818; x_wconf 89' lang='lat' dir='ltr'>nobilem</span> <span class='ocrx_word' id='word_1_305' title='bbox 1484 784 1584 818; x_wconf 73' lang='lat' dir='ltr'>virum</span> <span class='ocrx_word' id='word_1_306' title='bbox 1606 783 1780 819; x_wconf 90' lang='lat' dir='ltr'>Robertum</span> <span class='ocrx_word' id='word_1_307' title='bbox 1803 786 1842 820; x_wconf 92' lang='lat' dir='ltr'>de</span> 
     </span>
     <span class='ocr_line' id='line_1_68' title="bbox 1092 832 1841 879; baseline 0.003 -12"><span class='ocrx_word' id='word_1_308' title='bbox 1092 833 1185 877; x_wconf 86' lang='lat' dir='ltr'>Brus,</span> <span class='ocrx_word' id='word_1_309' title='bbox 1207 841 1369 879; x_wconf 81' lang='lat' dir='ltr'>gerentem</span> <span class='ocrx_word' id='word_1_310' title='bbox 1393 845 1427 868; x_wconf 89' lang='lat' dir='ltr'>se</span> <span class='ocrx_word' id='word_1_311' title='bbox 1452 845 1506 879; x_wconf 90' lang='lat' dir='ltr'>pro</span> <span class='ocrx_word' id='word_1_312' title='bbox 1529 844 1600 879; x_wconf 80' lang='lat' dir='ltr'>rege</span> <span class='ocrx_word' id='word_1_313' title='bbox 1620 832 1757 874; x_wconf 86' lang='lat' dir='ltr'>Scotiae,</span> <span class='ocrx_word' id='word_1_314' title='bbox 1781 834 1841 869; x_wconf 86' lang='lat' dir='ltr'>iam</span> 
     </span>
     <span class='ocr_line' id='line_1_69' title="bbox 1091 881 1843 918; baseline 0.004 -3"><span class='ocrx_word' id='word_1_315' title='bbox 1091 882 1212 917; x_wconf 91' lang='lat' dir='ltr'>dudum</span> <span class='ocrx_word' id='word_1_316' title='bbox 1238 881 1382 917; x_wconf 90' lang='lat' dir='ltr'>incentor</span> <span class='ocrx_word' id='word_1_317' title='bbox 1404 882 1558 917; x_wconf 88' lang='lat' dir='ltr'>malorum</span> <span class='ocrx_word' id='word_1_318' title='bbox 1581 883 1722 917; x_wconf 92' lang='lat' dir='ltr'>omnium</span> <span class='ocrx_word' id='word_1_319' title='bbox 1746 884 1843 918; x_wconf 90' lang='lat' dir='ltr'>susci-</span> 
     </span>
     <span class='ocr_line' id='line_1_70' title="bbox 1093 931 1841 973; baseline 0.003 -8"><span class='ocrx_word' id='word_1_320' title='bbox 1093 931 1178 972; x_wconf 78' lang='lat' dir='ltr'>tavit,</span> <span class='ocrx_word' id='word_1_321' title='bbox 1206 943 1328 966; x_wconf 85' lang='lat' dir='ltr'>amaras</span> <span class='ocrx_word' id='word_1_322' title='bbox 1355 931 1446 966; x_wconf 89' lang='lat' dir='ltr'>nobis</span> <span class='ocrx_word' id='word_1_323' title='bbox 1475 943 1546 966; x_wconf 90' lang='lat' dir='ltr'>suas</span> <span class='ocrx_word' id='word_1_324' title='bbox 1574 931 1841 973; x_wconf 84' lang='lat' dir='ltr'>circumstantias,</span> 
     </span>
     <span class='ocr_line' id='line_1_71' title="bbox 1092 980 1842 1028; baseline 0.003 -14"><span class='ocrx_word' id='word_1_325' title='bbox 1092 993 1169 1027; x_wconf 90' lang='lat' dir='ltr'>quas</span> <span class='ocrx_word' id='word_1_326' title='bbox 1204 980 1404 1028; x_wconf 76' lang='lat' dir='ltr'>frequenter,</span> <span class='ocrx_word' id='word_1_327' title='bbox 1426 980 1503 1015; x_wconf 89' lang='lat' dir='ltr'>dum</span> <span class='ocrx_word' id='word_1_328' title='bbox 1532 993 1590 1015; x_wconf 92' lang='lat' dir='ltr'>nos</span> <span class='ocrx_word' id='word_1_329' title='bbox 1613 981 1716 1016; x_wconf 87' lang='lat' dir='ltr'>minor</span> <span class='ocrx_word' id='word_1_330' title='bbox 1742 990 1842 1016; x_wconf 84' lang='lat' dir='ltr'>status</span> 
     </span>
     <span class='ocr_line' id='line_1_72' title="bbox 1091 1029 1842 1077; baseline 0.003 -14"><span class='ocrx_word' id='word_1_331' title='bbox 1091 1029 1241 1076; x_wconf 61' lang='lat' dir='ltr'>haberetf,</span> <span class='ocrx_word' id='word_1_332' title='bbox 1275 1030 1353 1064; x_wconf 90' lang='lat' dir='ltr'>intra</span> <span class='ocrx_word' id='word_1_333' title='bbox 1382 1030 1518 1077; x_wconf 88' lang='lat' dir='ltr'>pectoris</span> <span class='ocrx_word' id='word_1_334' title='bbox 1546 1029 1679 1065; x_wconf 88' lang='lat' dir='ltr'>claustra</span> <span class='ocrx_word' id='word_1_335' title='bbox 1708 1031 1842 1066; x_wconf 81' lang='lat' dir='ltr'>revolvi-</span> 
     </span>
     <span class='ocr_line' id='line_1_73' title="bbox 1093 1078 1842 1126; baseline 0.003 -13"><span class='ocrx_word' id='word_1_336' title='bbox 1093 1092 1174 1119; x_wconf 90' lang='lat' dir='ltr'>mus,</span> <span class='ocrx_word' id='word_1_337' title='bbox 1210 1087 1460 1126; x_wconf 87' lang='lat' dir='ltr'>repraesentans.</span> <span class='ocrx_word' id='word_1_338' title='bbox 1489 1078 1570 1113; x_wconf 88' lang='lat' dir='ltr'>Hinc</span> <span class='ocrx_word' id='word_1_339' title='bbox 1594 1080 1710 1114; x_wconf 86' lang='lat' dir='ltr'>etenim</span> <span class='ocrx_word' id='word_1_340' title='bbox 1738 1092 1770 1115; x_wconf 91' lang='lat' dir='ltr'>se</span> <span class='ocrx_word' id='word_1_341' title='bbox 1793 1080 1842 1115; x_wconf 85' lang='lat' dir='ltr'>of—</span> 
     </span>
     <span class='ocr_line' id='line_1_74' title="bbox 1092 1127 1840 1170; baseline 0.001 -8"><span class='ocrx_word' id='word_1_342' title='bbox 1092 1128 1233 1163; x_wconf 84' lang='lat' dir='ltr'>ferebant</span> <span class='ocrx_word' id='word_1_343' title='bbox 1270 1137 1301 1163; x_wconf 87' lang='lat' dir='ltr'>et</span> <span class='ocrx_word' id='word_1_344' title='bbox 1335 1127 1471 1163; x_wconf 80' lang='lat' dir='ltr'>offerunt</span> <span class='ocrx_word' id='word_1_345' title='bbox 1510 1129 1625 1163; x_wconf 87' lang='lat' dir='ltr'>nostris</span> <span class='ocrx_word' id='word_1_346' title='bbox 1660 1128 1840 1170; x_wconf 84' lang='lat' dir='ltr'>obtutibus,</span> 
     </span>
     <span class='ocr_line' id='line_1_75' title="bbox 1094 1176 1841 1224; baseline 0.003 -13"><span class='ocrx_word' id='word_1_347' title='bbox 1094 1177 1359 1224; x_wconf 80' lang='lat' dir='ltr'>impedimentum</span> <span class='ocrx_word' id='word_1_348' title='bbox 1396 1176 1526 1224; x_wconf 89' lang='lat' dir='ltr'>proinde</span> <span class='ocrx_word' id='word_1_349' title='bbox 1558 1176 1648 1212; x_wconf 88' lang='lat' dir='ltr'>facile</span> <span class='ocrx_word' id='word_1_350' title='bbox 1676 1187 1841 1224; x_wconf 87' lang='lat' dir='ltr'>receptura</span> 
     </span>
     <span class='ocr_line' id='line_1_76' title="bbox 1094 1226 1844 1274; baseline 0 -13"><span class='ocrx_word' id='word_1_351' title='bbox 1094 1227 1142 1273; x_wconf 89' lang='lat' dir='ltr'>pia</span> <span class='ocrx_word' id='word_1_352' title='bbox 1184 1226 1241 1261; x_wconf 89' lang='lat' dir='ltr'>Dei</span> <span class='ocrx_word' id='word_1_353' title='bbox 1280 1227 1422 1272; x_wconf 81' lang='lat' dir='ltr'>negotia,</span> <span class='ocrx_word' id='word_1_354' title='bbox 1457 1234 1487 1260; x_wconf 88' lang='lat' dir='ltr'>et</span> <span class='ocrx_word' id='word_1_355' title='bbox 1521 1227 1692 1274; x_wconf 88' lang='lat' dir='ltr'>praecipue</span> <span class='ocrx_word' id='word_1_356' title='bbox 1728 1227 1844 1261; x_wconf 87' lang='lat' dir='ltr'>Terrae</span> 
     </span>
     <span class='ocr_line' id='line_1_77' title="bbox 1092 1275 1843 1316; baseline 0 -6"><span class='ocrx_word' id='word_1_357' title='bbox 1092 1276 1227 1310; x_wconf 89' lang='lat' dir='ltr'>Sanctae</span> <span class='ocrx_word' id='word_1_358' title='bbox 1263 1275 1405 1310; x_wconf 89' lang='lat' dir='ltr'>desertae</span> <span class='ocrx_word' id='word_1_359' title='bbox 1441 1275 1552 1310; x_wconf 88' lang='lat' dir='ltr'>incolis</span> <span class='ocrx_word' id='word_1_360' title='bbox 1573 1275 1843 1316; x_wconf 86' lang='lat' dir='ltr'>christifidelibus,</span> 
     </span>
     <span class='ocr_line' id='line_1_78' title="bbox 1093 1324 1843 1371; baseline 0 -12"><span class='ocrx_word' id='word_1_361' title='bbox 1093 1325 1298 1371; x_wconf 89' lang='lat' dir='ltr'>ipsorumque</span> <span class='ocrx_word' id='word_1_362' title='bbox 1336 1324 1506 1359; x_wconf 84' lang='lat' dir='ltr'>destitutae</span> <span class='ocrx_word' id='word_1_363' title='bbox 1552 1324 1734 1371; x_wconf 82' lang='lat' dir='ltr'>suffragiis,</span> <span class='ocrx_word' id='word_1_364' title='bbox 1777 1325 1843 1365; x_wconf 89' lang='lat' dir='ltr'>cui,</span> 
     </span>
     <span class='ocr_line' id='line_1_79' title="bbox 1092 1373 1844 1420; baseline -0.001 -12"><span class='ocrx_word' id='word_1_365' title='bbox 1092 1374 1254 1408; x_wconf 82' lang='lat' dir='ltr'>catholicis</span> <span class='ocrx_word' id='word_1_366' title='bbox 1278 1373 1475 1420; x_wconf 86' lang='lat' dir='ltr'>principibus</span> <span class='ocrx_word' id='word_1_367' title='bbox 1504 1373 1664 1408; x_wconf 88' lang='lat' dir='ltr'>distractis</span> <span class='ocrx_word' id='word_1_368' title='bbox 1698 1374 1735 1408; x_wconf 87' lang='lat' dir='ltr'>ad</span> <span class='ocrx_word' id='word_1_369' title='bbox 1764 1373 1844 1408; x_wconf 87' lang='lat' dir='ltr'>bella</span> 
     </span>
     <span class='ocr_line' id='line_1_80' title="bbox 1092 1423 1845 1468; baseline 0 -11"><span class='ocrx_word' id='word_1_370' title='bbox 1092 1423 1206 1467; x_wconf 79' lang='lat' dir='ltr'>civilia,</span> <span class='ocrx_word' id='word_1_371' title='bbox 1234 1423 1415 1457; x_wconf 85' lang='lat' dir='ltr'>consolator</span> <span class='ocrx_word' id='word_1_372' title='bbox 1437 1423 1549 1468; x_wconf 85' lang='lat' dir='ltr'>aliquis</span> <span class='ocrx_word' id='word_1_373' title='bbox 1577 1435 1638 1457; x_wconf 89' lang='lat' dir='ltr'>non</span> <span class='ocrx_word' id='word_1_374' title='bbox 1662 1424 1782 1457; x_wconf 81' lang='lat' dir='ltr'>assistit</span> <span class='ocrx_word' id='word_1_375' title='bbox 1808 1436 1845 1458; x_wconf 83' lang='lat' dir='ltr'>ex</span> 
     </span>
     <span class='ocr_line' id='line_1_81' title="bbox 1093 1472 1846 1518; baseline 0 -12"><span class='ocrx_word' id='word_1_376' title='bbox 1093 1472 1243 1507; x_wconf 90' lang='lat' dir='ltr'>omuibus</span> <span class='ocrx_word' id='word_1_377' title='bbox 1269 1472 1350 1506; x_wconf 89' lang='lat' dir='ltr'>caris</span> <span class='ocrx_word' id='word_1_378' title='bbox 1376 1472 1458 1506; x_wconf 88' lang='lat' dir='ltr'>suis:</span> <span class='ocrx_word' id='word_1_379' title='bbox 1485 1472 1558 1506; x_wconf 87' lang='lat' dir='ltr'>hinc</span> <span class='ocrx_word' id='word_1_380' title='bbox 1593 1484 1627 1506; x_wconf 85' lang='lat' dir='ltr'>se</span> <span class='ocrx_word' id='word_1_381' title='bbox 1662 1472 1846 1518; x_wconf 78' lang='lat' dir='ltr'>ingerebant</span> 
     </span>
     <span class='ocr_line' id='line_1_82' title="bbox 1093 1521 1845 1568; baseline -0.001 -12"><span class='ocrx_word' id='word_1_382' title='bbox 1093 1530 1124 1556; x_wconf 90' lang='lat' dir='ltr'>et</span> <span class='ocrx_word' id='word_1_383' title='bbox 1146 1522 1294 1567; x_wconf 83' lang='lat' dir='ltr'>ingerunt</span> <span class='ocrx_word' id='word_1_384' title='bbox 1315 1522 1491 1556; x_wconf 82' lang='lat' dir='ltr'>animarum</span> <span class='ocrx_word' id='word_1_385' title='bbox 1512 1521 1663 1568; x_wconf 74' lang='lat' dir='ltr'>pericula,</span> <span class='ocrx_word' id='word_1_386' title='bbox 1685 1521 1845 1556; x_wconf 88' lang='lat' dir='ltr'>christiani</span> 
     </span>
     <span class='ocr_line' id='line_1_83' title="bbox 1093 1570 1846 1617; baseline 0 -12"><span class='ocrx_word' id='word_1_387' title='bbox 1093 1571 1255 1617; x_wconf 82' lang='lat' dir='ltr'>sanguinis</span> <span class='ocrx_word' id='word_1_388' title='bbox 1277 1583 1339 1605; x_wconf 90' lang='lat' dir='ltr'>non</span> <span class='ocrx_word' id='word_1_389' title='bbox 1363 1570 1442 1605; x_wconf 84' lang='lat' dir='ltr'>levis</span> <span class='ocrx_word' id='word_1_390' title='bbox 1463 1570 1586 1614; x_wconf 80' lang='lat' dir='ltr'>effusio,</span> <span class='ocrx_word' id='word_1_391' title='bbox 1614 1572 1718 1616; x_wconf 83' lang='lat' dir='ltr'>gravia</span> <span class='ocrx_word' id='word_1_392' title='bbox 1742 1583 1846 1606; x_wconf 91' lang='lat' dir='ltr'>rerum</span> 
     </span>
     <span class='ocr_line' id='line_1_84' title="bbox 1094 1619 1846 1667; baseline 0 -13"><span class='ocrx_word' id='word_1_393' title='bbox 1094 1620 1273 1667; x_wconf 87' lang='lat' dir='ltr'>dispendia,</span> <span class='ocrx_word' id='word_1_394' title='bbox 1296 1628 1327 1655; x_wconf 86' lang='lat' dir='ltr'>et</span> <span class='ocrx_word' id='word_1_395' title='bbox 1354 1632 1416 1655; x_wconf 90' lang='lat' dir='ltr'>non</span> <span class='ocrx_word' id='word_1_396' title='bbox 1448 1619 1550 1654; x_wconf 88' lang='lat' dir='ltr'>solum</span> <span class='ocrx_word' id='word_1_397' title='bbox 1578 1621 1718 1666; x_wconf 89' lang='lat' dir='ltr'>ipsorum</span> <span class='ocrx_word' id='word_1_398' title='bbox 1747 1620 1846 1655; x_wconf 91' lang='lat' dir='ltr'>dissi-</span> 
     </span>
     <span class='ocr_line' id='line_1_85' title="bbox 1094 1669 1847 1716; baseline 0 -12"><span class='ocrx_word' id='word_1_399' title='bbox 1094 1670 1251 1714; x_wconf 86' lang='lat' dir='ltr'>dentium,</span> <span class='ocrx_word' id='word_1_400' title='bbox 1285 1681 1480 1716; x_wconf 87' lang='lat' dir='ltr'>suarumque</span> <span class='ocrx_word' id='word_1_401' title='bbox 1520 1669 1681 1715; x_wconf 84' lang='lat' dir='ltr'>gentium,</span> <span class='ocrx_word' id='word_1_402' title='bbox 1725 1669 1780 1704; x_wconf 89' lang='lat' dir='ltr'>sed</span> <span class='ocrx_word' id='word_1_403' title='bbox 1817 1679 1847 1704; x_wconf 88' lang='lat' dir='ltr'>et</span> 
     </span>
     <span class='ocr_line' id='line_1_86' title="bbox 1094 1719 1847 1767; baseline -0.001 -13"><span class='ocrx_word' id='word_1_404' title='bbox 1094 1719 1331 1767; x_wconf 85' lang='lat' dir='ltr'>quamplurium</span> <span class='ocrx_word' id='word_1_405' title='bbox 1360 1720 1494 1754; x_wconf 81' lang='lat' dir='ltr'>alioruin</span> <span class='ocrx_word' id='word_1_406' title='bbox 1531 1719 1561 1753; x_wconf 91' lang='lat' dir='ltr'>in</span> <span class='ocrx_word' id='word_1_407' title='bbox 1591 1719 1731 1766; x_wconf 89' lang='lat' dir='ltr'>ipsorum</span> <span class='ocrx_word' id='word_1_408' title='bbox 1759 1731 1847 1754; x_wconf 93' lang='lat' dir='ltr'>com-</span> 
     </span>
     <span class='ocr_line' id='line_1_87' title="bbox 1095 1768 1847 1817; baseline -0.001 -13"><span class='ocrx_word' id='word_1_409' title='bbox 1095 1769 1235 1804; x_wconf 85' lang='lat' dir='ltr'>motione</span> <span class='ocrx_word' id='word_1_410' title='bbox 1271 1769 1447 1817; x_wconf 87' lang='lat' dir='ltr'>periculosa</span> <span class='ocrx_word' id='word_1_411' title='bbox 1476 1768 1629 1809; x_wconf 80' lang='lat' dir='ltr'>turbatio,</span> <span class='ocrx_word' id='word_1_412' title='bbox 1667 1769 1782 1816; x_wconf 85' lang='lat' dir='ltr'>pariter</span> <span class='ocrx_word' id='word_1_413' title='bbox 1817 1777 1847 1803; x_wconf 89' lang='lat' dir='ltr'>et</span> 
     </span>
     <span class='ocr_line' id='line_1_88' title="bbox 1095 1818 1848 1866; baseline -0.001 -13"><span class='ocrx_word' id='word_1_414' title='bbox 1095 1820 1266 1853; x_wconf 86' lang='lat' dir='ltr'>damnosa:</span> <span class='ocrx_word' id='word_1_415' title='bbox 1308 1819 1385 1854; x_wconf 86' lang='lat' dir='ltr'>haec</span> <span class='ocrx_word' id='word_1_416' title='bbox 1425 1818 1555 1866; x_wconf 84' lang='lat' dir='ltr'>quidem</span> <span class='ocrx_word' id='word_1_417' title='bbox 1603 1819 1700 1853; x_wconf 89' lang='lat' dir='ltr'>nostri</span> <span class='ocrx_word' id='word_1_418' title='bbox 1742 1818 1848 1853; x_wconf 84' lang='lat' dir='ltr'>cordis</span> 
     </span>
     <span class='ocr_line' id='line_1_89' title="bbox 1097 1868 1848 1914; baseline -0.001 -12"><span class='ocrx_word' id='word_1_419' title='bbox 1097 1869 1206 1903; x_wconf 89' lang='lat' dir='ltr'>intima</span> <span class='ocrx_word' id='word_1_420' title='bbox 1225 1868 1409 1908; x_wconf 89' lang='lat' dir='ltr'>stimulant,</span> <span class='ocrx_word' id='word_1_421' title='bbox 1432 1869 1600 1914; x_wconf 89' lang='lat' dir='ltr'>acutisque</span> <span class='ocrx_word' id='word_1_422' title='bbox 1627 1868 1766 1902; x_wconf 87' lang='lat' dir='ltr'>stimulis</span> <span class='ocrx_word' id='word_1_423' title='bbox 1791 1879 1848 1901; x_wconf 91' lang='lat' dir='ltr'>no·</span> 
     </span>
     <span class='ocr_line' id='line_1_90' title="bbox 1096 1917 1847 1965; baseline -0.003 -13"><span class='ocrx_word' id='word_1_424' title='bbox 1096 1927 1197 1952; x_wconf 89' lang='lat' dir='ltr'>strum</span> <span class='ocrx_word' id='word_1_425' title='bbox 1222 1917 1423 1965; x_wconf 88' lang='lat' dir='ltr'>interpellant</span> <span class='ocrx_word' id='word_1_426' title='bbox 1446 1917 1597 1957; x_wconf 85' lang='lat' dir='ltr'>officium,</span> <span class='ocrx_word' id='word_1_427' title='bbox 1627 1925 1657 1951; x_wconf 90' lang='lat' dir='ltr'>ut</span> <span class='ocrx_word' id='word_1_428' title='bbox 1682 1917 1719 1951; x_wconf 87' lang='lat' dir='ltr'>ad</span> <span class='ocrx_word' id='word_1_429' title='bbox 1742 1928 1847 1951; x_wconf 82' lang='lat' dir='ltr'>occur·</span> 
     </span>
     <span class='ocr_line' id='line_1_91' title="bbox 1097 1966 1848 2014; baseline -0.003 -13"><span class='ocrx_word' id='word_1_430' title='bbox 1097 1967 1230 2002; x_wconf 88' lang='lat' dir='ltr'>rendum</span> <span class='ocrx_word' id='word_1_431' title='bbox 1259 1979 1314 2014; x_wconf 89' lang='lat' dir='ltr'>per</span> <span class='ocrx_word' id='word_1_432' title='bbox 1335 1975 1491 2014; x_wconf 87' lang='lat' dir='ltr'>oportuna</span> <span class='ocrx_word' id='word_1_433' title='bbox 1520 1966 1658 2001; x_wconf 87' lang='lat' dir='ltr'>remedia</span> <span class='ocrx_word' id='word_1_434' title='bbox 1682 1974 1769 2000; x_wconf 89' lang='lat' dir='ltr'>tanto</span> <span class='ocrx_word' id='word_1_435' title='bbox 1799 1978 1848 2000; x_wconf 85' lang='lat' dir='ltr'>re-</span> 
     </span>
     <span class='ocr_line' id='line_1_92' title="bbox 1096 2015 1848 2063; baseline -0.001 -13"><span class='ocrx_word' id='word_1_436' title='bbox 1096 2016 1224 2063; x_wconf 83' lang='lat' dir='ltr'>ligionis</span> <span class='ocrx_word' id='word_1_437' title='bbox 1246 2017 1438 2052; x_wconf 83' lang='lat' dir='ltr'>christianae</span> <span class='ocrx_word' id='word_1_438' title='bbox 1460 2015 1635 2050; x_wconf 86' lang='lat' dir='ltr'>discrimini</span> <span class='ocrx_word' id='word_1_439' title='bbox 1664 2017 1752 2050; x_wconf 90' lang='lat' dir='ltr'>ocius</span> <span class='ocrx_word' id='word_1_440' title='bbox 1787 2027 1848 2049; x_wconf 80' lang='lat' dir='ltr'>ex-</span> 
     </span>
     <span class='ocr_line' id='line_1_93' title="bbox 1097 2078 1258 2112; baseline 0 -12"><span class='ocrx_word' id='word_1_441' title='bbox 1097 2078 1258 2112; x_wconf 83' lang='lat' dir='ltr'>urgamus.</span> 
     </span>
    </p>

    <p class='ocr_par' dir='ltr' id='par_1_23' title="bbox 1097 2113 1851 2705">
     <span class='ocr_line' id='line_1_94' title="bbox 1145 2113 1847 2162; baseline -0.004 -11.996"><span class='ocrx_word' id='word_1_442' title='bbox 1145 2116 1165 2162; x_wconf 64' lang='lat' dir='ltr'>S</span> <span class='ocrx_word' id='word_1_443' title='bbox 1189 2119 1220 2150; x_wconf 79' lang='lat'>1.</span> <span class='ocrx_word' id='word_1_444' title='bbox 1244 2114 1452 2150; x_wconf 87' lang='lat' dir='ltr'>Attendentes</span> <span class='ocrx_word' id='word_1_445' title='bbox 1476 2114 1587 2160; x_wconf 83' lang='lat' dir='ltr'>igitur,</span> <span class='ocrx_word' id='word_1_446' title='bbox 1612 2113 1696 2160; x_wconf 88' lang='lat' dir='ltr'>quod</span> <span class='ocrx_word' id='word_1_447' title='bbox 1716 2113 1753 2148; x_wconf 81' lang='lat' dir='ltr'>ad</span> <span class='ocrx_word' id='word_1_448' title='bbox 1779 2125 1847 2155; x_wconf 87' lang='lat' dir='ltr'>nos,</span> 
     </span>
     <span class='ocr_line' id='line_1_95' title="bbox 1097 2161 1847 2212; baseline -0.004 -13"><span class='ocrx_word' id='word_1_449' title='bbox 1097 2177 1164 2212; x_wconf 82' lang='lat' dir='ltr'>qui,</span> <span class='ocrx_word' id='word_1_450' title='bbox 1199 2165 1271 2199; x_wconf 91' lang='lat' dir='ltr'>licet</span> <span class='ocrx_word' id='word_1_451' title='bbox 1303 2164 1466 2203; x_wconf 91' lang='lat' dir='ltr'>immeriti,</span> <span class='ocrx_word' id='word_1_452' title='bbox 1503 2164 1585 2198; x_wconf 89' lang='lat' dir='ltr'>vices</span> <span class='ocrx_word' id='word_1_453' title='bbox 1606 2163 1703 2209; x_wconf 85' lang='lat' dir='ltr'>Regis</span> <span class='ocrx_word' id='word_1_454' title='bbox 1727 2161 1847 2209; x_wconf 82' lang='lat' dir='ltr'>pacifici</span> 
     </span>
     <span class='ocr_line' id='line_1_96' title="bbox 1097 2212 1848 2260; baseline 0 -14"><span class='ocrx_word' id='word_1_455' title='bbox 1097 2215 1250 2260; x_wconf 78' lang='lat' dir='ltr'>gerimus,</span> <span class='ocrx_word' id='word_1_456' title='bbox 1278 2225 1313 2248; x_wconf 89' lang='lat' dir='ltr'>ac</span> <span class='ocrx_word' id='word_1_457' title='bbox 1337 2213 1534 2260; x_wconf 84' lang='lat' dir='ltr'>plenitudine</span> <span class='ocrx_word' id='word_1_458' title='bbox 1563 2212 1723 2258; x_wconf 81' lang='lat' dir='ltr'>fungimur</span> <span class='ocrx_word' id='word_1_459' title='bbox 1759 2220 1848 2258; x_wconf 78' lang='lat' dir='ltr'>potc-</span> 
     </span>
     <span class='ocr_line' id='line_1_97' title="bbox 1098 2262 1850 2310; baseline -0.003 -13"><span class='ocrx_word' id='word_1_460' title='bbox 1098 2264 1187 2299; x_wconf 86' lang='lat' dir='ltr'>statis</span> <span class='ocrx_word' id='word_1_461' title='bbox 1210 2263 1423 2310; x_wconf 88' lang='lat' dir='ltr'>apostolorum</span> <span class='ocrx_word' id='word_1_462' title='bbox 1452 2262 1604 2308; x_wconf 81' lang='lat' dir='ltr'>Principi,</span> <span class='ocrx_word' id='word_1_463' title='bbox 1628 2262 1758 2307; x_wconf 73' lang='lat' dir='ltr'>suisque</span> <span class='ocrx_word' id='word_1_464' title='bbox 1781 2273 1850 2295; x_wconf 88' lang='lat' dir='ltr'>suc-</span> 
     </span>
     <span class='ocr_line' id='line_1_98' title="bbox 1098 2310 1849 2355; baseline -0.005 -8"><span class='ocrx_word' id='word_1_465' title='bbox 1098 2312 1277 2348; x_wconf 84' lang='lat' dir='ltr'>cessoribus</span> <span class='ocrx_word' id='word_1_466' title='bbox 1299 2325 1336 2346; x_wconf 87' lang='lat' dir='ltr'>ex</span> <span class='ocrx_word' id='word_1_467' title='bbox 1359 2312 1420 2346; x_wconf 83' lang='lat' dir='ltr'>alto</span> <span class='ocrx_word' id='word_1_468' title='bbox 1443 2323 1623 2350; x_wconf 80' lang='lat' dir='ltr'>concessae,</span> <span class='ocrx_word' id='word_1_469' title='bbox 1646 2310 1849 2355; x_wconf 79' lang='lat' dir='ltr'>singulariter</span> 
     </span>
     <span class='ocr_line' id='line_1_99' title="bbox 1099 2360 1849 2409; baseline -0.005 -12"><span class='ocrx_word' id='word_1_470' title='bbox 1099 2363 1235 2409; x_wconf 88' lang='lat' dir='ltr'>pertinet</span> <span class='ocrx_word' id='word_1_471' title='bbox 1271 2362 1300 2395; x_wconf 93' lang='lat' dir='ltr'>in</span> <span class='ocrx_word' id='word_1_472' title='bbox 1325 2360 1495 2395; x_wconf 80' lang='lat' dir='ltr'>universali</span> <span class='ocrx_word' id='word_1_473' title='bbox 1528 2360 1667 2395; x_wconf 83' lang='lat' dir='ltr'>Ecclesia</span> <span class='ocrx_word' id='word_1_474' title='bbox 1696 2367 1849 2394; x_wconf 69' lang='lat' dir='ltr'>cunctare</span> 
     </span>
     <span class='ocr_line' id='line_1_100' title="bbox 1098 2409 1849 2457; baseline -0.005 -11"><span class='ocrx_word' id='word_1_475' title='bbox 1098 2411 1342 2457; x_wconf 80' lang='lat' dir='ltr'>congregatione</span> <span class='ocrx_word' id='word_1_476' title='bbox 1370 2409 1511 2444; x_wconf 82' lang='lat' dir='ltr'>fidelium</span> <span class='ocrx_word' id='word_1_477' title='bbox 1542 2421 1650 2456; x_wconf 89' lang='lat' dir='ltr'>pacem</span> <span class='ocrx_word' id='word_1_478' title='bbox 1678 2420 1849 2456; x_wconf 77' lang='lat' dir='ltr'>quaerere,</span> 
     </span>
     <span class='ocr_line' id='line_1_101' title="bbox 1099 2458 1848 2508; baseline -0.007 -12"><span class='ocrx_word' id='word_1_479' title='bbox 1099 2474 1135 2496; x_wconf 87' lang='lat' dir='ltr'>ac</span> <span class='ocrx_word' id='word_1_480' title='bbox 1159 2463 1258 2508; x_wconf 88' lang='lat' dir='ltr'>ipsam</span> <span class='ocrx_word' id='word_1_481' title='bbox 1282 2461 1383 2494; x_wconf 83' lang='lat' dir='ltr'>facere</span> <span class='ocrx_word' id='word_1_482' title='bbox 1406 2459 1588 2505; x_wconf 75' lang='lat' dir='ltr'>diligentius</span> <span class='ocrx_word' id='word_1_483' title='bbox 1613 2458 1783 2498; x_wconf 80' lang='lat' dir='ltr'>observari,</span> <span class='ocrx_word' id='word_1_484' title='bbox 1807 2458 1848 2491; x_wconf 87' lang='lat' dir='ltr'>in-</span> 
     </span>
     <span class='ocr_line' id='line_1_102' title="bbox 1101 2508 1850 2557; baseline -0.004 -13"><span class='ocrx_word' id='word_1_485' title='bbox 1101 2520 1146 2546; x_wconf 79' lang='lat' dir='ltr'>ter</span> <span class='ocrx_word' id='word_1_486' title='bbox 1173 2509 1330 2557; x_wconf 73' lang='lat' dir='ltr'>praefatos</span> <span class='ocrx_word' id='word_1_487' title='bbox 1357 2521 1462 2554; x_wconf 77' lang='lat' dir='ltr'>regem</span> <span class='ocrx_word' id='word_1_488' title='bbox 1498 2508 1649 2553; x_wconf 82' lang='lat' dir='ltr'>Angliae,</span> <span class='ocrx_word' id='word_1_489' title='bbox 1677 2519 1712 2542; x_wconf 84' lang='lat' dir='ltr'>ac</span> <span class='ocrx_word' id='word_1_490' title='bbox 1734 2519 1850 2553; x_wconf 80' lang='lat' dir='ltr'>geren-</span> 
     </span>
     <span class='ocr_line' id='line_1_103' title="bbox 1101 2557 1850 2606; baseline -0.004 -13"><span class='ocrx_word' id='word_1_491' title='bbox 1101 2569 1162 2594; x_wconf 63' lang='lat' dir='ltr'>tem</span> <span class='ocrx_word' id='word_1_492' title='bbox 1183 2572 1215 2593; x_wconf 86' lang='lat' dir='ltr'>se</span> <span class='ocrx_word' id='word_1_493' title='bbox 1239 2571 1295 2606; x_wconf 94' lang='lat' dir='ltr'>pro</span> <span class='ocrx_word' id='word_1_494' title='bbox 1317 2570 1390 2604; x_wconf 76' lang='lat' dir='ltr'>rege</span> <span class='ocrx_word' id='word_1_495' title='bbox 1411 2557 1549 2597; x_wconf 75' lang='lat' dir='ltr'>Scotiae,</span> <span class='ocrx_word' id='word_1_496' title='bbox 1578 2559 1762 2591; x_wconf 85' lang='lat' dir='ltr'>auctoritate</span> <span class='ocrx_word' id='word_1_497' title='bbox 1780 2569 1850 2603; x_wconf 85' lang='lat' dir='ltr'>apo-</span> 
     </span>
     <span class='ocr_line' id='line_1_104' title="bbox 1101 2606 1850 2653; baseline -0.005 -10"><span class='ocrx_word' id='word_1_498' title='bbox 1101 2610 1209 2644; x_wconf 86' lang='lat' dir='ltr'>stolica</span> <span class='ocrx_word' id='word_1_499' title='bbox 1234 2617 1368 2653; x_wconf 77' lang='lat' dir='ltr'>treugas,</span> <span class='ocrx_word' id='word_1_500' title='bbox 1391 2619 1524 2653; x_wconf 87' lang='lat' dir='ltr'>quarum</span> <span class='ocrx_word' id='word_1_501' title='bbox 1547 2606 1658 2641; x_wconf 79' lang='lat' dir='ltr'>foedus</span> <span class='ocrx_word' id='word_1_502' title='bbox 1681 2606 1850 2652; x_wconf 82' lang='lat' dir='ltr'>imaginem</span> 
     </span>
     <span class='ocr_line' id='line_1_105' title="bbox 1103 2656 1851 2705; baseline -0.004 -13"><span class='ocrx_word' id='word_1_503' title='bbox 1103 2659 1185 2705; x_wconf 80' lang='lat' dir='ltr'>pacis</span> <span class='ocrx_word' id='word_1_504' title='bbox 1210 2658 1340 2700; x_wconf 80' lang='lat' dir='ltr'>inducit,</span> <span class='ocrx_word' id='word_1_505' title='bbox 1369 2656 1537 2690; x_wconf 82' lang='lat' dir='ltr'>indicimus</span> <span class='ocrx_word' id='word_1_506' title='bbox 1565 2667 1667 2702; x_wconf 84' lang='lat' dir='ltr'>usque</span> <span class='ocrx_word' id='word_1_507' title='bbox 1691 2656 1726 2689; x_wconf 86' lang='lat' dir='ltr'>ad</span> <span class='ocrx_word' id='word_1_508' title='bbox 1762 2656 1851 2689; x_wconf 80' lang='lat' dir='ltr'>bieu-</span> 
     </span>
    </p>
   </div>
   <div class='ocr_carea' id='block_1_20' title="bbox 1860 276 2039 303">
    <p class='ocr_par' dir='ltr' id='par_1_24' title="bbox 1860 276 2039 303">
     <span class='ocr_line' id='line_1_106' title="bbox 1860 276 2039 303; baseline 0.011 -2"><span class='ocrx_word' id='word_1_509' title='bbox 1860 276 2039 303; x_wconf 77' lang='lat' dir='ltr'>An.t:.1317</span> 
     </span>
    </p>
   </div>
   <div class='ocr_carea' id='block_1_21' title="bbox 1857 449 2040 532">
    <p class='ocr_par' dir='ltr' id='par_1_25' title="bbox 1857 449 2040 531">
     <span class='ocr_line' id='line_1_107' title="bbox 1870 449 2040 476; baseline 0 -6"><span class='ocrx_word' id='word_1_510' title='bbox 1870 449 1922 470; x_wconf 64' lang='lat' dir='ltr'>Mola</span> <span class='ocrx_word' id='word_1_511' title='bbox 1943 456 1994 476; x_wconf 66' lang='lat' dir='ltr'>qun:</span> <span class='ocrx_word' id='word_1_512' title='bbox 2017 457 2040 470; x_wconf 64' lang='grc' dir='ltr'>ει</span> 
     </span>
     <span class='ocr_line' id='line_1_108' title="bbox 1857 482 2040 532; baseline 0 -31"><span class='ocrx_word' id='word_1_513' title='bbox 1857 482 1974 532; x_wconf 61' lang='lat' dir='ltr'>hUl&#39;tlstttritll</span> <span class='ocrx_word' id='word_1_514' title='bbox 1998 483 2040 501; x_wconf 61' lang='lat' dir='ltr'>y112-</span> 
     </span>
     <span class='ocr_line' id='line_1_109' title="bbox 1946 517 2040 531; baseline 0.011 -1"><span class='ocrx_word' id='word_1_515' title='bbox 1946 518 1956 530; x_wconf 54' lang='lat' dir='ltr'>e</span> <span class='ocrx_word' id='word_1_516' title='bbox 1997 517 2040 531; x_wconf 31' lang='lat'>17¹1»,</span> 
     </span>
    </p>
   </div>
   <div class='ocr_carea' id='block_1_22' title="bbox 1857 544 2031 570">
    <p class='ocr_par' dir='ltr' id='par_1_26' title="bbox 1857 544 2031 570">
     <span class='ocr_line' id='line_1_110' title="bbox 1857 544 2031 570; baseline -0.017 -6"><span class='ocrx_word' id='word_1_517' title='bbox 1857 549 1893 564; x_wconf 76' lang='grc' dir='ltr'>ιυιι</span> <span class='ocrx_word' id='word_1_518' title='bbox 1890 548 1902 562; x_wconf 93' lang='grc' dir='ltr'>ιι</span> <span class='ocrx_word' id='word_1_519' title='bbox 1938 544 2031 570; x_wconf 36' lang='lat' dir='ltr'>inpiati</span> 
     </span>
    </p>
   </div>
   <div class='ocr_carea' id='block_1_23' title="bbox 1862 2122 2046 2150">
    <p class='ocr_par' dir='ltr' id='par_1_27' title="bbox 1862 2122 2046 2150">
     <span class='ocr_line' id='line_1_111' title="bbox 1862 2122 2046 2150; baseline -0.005 -5"><span class='ocrx_word' id='word_1_520' title='bbox 1862 2122 1953 2150; x_wconf 66' lang='lat' dir='ltr'>treugas</span> <span class='ocrx_word' id='word_1_521' title='bbox 1965 2124 2046 2144; x_wconf 78' lang='lat' dir='ltr'>indicit.</span> 
     </span>
    </p>
   </div>
  </div>
 </body>
</html>
