2274 3265
235 287 282 313 An.
303 286 331 313 C.
347 287 412 314 ¹308

244 842 281 863 lac-x
295 845 328 862 'de
344 850 382 870 qua
392 850 410 863 in

229 876 327 895 rubrus.

261 1393 287 1414 ΕΙ,
298 1395 377 1415 ιιειιῖεε4

485 274 547 305 196

428 348 455 375 et
483 336 710 374 consuetudine
738 336 913 375 observata,
945 334 1104 381 simplices
1131 341 1173 367 ta-

429 400 498 424 men
516 397 544 423 et
563 386 730 435 populares
758 396 920 433 personae,
946 396 1006 419 non
1028 383 1174 418 habentes

428 439 507 473 iuter
541 445 681 472 monetas
708 444 809 470 tantae
843 433 1056 469 similitudinis
1091 433 1173 480 peri-

428 489 500 523 tiam
540 485 756 530 discernendi,
791 483 940 519 l'alluutur
970 482 1109 530 quotidie
1143 483 1172 517 in

428 550 487 573 usu
506 544 716 580 monetarum,
735 534 921 581 recipientes
940 540 1081 568 monetas
1098 531 1173 567 falso

427 586 612 623 assimilatas
640 598 695 633 pro
718 584 808 620 veris.
835 583 917 618 Sunt
939 591 968 617 et
990 582 1098 629 aliqui,
1120 582 1172 629 qui

426 638 562 673 scienter
583 636 673 671 salsas
701 643 840 670 monetas
860 642 946 668 extra
971 645 1099 678 regnum
1124 631 1173 678 ip-

427 700 496 722 sum
519 694 640 725 emunt,
663 693 693 719 et
720 692 823 731 postea
859 683 934 717 inl'ra
971 693 1099 727 regnum
1124 681 1172 727 ip-

427 749 495 772 sum
519 748 571 771 eas
592 742 727 782 portant,
755 733 893 768 vendunt
929 739 958 765 et
979 729 1161 778 expendunt

477 787 497 833 S
518 788 550 820 2.
579 784 644 820 Nos
665 784 770 831 igitur,
792 781 1000 824 attendentes,
1026 779 1110 826 quod
1139 779 1174 812 ii-

428 836 499 873 dem
535 834 661 877 falsarii,
684 842 714 868 et
741 832 940 867 fabricatores
978 837 1172 863 monetarum

429 887 547 925 talium,
570 892 599 918 et
621 890 778 930 emptores
800 879 961 928 praedicti,
985 891 1039 926 per
1060 878 1119 913 hoc
1141 890 1174 912 sc

427 936 538 982 dignos
561 931 781 968 maledictione
803 930 1013 968 constituuut;
1037 940 1091 962 eos
1108 927 1174 974 qni,

428 994 460 1020 ut
483 982 701 1032 praemittitur,
730 980 898 1028 praemissa
926 977 1028 1013 moliri
1056 985 1109 1013 aut
1129 977 1174 1011 fa-

427 1034 562 1077 bricare,
600 1043 703 1067 emere
733 1030 778 1065 vel
811 1038 933 1076 portare
973 1027 1010 1062 ad
1041 1039 1172 1074 reguum

427 1082 619 1131 praedictum
648 1081 784 1116 scienter
812 1077 1090 1126 praesumpserint,
1121 1089 1176 1110 ex-

425 1130 719 1169 communicationis
765 1129 919 1164 sententia
969 1126 1175 1169 innodamus,

424 1183 620 1219 absolutione
655 1179 889 1228 praedictorum
928 1176 1018 1211 nobis
1046 1185 1075 1211 et
1102 1188 1175 1210 suc-

425 1231 603 1268 cessoribus
626 1230 751 1272 uostriS,
780 1237 900 1275 praeter
924 1239 1017 1274 quam
1042 1227 1071 1260 in
1096 1238 1177 1260 mor-

425 1285 463 1318 tis
490 1281 632 1325 articulo,
652 1287 815 1314 reservata.
1072 1276 1075 1279 '

473 1331 554 1366 Nulli
570 1342 644 1377 ergo
660 1329 791 1364 omnino
807 1327 971 1361 homiuum
989 1325 1078 1360 liceat
1096 1324 1176 1359 lianc

425 1381 568 1430 paginam
604 1388 727 1414 nostrae
754 1376 966 1414 innodationis
998 1375 1176 1421 infringere,

425 1431 470 1467 vel
498 1431 524 1466 ei
553 1442 628 1464 ausu
657 1428 825 1464 temerario
852 1426 1022 1461 contraire.
1045 1424 1078 1459 Si
1107 1425 1178 1472 quis

426 1488 529 1516 autem
553 1479 612 1514 hoc
633 1485 786 1513 attentare
815 1475 1071 1524 praesumpserit,
1095 1473 1179 1508 indi-

423 1530 604 1577 gnationem
624 1527 850 1575 omnipotentis
869 1524 941 1569 Dei,
957 1538 992 1560 ac
1013 1524 1176 1558 beatorum

425 1580 506 1616 Petri
543 1586 573 1613 et
599 1577 687 1613 Pauli
728 1575 941 1624 apostolorum
971 1576 1036 1610 eius
1059 1586 1091 1608 se
1115 1585 1178 1608 no—

425 1638 502 1665 verit
519 1639 731 1663 incursurum.

472 1679 586 1715 Datum
614 1676 745 1712 Tolosae
783 1687 806 1710 11
841 1674 989 1709 kalendas
1024 1672 1179 1716 ianuarii,

425 1728 626 1777 pontificatus
660 1725 758 1761 nostri
799 1736 881 1759 anno
916 1736 961 1758 lv,

446 1791 508 1821 Dat.
525 1791 572 1821 die
588 1789 621 1819 31
642 1788 810 1820 decembris
832 1787 914 1824 1308,
931 1791 1009 1826 pont.
1026 1795 1101 1816 anno
1121 1794 1155 1817 iv.

787 1948 839 1983 lx.

425 2030 472 2064 De
497 2030 597 2063 reditu
623 2029 753 2061 civitatis
781 2028 943 2060 Ferrariae
965 2028 1018 2060 snb
1048 2028 1177 2071 antiqua

474 2079 561 2113 Sedis
583 2078 776 2123 Apostolicae
805 2076 974 2110 obedientia
1000 2084 1027 2109 ee
1049 2078 1177 2110 iurisdi—

475 2130 581 2171 ctione,
620 2129 740 2172 eiusque
782 2127 1011 2172 pri‘vi‘leqiornm
1066 2127 1178 2171 confir-

476 2180 608 2213 matione
635 2179 689 2220 (1).

693 2246 907 2279 SUMMARIUM

426 2313 613 2344 Prooemium.
633 2330 671 2334 —
690 2312 716 2342 1.
740 2311 873 2341 Ferraria
899 2310 1006 2340 multas
1036 2318 1173 2348 perpessa

466 2358 646 2388 calamitates
666 2356 721 2386 sub
744 2355 960 2393 Longobardis:
978 2372 1014 2376 —-
1030 2355 1050 2383 Α
1071 2353 1173 2383 Carolo

466 2401 568 2440 Magno
591 2402 624 2430 ad
648 2400 798 2430 Ecclesiae
824 2400 987 2429 dominium
1020 2399 1175 2428 vindicata.

465 2464 505 2469 —
529 2445 612 2477 Sedis
633 2446 731 2485 Apost.
754 2445 789 2475 de
817 2445 920 2474 eadem
944 2443 1108 2474 solicitudo.
1138 2461 1175 2466 —

466 2492 493 2521 2.
513 2490 553 2522 De
568 2491 746 2521 Venetorum
764 2491 916 2530 tyrannide
940 2490 1071 2520 liberata.
1095 2507 1133 2511 —
1149 2490 1175 2519 3.

467 2536 670 2567 Ferrarienses
700 2545 750 2574 per
776 2536 901 2566 nuncios
934 2535 1064 2565 ciusdem
1090 2533 1174 2564 Sedis

467 2581 628 2611 dominium
662 2582 843 2620 profitentur.
875 2597 913 2602 —
938 2578 1173 2610 Ferrariensium

1008 279 1043 301 11Ιῖ
1049 278 1105 301 [LA
1111 278 1129 300 lt
1135 279 1142 300 Ι
1148 278 1192 300 [iM
1218 276 1376 300 ttOMANt'M

1257 335 1340 360 stant.
1372 346 1409 351 —
1440 330 1466 358 t.
1491 328 1718 357 instrumentum
1745 329 1876 364 peractae
1909 327 1958 354 rei.

1257 392 1293 398 —
1312 375 1422 404 Literae
1444 371 1639 403 credentiales
1657 370 1703 400 dd.
1726 369 1960 399 nunciorum.—

1256 420 1312 459 lpsi
1330 419 1535 449 Ferrarienses
1555 416 1636 446 Rom.
1652 414 1802 445 vEcclesiae
1825 413 1959 444 subditos

1254 475 1285 494 sc
1313 464 1348 494 ab
1372 460 1600 493 immemorabili
1623 459 1758 489 fatentur.
1786 475 1825 480 —
1853 456 1959 487 Eadem

1254 509 1423 539 confirmata
1458 517 1471 536 a
1502 506 1618 546 populo.
1640 520 1679 527 —
1700 504 1728 533 5.
1758 502 1868 532 Literae
1894 510 1960 531 cre-

1254 553 1398 583 dentiales
1420 562 1436 582 a
1468 552 1561 589 legato
1584 548 1732 580 Ecclesiae
1756 547 1890 577 eiusdem
1913 556 1963 576 ro-

1253 597 1381 627 boratae.
1393 614 1431 619 —
1449 597 1476 627 ὓ.
1491 595 1696 626 Ferrarienscs
1716 592 1797 622 Rom.
1813 591 1961 621 Ecclesiae

1254 651 1284 671 se
1313 641 1466 677 dederuut,
1483 639 1635 670 nonnullis
1659 637 1766 668 additis
1789 635 1962 666 declaratio—

1255 685 1352 715 nibus.
1368 685 1628 722 -Salhiuguerra
1645 681 1796 712 Ferrariae
1812 684 1961 719 tyrannus.

1254 746 1292 751 —
1314 729 1481 759 Estensium
1510 729 1564 758 vis:
1587 744 1626 749 —
1648 728 1673 756 7.
1697 726 1874 756 Venetorum
1902 725 1964 753 vio-

1255 773 1353 803 lentia.
1375 789 1413 795 --
1442 772 1645 802 Ferrarienses
1675 781 1716 807 se,
1745 779 1857 809 suaque
1881 768 1963 798 Rom.

1255 817 1403 847 Ecclesiae
1420 817 1554 846 offerunt.
1572 833 1609 838 --
1624 815 1796 854 llomagium
1817 818 1963 853 praestant.

1254 877 1292 883 —-
1327 862 1354 890 8.
1390 860 1588 890 lurameutum
1619 860 1768 890 fidelitatis
1797 859 1832 888 ab
1862 868 1962 888 eorum

1255 905 1372 934 nunciis
1396 902 1577 943 praestitum.
1599 921 1637 926 —
1665 903 1838 943 Legalizatio
1860 913 1965 941 supru-

1255 949 1325 979 dicti
1348 949 1545 979 instrumenti.
1564 965 1601 970 —
1622 949 1650 978 0.
1667 948 1801 978 Clemens
1819 948 1873 978 PP.
1896 947 1964 978 Fer-

1256 994 1350 1023 rariae
1375 993 1538 1023 dominium
1569 993 1681 1032 recipit,
1713 993 1824 1022 adiecta
1848 992 1911 1030 lege
1935 997 1965 1022 ut

1257 1047 1406 1077 uunquam
1426 1047 1441 1067 a
1457 1036 1539 1067 Rom.
1560 1036 1710 1066 Ecclesiae
1729 1036 1792 1066 iure
1810 1036 1965 1066 alienetur.

1255 1098 1293 1103 —
1325 1082 1367 1112 to.
1386 1081 1494 1112 Vicarii
1527 1081 1562 1111 ad
1585 1081 1717 1111 camdem
1747 1079 1963 1119 gubernandam

1257 1126 1402 1156 civitatem
1423 1126 1576 1165 delegandi
1597 1135 1716 1154 munus.
1732 1141 1771 1147 —
1793 1124 1839 1153 11.
1857 1123 1896 1153 De
1915 1134 1965 1162 po—

1258 1171 1369 1201 testatis
1384 1171 1543 1201 electione:
1560 1187 1598 1191 —-
1618 1170 1659 1199 1⁹2.
1676 1169 1709 1198 Et
1723 1168 1810 1199 officii
1827 1172 1965 1207 tempore.

1257 1233 1296 1238 —-
1319 1216 1363 1246 113.
1391 1215 1428 1246 De
1457 1215 1576 1246 iudiciis
1596 1219 1624 1244 et
1645 1212 1902 1253 appellationibus.
1930 1230 1968 1234 —

1261 1261 1303 1290 14.
1324 1259 1355 1290 111
1371 1261 1470 1290 causis
1488 1260 1638 1296 vicarium,
1655 1263 1705 1288 aut
1720 1258 1784 1288 eius
1805 1257 1966 1287 familiares

1258 1305 1444 1343 tangentibus
1478 1305 1563 1335 Sedis
1586 1304 1683 1343 Apost.
1713 1302 1868 1342 petendum
1892 1302 1968 1331 iudi-

1258 1350 1347 1380 cium.
1370 1366 1409 1372 —
1432 1349 1477 1378 15.
1503 1347 1701 1378 Consalonerii
1724 1346 1851 1376 officium
1871 1355 1968 1376 cassa-

1260 1399 1329 1424 tum.
1347 1411 1387 1416 —
1404 1393 1563 1424 Duodecim
1583 1391 1693 1422 antiani
1713 1391 1849 1430 eligendi.
1865 1408 1903 1412 —
1922 1391 1965 1420 16.

1260 1438 1298 1467 De
1320 1438 1509 1468 consiliariis.
1532 1454 1570 1459 -
1590 1436 1635 1466 17.
1661 1435 1699 1465 De
1723 1439 1897 1465 statutorum
1922 1436 1966 1465 ci-

1260 1483 1354 1513 vitatis
1378 1483 1520 1519 examine,
1539 1480 1772 1517 confirmatione,
1793 1483 1843 1509 etc.
1861 1497 1899 1502 —
1922 1480 1968 1509 18.

1259 1527 1379 1558 Militiae
1407 1526 1553 1566 equestris
1580 1530 1609 1555 et
1630 1525 1777 1565 pedestris
1807 1533 1968 1559 uumerus,

1260 1572 1450 1611 stipendium,
1468 1575 1517 1600 etc.
1536 1588 1574 1592 —
1595 1570 1640 1600 19.
1666 1568 1704 1598 De
1723 1567 1899 1606 redditibus,
1916 1577 1967 1598 ex-

1261 1618 1417 1658 pensisque
1440 1616 1474 1646 ad
1494 1625 1544 1645 eos
1571 1614 1738 1653 exigendos.
1768 1629 1806 1635 —
1831 1613 1879 1644 ΞΟ.
1902 1611 1970 1644 Offi-

1261 1662 1350 1692 ciales
1381 1661 1484 1699 quales
1516 1668 1582 1689 esse
1615 1658 1750 1688 debeant.
1780 1674 1819 1679 —
1850 1657 1896 1686 21.
1929 1656 1968 1686 De

1262 1704 1492 1746 placitis—⁹2⁶2.
1511 1703 1667 1734 potestatis
1684 1702 1847 1732 iurisdictio
1863 1701 1968 1740 qualis.

1260 1769 1298 1773 —
1338 1750 1534 1780 Emendarum
1567 1748 1658 1787 pretia
1690 1757 1705 1776 a
1736 1746 1844 1785 quibus
1875 1748 1969 1785 perci-

1262 1795 1377 1836 pienda.
1396 1812 1435 1817 —
1451 1794 1498 1824 23.
1521 1792 1688 1823 Clausulae.

1221 1879 1338 1908 Clemens
1357 1877 1497 1913 episcopus
1531 1881 1627 1905 servus
1654 1880 1793 1904 servornm
1822 1873 1877 1906 Det,
1899 1872 1968 1902 dile-

1265 1928 1321 1957 otis
1342 1928 1418 1961 filiis.
1447 1926 1634 1958 universitati,
1655 1923 1778 1956 consilio,
1797 1922 1906 1959 populo,
1941 1923 1971 1951 et

1265 1979 1398 2008 communi
1416 1977 1543 2007 civitatis
1561 1975 1721 2007 Feri-arion..
1738 1973 1896 2003 salutemet
1906 1978 1968 2007 apo-

1265 2029 1391 2058 stolicam
1409 2027 1630 2058 benedictionem.

1269 2103 1321 2138 Pia
1345 2102 1453 2137 matris
1479 2100 1638 2136 Ecclesiae
1657 2111 1740 2139 cura,
1768 2099 1806 2134 de
1833 2098 1968 2134 liliorum

1219 2165 1349 2189 suorum
1389 2152 1489 2187 salute
1526 2150 1675 2194 sollicita,
1716 2150 1773 2184 etsi
1807 2150 1967 2184 communi

1218 2203 1353 2251 quodam
1381 2201 1507 2250 pietatis
1528 2201 1639 2235 affectu
1663 2199 1700 2234 ad
1728 2206 1860 2234 cunctos
1881 2207 1969 2246 gerat

1218 2253 1344 2288 sedulae
1386 2251 1647 2287 considerationis
1689 2249 1857 2289 intuitum,
1899 2248 1969 2283 illos

1219 2304 1385 2350 praecipue
1409 2300 1603 2349 propensiori
1627 2299 1731 2336 studio
1751 2299 1890 2334 refovere
1912 2298 1970 2333 de-

1217 2353 1344 2390 siderat,
1370 2360 1399 2386 et
1421 2363 1497 2386 suae
1518 2349 1696 2385 dulcedinis
1726 2349 1877 2384 suavitate
1904 2348 1971 2383 reli-

1217 2416 1299 2447 cere,
1327 2402 1460 2449 illosque
1501 2401 1530 2434 in
1566 2399 1755 2434 oblivionem
1787 2398 1870 2433 abire
1907 2410 1968 2433 nou

1219 2453 1343 2499 patitur,
1380 2463 1460 2498 quos
1477 2450 1570 2497 longe
1586 2462 1601 2484 a
1615 2450 1680 2484 suis
1695 2449 1864 2483 ablactatos
1891 2448 1969 2482 ube-

1219 2507 1303 2541 ribus
1338 2514 1367 2540 et
1398 2507 1427 2540 iu
1458 2505 1583 2540 devium
1611 2511 1717 2550 raptos
1740 2502 1898 2551 praecipiti
1930 2503 1968 2536 la·

1218 2574 1275 2609 psu
1311 2561 1432 2596 fortuna
1471 2560 1583 2607 pressit
1605 2557 1757 2600 acerbior,
1783 2565 1813 2592 et
1843 2556 1968 2592 avulsos

469 2626 568 2656 nuncii
591 2625 685 2665 Papae
705 2626 901 2655 iuramentum
921 2623 1068 2655 fidelitatis
1091 2632 1175 2663 prae·
1217 2629 1232 2650 a
1254 2615 1399 2650 dulcibus
1421 2614 1489 2650 eius
1511 2613 1706 2661 amplexibus
1723 2611 1880 2647 calamitas
1908 2610 1969 2646 du-

465 2688 503 2722 (1)
520 2688 556 2714 Ex
575 2689 677 2724 Regest.
697 2687 776 2714 Vatic.

1108 2753 1127 2780 Ο

1221 2670 1310 2705 rioris
1334 2669 1529 2704 adversitatis
1550 2667 1666 2703 afflixit.
1688 2665 1756 2701 Non
1779 2666 1863 2700 enim
1881 2672 1970 2713 pote-

1977 271 2024 299 An.
2044 269 2154 297 (1.1510

2010 2104 2139 2126 proemium.
