2274 3265
917 282 1011 307 mnux
1039 283 1100 306 uun
1107 283 1150 307 tm
1714 274 1776 306 761

303 336 506 374 Innocentius
533 338 588 374 Vll
612 339 694 388 Papa
719 351 790 375 cciv
817 340 954 386 eligitur,
977 342 1048 375 636
1074 342 1102 376 b.

303 388 529 436 Inquisitorum
564 390 736 425 baereticae
766 391 924 436 pravitatis
952 402 1128 437 processum.
1147 389 1240 424 etiam
1272 398 1339 436 post
1367 389 1487 424 obitum
1523 390 1625 438 Papae
1653 391 1837 438 deputantis

403 439 510 479 babiti,
525 448 598 474 sunt
615 439 720 479 validi,
746 442 813 474 105
836 453 866 474 a.
890 439 1014 482 Quibus
1038 439 1180 485 personis
1202 439 1382 487 quibusque
1406 440 1435 473 in
1460 440 1535 474 locis
1566 452 1650 475 arma
1674 440 1835 476 deferendi

403 488 561 523 licentiam
591 490 765 524 concedere
788 490 920 537 possint,
949 490 1020 523 298
1047 491 1075 523 b.

305 538 420 574 loauna
441 537 569 573 Siciliae
592 540 710 585 regina.
740 539 816 574 Eius
839 547 1060 573 testamcutum
1085 538 1187 572 lavore
1215 538 1360 578 Sanciae,
1383 540 1455 573 478
1482 552 1512 573 α.

302 587 436 623 Ioannes
457 588 629 634 episcopus
650 589 851 634 Anagninus,
879 590 947 623 387
976 602 1005 623 α.

303 637 437 672 loannes
459 636 528 678 XX,
556 637 660 672 dictus
687 637 760 672 xx}
781 638 864 686 Papa
887 650 1048 673 eLxxxvn
1070 637 1208 684 eligitur,
1233 640 1277 671 37
1300 650 1331 671 α.
1360 636 1436 672 Eius
1463 637 1640 684 encyclicae
1667 638 1704 671 ad
1729 637 1839 673 fideles

401 686 440 721 de
463 698 520 720 sua
543 688 741 734 promotione
769 687 885 728 literae,
909 689 955 721 58
981 700 1011 721 a.

303 736 437 771 loannes
458 735 543 775 XXL
569 737 671 772 dictus
699 737 787 772 XXIl
814 737 897 785 Papa
925 749 1023 772 cxcvi
1049 736 1186 782 eligitur,
1213 738 1282 770 254
1306 748 1336 769 α.

302 785 436 821 loannes
458 784 563 820 xxm
590 786 674 834 Papa
697 799 783 821 ccvn
811 786 949 833 eligitur,
973 788 1042 821 656
1065 788 1092 820 b.

302 835 430 870 loannis
456 834 513 878 (S.)
536 834 812 883 Hierosolymitani
835 835 989 883 hospitale
1011 844 1040 870 et
1062 834 1188 881 Religio
1206 835 1352 869 militum.
1384 836 1417 868 V.
1438 834 1664 882 Hospitalitarii
1686 834 1719 869 S.
1744 836 1840 871 loan—

401 884 461 923 nis,
489 892 541 918 etc.

302 933 428 968 loannis
451 932 507 977 (S.)
530 934 763 982 Hierosolymit
793 934 955 982 hospitalis
990 935 1100 969 fratres
1129 946 1226 968 unum
1261 934 1480 969 tantummodo
1515 935 1544 968 in
1581 946 1690 969 eorum
1717 934 1840 969 Ordine

400 982 587 1018 beneficium
611 985 773 1031 acquirere
802 996 893 1030 posse
921 984 1113 1028 decernitur,
1137 986 1206 1018 587
1229 996 1259 1017 a.

302 1031 429 1067 loannis
456 1031 515 1075 (S.)
536 1032 813 1081 Hierosolymitaui
841 1033 941 1068 Ordo.
968 1033 1127 1068 Ecclesiae
1157 1032 1283 1080 praelati
1318 1045 1372 1067 seu
1402 1033 1543 1068 locorum
1571 1033 1732 1073 ordinarii,
1750 1045 1841 1069 occa-

401 1082 488 1116 sione
512 1084 798 1130 praesentationum
822 1092 852 1117 et
876 1083 1103 1117 institutionum
1134 1095 1188 1137 per
1211 1095 1280 1128 mag
1287 1083 1395 1116 istrum
1416 1090 1447 1116 et
1469 1081 1579 1116 fratres
1594 1082 1689 1118 huius
1710 1082 1841 1117 Ordinis

400 1131 439 1165 dc
454 1133 596 1187 personis
612 1131 733 1167 idoneis
756 1132 793 1167 ad
815 1131 966 1167 beneficia
985 1144 1091 1166 curam
1114 1144 1290 1166 animarum
1306 1130 1453 1166 habentia
1476 1131 1637 1173 factarum,
1657 1132 1696 1167 ab
1718 1132 1839 1167 eisdem

401 1180 441 1214 nil
462 1181 586 1227 penitus
607 1182 732 1228 exigere
763 1182 810 1216 vel
837 1189 1024 1229 extorquere
1046 1181 1174 1225 debent,
1198 1182 1268 1216 566
1290 1193 1320 1215 α.

302 1229 489 1276 lobagiones
511 1230 586 1278 quid
606 1231 669 1265 sint
697 1233 767 1265 488
789 1233 818 1265 b.
841 1230 878 1265 V.
906 1239 1009 1265 notam
1033 1231 1070 1265 ad
1094 1230 1211 1265 calcem
1235 1231 1352 1265 colum.
1380 1230 1480 1265 eiusd.

302 1279 415 1314 localia
436 1280 511 1326 quid
535 1280 598 1315 sint
620 1282 690 1315 253
714 1283 740 1314 b.
770 1280 808 1314 V.
833 1288 896 1315 not.
920 1280 958 1314 ad
980 1280 1097 1315 calcem
1121 1280 1238 1314 colum.
1261 1279 1363 1314 eiusd.

302 1328 439 1376 losepini
464 1329 646 1374 (baeretici)
671 1331 875 1376 ipsorumque
898 1328 950 1363 filii
978 1338 1006 1363 et
1029 1330 1201 1376 complices
1223 1329 1550 1370 excommunicantur,
1575 1331 1620 1364 47
1646 1343 1675 1364 a.
1698 1329 1842 1377 Ipsorum

400 1377 600 1425 aliorumque
628 1391 758 1425 poenae,
780 1381 855 1413 ibid.
879 1380 906 1412 b.

300 1427 481 1464 lubilaeum
507 1430 653 1473 generale
678 1440 733 1475 pro
760 1427 903 1474 quolibet
925 1428 1097 1461 centesimo
1120 1439 1201 1461 anno
1226 1427 1411 1466 instituitur,
1437 1429 1505 1461 156
1527 1429 1555 1461 b.

302 1476 396 1511 ludae
419 1476 474 1519 (S.)
496 1478 557 1524 Ap.
580 1477 732 1511 adversus
754 1477 920 1511 Libertatis
943 1477 1074 1524 spiritus
1096 1485 1210 1511 sectam
1239 1476 1413 1511 sententiae
1436 1476 1623 1523 applicatae,
1646 1480 1717 1511 212
1745 1479 1773 1511 b.

303 1525 424 1560 Iudaei.
455 1525 623 1561 Innumera
646 1526 703 1561 Dei
730 1527 879 1561 beneficia
904 1539 975 1572 erga
1000 1525 1081 1570 illos,
1104 1528 1149 1560 45
1172 1527 1198 1560 b.
1223 1525 1397 1561 Excaecata
1420 1535 1522 1560 tamen
1551 1538 1676 1572 semper
1703 1526 1761 1561 fuit
1788 1539 1843 1561 eo-

403 1588 472 1610 rum
500 1576 643 1620 durities,
665 1578 739 1610 ibid.
767 1576 884 1611 Eorum
913 1576 1076 1610 conversio
1105 1584 1279 1622 procurata,
1308 1578 1365 1610 46.
1392 1588 1421 1610 α.
1456 1575 1607 1610 Conversi
1638 1576 1784 1623 praelatis
1812 1585 1841 1610 et

401 1625 471 1659 aliis
489 1625 731 1660 commendandi
750 1634 784 1659 ut
803 1626 1030 1662 humanissime
1054 1634 1236 1665 tractentur,
1258 1627 1333 1659 ibid.
1356 1627 1383 1659 b.
1404 1624 1553 1660 Converti
1579 1625 1722 1661 nolentes
1738 1626 1841 1673 Papae

403 1675 604 1717 nuncientur,
619 1676 693 1709 ibid.
716 1674 866 1709 Conversi
884 1676 1060 1722 iterumque
1081 1674 1271 1709 iudaizantes
1293 1674 1409 1721 quibus
1423 1674 1532 1721 poenis
1546 1674 1723 1715 afficiendi,
1746 1677 1791 1711 88
1807 1687 1837 1709 a.

401 1723 552 1765 Quamvis
578 1724 614 1759 ad
638 1724 813 1759 Ecclesiam
826 1724 1019 1771 confugiant,
1041 1733 1147 1758 contra
1170 1736 1227 1758 eos
1249 1724 1500 1771 procedendum,
1528 1726 1599 1758 250
1621 1726 1649 1758 b.
1673 1725 1721 1759 Ad
1746 1725 1839 1760 fidem

401 1773 586 1808 catholicam
609 1775 749 1809 conversi
774 1775 809 1808 iis
835 1774 925 1809 bonis
943 1773 1092 1820 gaudent,
1115 1785 1194 1820 quae
1220 1774 1434 1808 conversionis
1456 1782 1595 1821 tempore
1626 1775 1841 1820 possidebant,

402 1825 473 1858 294
491 1836 521 1858 a.
549 1823 622 1858 lllos
645 1824 856 1864 molestantes,
883 1837 938 1858 seu
961 1824 1036 1858 alias
1060 1823 1134 1870 ipsis
1157 1823 1285 1857 iniurias
1307 1823 1488 1868 inferentes,
1510 1834 1563 1859 aut
1584 1823 1621 1858 ad
1651 1824 1840 1872 baptismum

402 1873 617 1919 recipiendum
640 1874 864 1921 compellentes
882 1873 1217 1908 excommunicationis
1240 1884 1339 1919 poena
1363 1873 1555 1920 plectuntur,
1573 1875 1642 1907 522
1665 1876 1691 1908 b.
1720 1874 1841 1909 Eorum

402 1922 553 1957 nonnulla
587 1922 702 1958 scelera
725 1932 959 1962 enumerantur,
984 1925 1053 1957 718
1075 1923 1102 1955 b.
1125 1921 1272 1969 Signum,
1297 1930 1327 1957 ut
1351 1934 1367 1956 a
1389 1922 1570 1957 christianis
1593 1922 1842 1971 distinguantur,

401 1971 440 2006 ab
461 1971 581 2006 eisdem
604 1971 716 2007 deferri
737 1972 913 2015 mandatur,
937 1974 1005 2005 719
1036 1985 1065 2006 a.
1091 1971 1212 2006 Poenae
1241 1980 1421 2007 statuuntur
1447 1980 1555 2007 contra
1584 1972 1765 2008 huiusmodi
1798 1973 1842 2008 si-

401 2034 499 2067 gnum
533 2034 595 2056 non
623 2021 818 2063 deserentes,
841 2024 915 2056 ibid.
943 2024 972 2055 b.

305 2069 466 2105 ludicibus
488 2071 711 2106 ecclesiasticis
732 2071 890 2118 sportulas
912 2071 986 2106 dare
1008 2071 1151 2110 vetitum,
1175 2071 1244 2104 589
1268 2072 1296 2104 b.

304 2118 448 2155 Iulianus
476 2120 628 2155 diaconus
659 2121 825 2156 cardinalis
846 2120 880 2155 S.
909 2120 1021 2166 Augeli
1054 2120 1177 2154 concilii
1204 2120 1360 2165 generalis
1399 2119 1589 2155 Basileensis
1625 2133 1749 2168 praeses
1783 2121 1842 2156 eli-

403 2171 496 2216 gitnr,
523 2172 591 2205 748
613 2184 643 2205 a.
814 2185 817 2187 ·

305 2218 358 2254 lvo
385 2219 444 2263 (Β.)
483 2219 685 2255 Trecorensis
721 2219 908 2259 Sanctorum
939 2219 1100 2265 cathalogo
1134 2218 1338 2259 adscribitur,
1366 2220 1435 2254 497
1478 2231 1508 2253 α.
1547 2219 1621 2254 Eius
1649 2220 1748 2255 festus
1776 2220 1844 2255 dies

404 2269 561 2314 statuitur,
587 2271 662 2304 ibid.
685 2269 834 2304 Miracuta
861 2270 899 2304 ad
923 2271 991 2304 eius
1015 2268 1172 2303 tumulum
1200 2276 1329 2315 patrata,
1351 2269 1427 2303 ibid.
1450 2270 1478 2302 b.

1059 2475 1104 2515 K

305 2619 518 2656 Kissamensis
545 2622 717 2669 episcopus
740 2621 831 2668 erigit
863 2621 1058 2668 collegiatam
1087 2620 1246 2655 Ecclesiae
1268 2620 1301 2655 S.
1325 2618 1455 2665 Georgii
1482 2618 1512 2652 in
1537 2619 1614 2665 Alga
1636 2618 1838 2657 venetiarum

403 2670 651 2705 Castellanensis
665 2671 832 2710 dioecesis,
862 2673 930 2705 645
956 2673 981 2704 b.

426 2723 498 2753 Ball.
519 2723 593 2752 Rom.
616 2723 669 2752 Vol.
693 2723 737 2752 lt'.
890 2724 926 2753 {lt}
