2274 3265
103 282 152 307 Αη.
171 281 197 306 Ο
217 280 282 306 ¹3¹9

113 932 238 954 Constituim
249 933 282 950 *rte

101 965 169 991 quain
181 963 273 983 rubum

111 1869 193 1890 Poenae
209 1874 282 1890 contra

97 1902 254 1922 inobedientes.

789 279 926 301 lOANNEs
955 279 1011 300 ‘nt
1042 267 1149 307 „dot-ius
1177 268 1260 307 xxust
1289 276 1334 297 Pt’.

299 334 391 369 tualia
408 363 416 377 ,
444 335 584 369 ditersas
608 335 818 369 mercationes
844 342 874 368 et
905 347 1024 367 merces
1041 360 1048 372 ,

298 395 397 430 equos
419 392 449 418 et
475 384 534 418 alia
558 384 702 418 animalia
727 394 756 418 et
774 395 822 418 res
837 383 976 417 diversas
990 382 1049 416 sul)

299 434 388 480 signo
417 433 550 468 bulletae
584 434 746 480 ipsorum,
769 432 852 479 quod
881 432 981 466 solum
1010 431 1047 466 ad

298 495 356 518 nos
374 490 406 517 et*
428 483 526 529 ipsam
550 483 723 517 Ecclesiam
754 483 884 528 pertinet
903 508 911 524 ‚
940 493 994 527 per
1017 494 1049 515 se

297 541 327 567 et
342 533 418 566 alios
443 533 565 579 propria
589 531 764 567 temeritate
787 530 945 570 deferunt,
968 537 998 564 et
1019 530 1048 564 in

297 582 342 615 eis
355 582 448 616 etiam
464 581 664 616 introducunt
680 587 710 614 et
731 579 900 614 extrahunt
925 579 1048 619 exinde,

299 643 361 666 non
381 631 500 677 absque
513 638 619 664 nostro
641 638 671 664 et
688 629 787 675 ipsius
811 628 971 663 Ecclesiae
988 627 1051 663 Ro-

299 692 409 714 manae
436 679 544 726 grandi
569 678 767 726 praeiudicio
795 686 824 711 et
847 685 1048 723 contemptu:

298 729 450 775 gabellam
480 741 551 763 vero
569 740 624 763 seu
648 728 766 762 datium
790 740 826 761 ex
851 727 888 761 iis
910 727 1048 761 debitam

298 787 327 812 et
355 778 477 813 solitam
504 777 581 812 solvi
606 777 694 811 nohis
714 785 743 811 et
763 776 865 811 eidem
889 776 1050 811 EcclesIae

299 827 460 862 Romanae
483 827 679 873 recipiendo,
699 835 728 861 et
745 826 835 860 etiam
865 825 1049 860 auferendo.

347 877 366 923 g
398 880 425 910 1.
448 876 514 910 Nos
541 876 635 921 igitur
656 875 803 910 cohibere
833 882 936 909 tantae
963 887 1051 922 prae-

298 925 488 971 sumptionis
514 925 676 960 audaciam
706 924 918 965 intcndeutes‚
940 935 1049 960 aucto-

298 974 388 1009 ritate
405 975 588 1021 apostolica,
603 974 641 1008 de
653 975 781 1009 fratrum
795 982 1050 1008 nosti-orumcou-

297 1023 422 1067 sili07ac
433 1024 462 1056 in
481 1031 667 1070 perpetuum
681 1024 809 1058 valitura
825 1023 1051 1058 constitutione

296 1073 464 1107 statuimus
492 1081 522 1106 et
546 1072 751 1119 prohibemus
767 1084 914 1118 expresse
942 1085 980 1107 ne
996 1072 1050 1107 ali-

296 1122 368 1168 quis
395 1122 530 1156 clericus
558 1122 603 1156 vet
640 1123 739 1157 laicus
768 1121 994 1168 undecumque
1021 1130 1050 1156 et

298 1171 529 1218 cuiuscumque
556 1171 746 1205 conditionis
763 1199 771 1211 ,
797 1178 897 1205 status
926 1171 973 1204 vel
1001 1171 1051 1204 di-

297 1220 426 1266 gnitatis
452 1222 583 1264 existat,
612 1220 738 1254 bladum
769 1229 796 1254 et
828 1220 957 1267 quaevis
992 1220 1050 1254 alia

299 1269 439 1304 victualia
457 1297 464 1310 ,
494 1269 703 1304 mercationes
725 1277 756 1303 et
785 1280 926 1309 merces,
950 1281 1050 1315 equos

297 1327 326 1353 et
348 1330 571 1365 quaecumque.
587 1319 645 1353 alia
661 1318 820 1358 animalia
844 1330 892 1351 res
920 1326 949 1351 et
969 1317 1049 1352 bona

298 1369 328 1402 in
351 1367 609 1415 quibuscumque
636 1368 821 1407 consistant,
849 1367 908 1400 sub
938 1367 1050 1401 buius-

297 1418 380 1451 modi
418 1416 552 1451 bulletae
581 1426 610 1451 et
634 1429 840 1463 quocumque
862 1417 923 1451 alio
945 1417 1050 1462 signo,

297 1474 514 1513 praeterquam
543 1466 603 1501 sub
631 1466 707 1506 itto,
731 1465 813 1513 quod
844 1466 881 1500 ad
910 1465 970 1500 boc
996 1478 1050 1512 per

295 1515 443 1550 officiales
471 1524 596 1550 nostros
618 1516 750 1549 civitatis
778 1515 921 1549 eiusdem
948 1515 1051 1561 depu-

297 1571 392 1599 tatum
408 1565 523 1604 existit,
541 1565 579 1600 de
596 1564 688 1600 dictis
703 1564 828 1599 civitate
851 1576 886 1598 ac
904 1564 1049 1598 districtu

295 1614 406 1660 quovis
427 1614 533 1648 colore
561 1615 703 1661 quaesito
731 1614 895 1648 extrahere
923 1622 975 1648 aut
1001 1614 1050 1647 in-

297 1662 461 1698 troducere
476 1663 505 1697 in
532 1663 673 1708 eosdem,
697 1675 731 1697 ae
754 1663 936 1697 huiusmodi
959 1663 1050 1709 signo

297 1712 352 1753 nti,
375 1720 426 1747 aut
459 1713 613 1759 gabellam
651 1713 791 1759 recipere,
827 1713 1051 1759 quoquomodo

297 1771 488 1808 praesumat.

345 1813 365 1858 g
391 1816 424 1846 2.
447 1813 513 1847 Nos
535 1813 617 1847 enim
642 1825 753 1847 omnes
775 1822 802 1847 et
818 1813 959 1859 singulos
974 1825 1051 1847 con-

298 1863 425 1897 trarium
436 1870 626 1897 attentantes
638 1864 973 1897 excommunicationis
984 1875 1052 1897 sen-

297 1913 425 1947 tentiam
439 1914 599 1947 incurrere
616 1913 759 1947 volumus
775 1912 843 1959 ipso
856 1913 947 1952 farto,
966 1913 1051 1960 ipso-

298 1973 433 2009 rumque
461 1970 559 1997 terras
582 1970 611 1996 et
636 1962 702 1996 loca
723 1962 887 1997 interdicto
909 1963 1052 1997 ecclesia-

296 2012 375 2046 stico
395 2012 569 2046 subiacere.
593 2011 677 2046 Nulli
702 2025 776 2058 ergo
799 2013 929 2047 omnino
946 2012 1052 2046 bomi-

297 2075 370 2096 num
387 2062 478 2096 liceat
495 2062 574 2096 lianc
588 2063 731 2108 pagiuam
743 2071 921 2096 nostrorum
934 2064 1050 2103 statuti,

298 2111 520 2159 prohibitionis
535 2120 563 2146 et
589 2112 755 2150 voluntau's
773 2112 955 2159 infringere7
971 2121 1024 2146 etc.

348 2161 460 2195 Datum
473 2161 628 2195 Avenioni
643 2160 861 2195 secundoidus
872 2162 960 2204 iunii,
977 2176 1051 2209 pon-

296 2211 432 2245 tificatus
456 2211 553 2245 nostri
578 2223 661 2244 anno
685 2223 733 2244 111.

336 2267 397 2297 Dat.
418 2268 464 2297 die
484 2268 520 2296 112
544 2268 616 2297 iunii
640 2268 725 2304 1319,
749 2268 851 2306 pontif.
871 2278 947 2297 {uino
972 2278 1011 2298 tn.

625 2387 710 2422 YYI!

299 2452 481 2484 Constituere
494 2462 663 2495 poenarum
686 2459 792 2484 contra
811 2452 992 2497 offendentes
1008 2454 1052 2485 vel

347 2501 416 2533 aliis
445 2501 601 2544 quibusvis
629 2502 726 2533 modis
765 2503 973 2545 perturbantes
1005 2514 1052 2534 re-

347 2556 457 2582 ctorem
484 2551 740 2588 Beneventanum,
761 2552 882 2594 eiusque
904 2551 1051 2595 officiales

347 2606 372 2631 el
396 2599 550 2631 ministros
573 2600 627 2641 (ti.

334 2668 373 2703 (1)
390 2669 427 2695 Ex
450 2669 555 2701 aegest.
578 2669 602 2694 in
625 2668 736 2695 Archiv.
757 2669 840 2695 Vatic.

1721 265 1792 297 2855

1362 330 1576 360 stuntxtitt'n

1092 396 1279 426 Prooemiuin.
1300 413 1336 418 —
1360 396 1381 425 1.
1404 396 1517 425 Causae
1541 397 1613 433 togis
1635 398 1781 426 ferendae.
1807 413 1843 418 -

1131 441 1243 469 l‘oenac
1265 442 1359 479 (prout
1378 441 1403 468 ιἰι
1425 441 1545 478 rubrica)
1573 442 1607 470 iis
1638 442 1843 471 interminatae

1130 485 1179 524 qui
1199 495 1230 514 ea
1257 485 1442 524 patraverint,
1461 495 1536 525 quae
1560 485 1667 514 ibidem
1691 486 1843 524 explican-

1133 534 1186 559 tur.

1157 605 1267 633 loannes
1286 605 1426 640 episcopus
1446 611 1542 633 servus
1561 611 1702 633 servorum
1720 604 1776 636 Dei.

1226 655 1259 682 ad
1288 655 1452 690 perpetuam
1471 653 1513 682 rei
1542 654 1710 682 memoriam.

1140 726 1230 767 Quos
1260 724 1414 771 praedixit
1441 723 1613 771 Apostolus
1635 724 1703 758 dies
1732 725 1845 760 instare

1093 775 1301 812 novissimos,
1325 774 1443 821 quibus
1472 773 1647 808 abundaret
1670 774 1798 813 malitia,
1817 776 1845 808 in

1093 824 1253 859 nonnullis
1285 824 1392 857 Matris
1419 822 1578 857 Ecclesiae
1607 822 1678 857 filiis
1711 823 1847 858 ebaritas

1094 874 1263 920 refrigescit
1286 873 1374 912 tium,
1404 871 1563 907 fidelitatis
1594 872 1701 906 debito
1725 873 1847 916 violato,

1091 936 1125 958 se
1152 924 1188 957 ad
1217 922 1410 957 infidelitatis
1433 922 1636 967 ignominiam
1660 930 1849 957 converten-

1093 981 1139 1008 tes
1157 1001 1164 1013 ‚
1187 980 1295 1007 contra
1319 983 1387 1006 eam
1415 970 1546 1005 ausibus
1569 971 1766 1006 detestandis
1793 972 1849 1006 in-

1092 1030 1243 1068 surgunt,
1268 1021 1350 1055 illam
1375 1020 1493 1054 crebris
1522 1020 1680 1055 lacessunt
1705 1020 1848 1061 iniuriis,

1093 1072 1219 1106 turbant
1243 1070 1394 1104 molestiis
1410 1097 1419 1113 ,
1441 1078 1471 1104 et
1499 1070 1528 1103 in
1553 1070 1619 1104 suis
1646 1069 1795 1104 fidelibus
1817 1078 1847 1105 et

1093 1120 1247 1155 ministris
1269 1119 1429 1154 offendere
1450 1119 1584 1164 graviter
1604 1131 1664 1153 uon
1689 1127 1847 1153 verentur.

1091 1169 1197 1216 Super
1226 1170 1262 1202 iis
1288 1177 1391 1203 autem
1429 1179 1538 1202 recens
1562 1168 1708 1203 instantis
1730 1169 1848 1203 iactura

1093 1219 1243 1265 temporis
1271 1217 1510 1264 praeteritorum
1542 1217 1633 1251 nobis
1666 1218 1848 1252 memoriam

1094 1275 1334 1314 repraesentans
1359 1274 1482 1300 nostros
1495 1267 1598 1312 exigat
1611 1268 1781 1313 cogitatus,
1799 1280 1849 1302 re-

1093 1317 1195 1351 media
1217 1329 1292 1350 nova
1318 1316 1510 1362 perquirere,
1527 1315 1645 1362 quibus
1667 1315 1847 1350 huiusmodi

1094 1367 1138 1400 ria
1168 1365 1388 1413 praecludatur
1423 1365 1567 1404 iniuriis,
1600 1372 1631 1398 et
1654 1365 1847 1400 offensorum

1092 1416 1253 1450 temeritas
1270 1422 1504 1462 compescatur,
1528 1426 1599 1448 cum
1617 1414 1764 1461 publicae
1788 1415 1850 1449 uti-

1093 1465 1186 1499 litatis
1210 1465 1343 1507 intersit,
1366 1472 1400 1498 ut
1423 1475 1574 1498 excessus
1601 1463 1737 1498 vindicta
1760 1476 1850 1498 coer—

1093 1523 1158 1548 eeat
1176 1542 1183 1555 ,
1216 1523 1246 1548 et
1280 1514 1371 1548 limes
1403 1525 1522 1560 poenae
1550 1513 1705 1548 securitas
1733 1513 1774 1548 sit
1800 1514 1850 1548 of-

1094 1564 1209 1598 sensae.

1141 1615 1161 1659 ὲ
1189 1616 1215 1647 f.
1240 1612 1343 1647 Habet
1378 1614 1536 1660 siquidem
1573 1613 1744 1648 multorum
1777 1612 1851 1648 tide·
1879 1620 1957 1639 cm„-

1866 1651 1966 1671 terendae

1093 1662 1168 1696 lium
1194 1662 1315 1707 vulgata
1340 1663 1460 1704 relatio,
1484 1664 1580 1697 imino
1603 1662 1697 1709 longe
1725 1662 1851 1709 lateque

1093 1712 1159 1758 ipsa
1190 1712 1338 1746 iniuriosa
1367 1720 1584 1759 transgressus
1611 1713 1768 1747 evidentia
1787 1725 1850 1747 ma-

1094 1762 1325 1810 nif'estat‚qu0d
1350 1764 1389 1797 ab
1411 1764 1484 1798 olim
1515 1762 1659 1797 nonnulli
1687 1761 1848 1796 Beneven-

1093 1813 1153 1846 tani
1182 1813 1277 1854 cives,
1305 1822 1462 1860 tamquam
1487 1812 1629 1847 infideles
1643 1824 1678 1847 ac
1700 1811 1849 1856 stolidi,a

1094 1863 1255 1902 fidelitate,
1274 1876 1334 1910 qua
1359 1863 1518 1897 Ecclesiae
1543 1862 1720 1909 praedictae
1744 1869 1851 1896 tenen-

1094 1921 1154 1956 tur,
1189 1914 1217 1947 iu
1246 1913 1374 1947 devium
1403 1913 1599 1947 declinantes
1626 1912 1766 1955 erroris,
1802 1912 1850 1945 di-

1094 1963 1190 1996 versis
1214 1963 1406 2006 rectoribus,
1429 1962 1482 2009 qui
1507 1962 1551 1996 eis
1574 1969 1603 1995 et
1626 1961 1761 1996 civitatis
1784 1962 1850 1996 Be-

1094 2020 1286 2046 neventanae
1314 2012 1404 2047 nobis
1432 2020 1461 2046 et
1481 2011 1582 2045 eidem
1603 2011 1764 2046 Ecclesiae
1789 2011 1850 2046 Ro-

1094 2074 1203 2096 manae
1231 2062 1392 2096 subieetae
1422 2061 1520 2095 felicis
1537 2060 1764 2095 reeordationis
1780 2060 1849 2095 Bo—

1095 2112 1212 2152 nifacii,
1228 2111 1403 2146 Clementis
1421 2123 1454 2145 ac
1479 2110 1642 2144 Benedicti
1666 2118 1697 2145 et
1715 2110 1847 2144 aliorum

1093 2161 1288 2195 diversorum
1306 2160 1523 2195 Romanorum
1541 2159 1732 2194 Pontificum
1750 2172 1849 2205 prae-

1093 2210 1297 2245 decessorum
1327 2218 1506 2245 nostrorum
1530 2222 1566 2243 ac
1594 2209 1685 2243 etiam
1702 2208 1846 2243 eiusdem

1094 2260 1254 2294 Ecclesiae
1279 2260 1415 2294 vacantis
1439 2258 1634 2305 temporibus
1661 2258 1849 2292 auctoritate

1093 2309 1264 2355 apostolica
1289 2309 1492 2355 praefuerint,
1520 2320 1600 2354 quos
1623 2308 1755 2342 revereri
1779 2315 1810 2341 et
1832 2320 1848 2341 a

1092 2359 1306 2405 quorumlihet
1341 2358 1418 2392 tueri
1449 2358 1601 2392 molestiis
1637 2357 1848 2398 tenebantur,

1093 2409 1205 2442 damna
1243 2408 1346 2454 gravia
1378 2408 1576 2453 irrogantes,
1605 2418 1659 2440 eos
1688 2406 1849 2452 probrosis

1095 2466 1341 2505 provocaverunt
1360 2457 1493 2498 iniuriis,
1509 2455 1721 2500 dispendiosis
1734 2464 1849 2490 contu-

1095 2508 1194 2541 meliis
1219 2508 1402 2548 affecerunt,
1416 2514 1446 2540 et
1462 2505 1619 2551 aliquibus
1635 2517 1745 2539 eorum
1776 2518 1848 2551 per-

1093 2557 1244 2591 sonaliter
1264 2557 1447 2602 captivatis,
1464 2554 1654 2601 quibusdam
1677 2554 1848 2589 vulneratis

1095 2607 1237 2645 letaliter,
1264 2614 1293 2639 et
1315 2604 1557 2652 quampluribus
1573 2603 1726 2638 hostiliter
1740 2604 1778 2638 ab
1792 2616 1848 2638 eo-

1094 2655 1165 2689 dem
1183 2655 1297 2700 fugatis
1315 2655 1477 2698 regimine„
1493 2654 1578 2700 ipsos
1594 2653 1684 2688 bonis
1699 2653 1850 2688 omnibus

1861 295 1866 300 .
1907 273 1945 298 ‚fl
1978 273 2042 298 ¹5¹9

1889 738 2010 757 cummium
