2274 3265
224 261 273 288 An.
292 260 320 286 C.
337 259 400 285 t567

238 622 339 642 Rediit-tio

225 660 263 681 qna
278 654 357 679 εηριέϊΔ

258 1061 317 1082 Clau(

322 1062 375 1081 ulae.

372 621 405 645 {de

468 250 536 282 5⁶24

418 314 534 353 steliat·,
556 320 586 347 et
614 325 668 358 per
685 312 829 346 abbatem
853 312 926 346 dicti
950 312 1079 346 Ordinis
1097 311 1160 355 regi

419 369 634 404 consueverat,
660 370 689 396 et
716 361 799 408 quod
824 361 849 396 si
876 361 913 396 ad
938 360 1161 395 monasterium

420 413 621 448 reduceretur
655 418 684 445 et
724 423 777 456 per
807 410 950 445 abbatem
985 417 1163 456 regeretur,

420 462 477 509 ipsi
500 461 685 503 Ecclesiae,
713 460 845 507 eiusque
878 460 999 495 iuribus
1015 487 1023 503 ,
1055 470 1163 504 magna

421 511 598 559 proveniret
621 509 748 544 utilitas.

469 565 483 604 ἓ
501 565 537 595 -2,
561 560 667 606 Super
690 559 748 597 liis,
768 566 883 594 attenta
901 558 1102 593 meditatione
1118 557 1166 590 in-

422 619 464 645 tra
488 610 645 657 nosipsos
662 608 852 656 praehabita,
866 617 894 643 et
910 616 1028 642 matura
1045 606 1167 640 delibe-

422 660 542 695 ratione
570 659 749 696 subsecuta.
769 658 806 692 de
833 657 961 692 fratrum
989 664 1166 690 nostrorum

421 709 552 744 consitio
579 718 608 743 et
636 707 823 754 apostolieae
853 706 1045 753 plenitudiue
1074 713 1166 750 pote—

421 760 507 793 statis
523 758 687 804 praefatam
704 757 873 791 Ecclesiam
889 757 924 790 ad
944 754 1167 789 monasterium

421 817 450 843 et
466 807 653 842 abbatialem
677 806 858 852 «lignitatem
882 814 911 839 et
934 804 971 838 ad
996 804 1083 837 iilum
1107 811 1169 837 sta-

422 868 488 892 tum
514 858 543 890 in
575 869 638 904 qno
660 863 724 889 erat
752 863 891 900 tempore
921 866 984 900 quo
1007 853 1036 886 iu
1060 852 1168 886 callie-

422 907 538 941 dralem
554 915 655 940 erecta
681 904 748 942 fuit,
771 911 803 937 ut
829 903 1014 949 praefertur,
1037 902 1169 935 auctori-

423 963 484 990 tate
507 955 677 1000 apostolica
703 953 884 987 reducimus
906 965 962 998 per
977 960 1168 997 praesentes.

471 1008 486 1047 ἓ
510 1009 541 1038 5.
557 1003 641 1038 Nulli
658 1014 733 1048 ergo
749 1002 879 1035 omuino
896 1002 1061 1035 liomiuum
1082 1000 1169 1034 liceat

423 1054 503 1087 lianc
531 1053 674 1098 paginam
705 1059 827 1085 nostrae
850 1051 1043 1085 reductionis
1060 1050 1171 1084 iufrin-

423 1115 507 1149 gere,
531 1103 576 1136 vel
600 1103 627 1136 ei
655 1114 732 1135 ausu
754 1101 921 1135 temerario
943 1100 1108 1134 contraire.
1138 1100 1169 1133 Si

423 1152 495 1198 quis
521 1160 626 1185 autem
651 1151 709 1184 lioc
735 1158 888 1184 attentare
912 1149 1171 1196 praesumpserit,

422 1201 670 1247 indignationem
695 1199 922 1246 omnipotentis
950 1199 1005 1233 Dei
1034 1207 1063 1233 et
1095 1198 1171 1233 bea-

423 1260 524 1285 torum
544 1250 627 1284 Petri
647 1257 675 1283 et
700 1248 788 1283 Pauli
811 1249 1024 1295 apostolorum
1049 1248 1117 1283 eius
1139 1262 1171 1282 se

422 1307 542 1334 noverit
566 1311 777 1334 incursurum.

473 1349 586 1384 Datum
609 1348 693 1395 apud
718 1348 855 1382 Mentem
875 1346 1082 1382 pessulanum
1111 1347 1174 1381 Ma-

422 1398 526 1446 galon.
550 1398 714 1438 dioecesis,
734 1398 875 1432 secundo
889 1396 1038 1432 kalendas
1051 1398 1172 1443 aprilis,

424 1448 624 1496 pontificatus
653 1448 747 1482 nostri
777 1460 860 1482 anuo
881 1448 1003 1494 quinto.

474 1510 534 1539 Dat.
554 1510 601 1540 die
623 1510 656 1539 31
677 1509 773 1539 martii
794 1509 879 1545 1307,
902 1513 981 1548 pont.
1002 1518 1078 1538 anno
1094 1517 1119 1537 v.

768 1685 819 1720 Vl.

425 1771 543 1804 Erectio
555 1770 704 1803 Ecclesiae
718 1770 834 1802 Montis
846 1770 957 1802 Falisca·
971 1770 1001 1800 in
1015 1769 1174 1813 episcopa-

448 1828 521 1858 tum,
537 1821 586 1853 cui
600 1820 740 1852 dioecesis
759 1821 880 1852 termini
901 1819 1100 1862 assi'ynantur
1115 1820 1171 1860 (l).

693 1899 908 1930 SUMMARtUM

424 1968 587 1998 Exordium.
603 1985 642 1990 —
661 1968 683 1996 1.
702 1967 813 1996 Causae
834 1967 922 1996 liuius
944 1967 1093 1996 faciendae
1113 1976 1175 1995 cre-

463 2013 577 2042 ctionis.
594 2030 633 2035 —
650 2012 779 2042 EccleSia
803 2011 925 2041 Sanctae
954 2012 1125 2048 Margaritae
1145 2013 1173 2041 in

464 2058 669 2094 cathedralem,
688 2062 715 2087 et
736 2057 870 2087 Castrum
894 2057 998 2086 Montis
1021 2056 1174 2086 Flasconis

464 2104 492 2133 in
514 2103 659 2133 civitatem
680 2103 810 2140 erigitur.
829 2119 866 2123 —
884 2102 910 2131 ⁹2.
930 2102 1105 2138 Assignatnr
1127 2111 1175 2131 ca—

464 2147 601 2187 pitulum.
634 2164 671 2168 —
701 2146 740 2176 De
763 2147 881 2176 servitio
904 2146 1052 2175 Ecclesiae
1077 2145 1174 2176 Sancti

465 2191 593 2221 Flaviani
618 2192 823 2230 impendendo.
841 2208 877 2212 —
897 2191 923 2220 3.
943 2190 1063 2220 Collatia
1087 2200 1175 2220 cano—

465 2237 612 2266 nicatuum
625 2240 652 2266 et
665 2236 874 2265 beneficiorum
889 2236 1029 2273 episcopo
1053 2240 1173 2264 asserta.

465 2298 502 2303 —
522 2281 551 2310 4.
570 2281 712 2310 Redditus
735 2280 885 2309 canonicis
909 2280 1034 2318 aliisque
1065 2279 1175 2308 beneti-

465 2326 548 2355 ciatis
580 2325 721 2355 attributi.
744 2343 782 2347 —
813 2327 839 2355 5.
874 2325 1014 2355 Redditus
1037 2326 1175 2363 episcopo

465 2375 493 2400 et
511 2371 648 2410 capitulo.
675 2388 713 2393 —-
734 2370 883 2400 Uioecesis
904 2380 975 2400 novo
994 2371 1175 2408 episcopatui

467 2417 624 2453 assignata.
655 2433 691 2437 —
723 2417 750 2446 6.
780 2417 841 2445 Alia
876 2426 1014 2445 concessa
1048 2415 1123 2444 bona
1149 2419 1176 2444 ct

467 2461 605 2491 beneficia
620 2463 698 2490 uuita
716 2461 864 2490 Ecclesiae
879 2460 1175 2490 Montis-Flasconcn.

466 2523 503 2527 —
532 2506 557 2534 7.
587 2506 641 2535 Dos
666 2507 797 2545 capituli.
828 2524 865 2528 —
889 2508 914 2536 8.
939 2506 1038 2536 Robur
1061 2506 1176 2535 decreto

469 2549 536 2579 huic
556 2551 697 2580 additum.
722 2568 759 2573 —-
777 2552 803 2580 9.
826 2551 992 2581 (llausulae.

429 2651 446 2678 S
464 2612 502 2645 (l)
519 2613 556 2676 {Ex
575 2613 677 2645 aegest,
698 2614 779 2639 Vatic.
798 2613 878 2640 edidit
895 2614 972 2640 etiam
993 2612 1106 2647 ughell„
1121 2612 1174 2638 ltal.

449 2659 499 2684 ac,
532 2660 581 2678 om>
605 2660 621 2678 ι.

1005 258 1105 280 BULLA
1112 257 1142 279 nt
1149 257 1192 279 ΟΜ
1221 254 1382 278 ROMANUM

1262 312 1385 340 Urbanus
1400 310 1541 346 episcopus
1560 316 1658 337 servus
1676 315 1816 337 servorum
1833 309 1889 341 Dei.

1336 361 1368 388 ad
1396 359 1558 395 perpetuam
1586 358 1626 386 rei
1654 357 1820 386 memoriam.

1253 433 1333 466 Cum
1360 431 1463 470 lllius,
1491 430 1581 464 cuius
1605 429 1738 475 perlecta
1755 436 1828 463 sunt
1849 441 1954 475 opera,

1207 483 1301 521 vices,
1330 481 1399 515 licet
1424 479 1584 519 immeriti,
1600 490 1747 525 geramus
1779 478 1808 512 in
1843 478 1932 512 terris
1949 506 1956 517 ,

1207 531 1285 565 Eum
1308 542 1362 577 pro
1388 529 1506 563 viribus
1534 528 1646 562 imitari
1671 540 1728 562 nos
1750 527 1909 571 convenit,
1926 535 1959 561 ut

1207 594 1254 618 ca,
1277 591 1358 626 quae
1378 579 1415 613 ad
1441 579 1546 625 Ipsius
1564 577 1687 612 laudem
1708 585 1738 611 ‹·.t
1760 576 1891 622 gloriam
1909 577 1957 623 pia

1208 629 1442 676 dispensatione
1460 627 1668 674 incoepimus,
1683 626 1720 661 ad
1744 625 1867 661 debitae
1882 638 1960 661 con-

1209 678 1432 713 summationis
1450 677 1567 712 exitum
1590 676 1810 724 perducamus.

1259 733 1274 771 ξ
1311 732 1338 761 Ι.
1369 728 1453 761 Saue
1491 726 1609 761 dudum
1638 725 1897 769 considerantes,
1930 733 1957 758 et

1212 779 1288 812 intra
1319 777 1414 811 nostri
1442 777 1579 823 pectoris
1594 775 1726 810 claustra
1743 774 1874 809 sollicita
1893 787 1960 809 me-

1211 827 1359 861 ditatione
1395 826 1589 860 revolventes
1605 853 1612 865 ,
1640 825 1724 872 quod
1761 824 1867 858 dilecti
1906 823 1959 857 filii

1211 888 1381 911 commune
1404 875 1520 910 Montis
1541 874 1699 914 Flascon.,
1722 873 1804 921 quod
1824 882 1899 908 tunc
1915 885 1959 907 ca-

1212 936 1309 960 strum
1324 925 1514 960 Balneoren.
1530 924 1684 959 dioecesis
1698 923 1864 967 existebat,
1879 923 1960 957 inter

1212 984 1353 1010 caeteros
1382 974 1489 1009 fideles
1511 974 1616 1008 ltaliae
1638 973 1675 1008 ad
1705 986 1762 1007 nos
1784 981 1812 1007 et
1836 972 1961 1018 praede-

1212 1037 1355 1060 cessores
1390 1031 1514 1058 nostros
1547 1024 1708 1058 Romanos
1734 1022 1905 1057 Pontifices
1926 1034 1961 1056 ac

1213 1075 1388 1109 Romanam
1425 1073 1600 1108 Ecclesiam
1635 1084 1784 1119 sponsam
1824 1079 1959 1106 nostram

1213 1137 1338 1171 semper
1353 1124 1521 1169 gesserint,
1546 1130 1638 1170 prout
1652 1121 1805 1167 gerebant
1820 1121 1962 1155 sincerae

1213 1174 1388 1208 devotionis
1410 1172 1571 1213 affectum,
1593 1180 1622 1206 et
1641 1171 1725 1218 quod
1749 1183 1858 1206 eorum
1883 1169 1961 1204 tide-

1214 1224 1283 1258 litas
1306 1231 1484 1263 meruerat,
1513 1230 1547 1256 ut
1573 1234 1627 1256 eos
1651 1220 1752 1255 Sedes
1785 1219 1963 1267 Apostoliea

1214 1273 1374 1307 favoribus
1400 1280 1430 1307 et
1452 1273 1558 1318 gratiis
1587 1277 1831 1318 prosequeretur
1854 1282 1964 1316 oppor-

1215 1323 1322 1365 tunis,
1358 1322 1507 1369 quodque
1530 1334 1586 1356 nos
1611 1321 1641 1354 in
1665 1328 1766 1354 castro
1795 1320 1864 1367 ipso
1890 1331 1962 1353 cum

1214 1372 1356 1407 Romana
1390 1371 1504 1411 Curia,
1527 1383 1581 1405 seu
1612 1370 1720 1404 maiori
1757 1369 1836 1416 parti
1867 1368 1964 1415 ipsius

1215 1431 1289 1456 tnnc
1314 1421 1530 1456 residebamus
1546 1449 1553 1460 ,
1576 1428 1605 1455 et
1631 1427 1793 1466 propterea
1823 1419 1964 1465 ipsorum

1214 1472 1412 1506 devotionem
1442 1470 1657 1517 multipliciter
1681 1469 1711 1502 in
1732 1468 1871 1504 Domino
1884 1480 1967 1502 com-

1215 1521 1415 1559 mendantes,
1436 1521 1539 1566 ipsum
1564 1527 1698 1553 castrum
1723 1518 1863 1563 volentes
1889 1529 1967 1564 apo-

1214 1571 1316 1605 stolici
1342 1570 1456 1604 favoris
1480 1568 1636 1616 praesidio
1659 1567 1838 1610 confovere,
1871 1578 1967 1613 super

1216 1620 1262 1654 his
1285 1626 1401 1654 attenta
1418 1618 1622 1653 meditatione
1644 1617 1722 1651 intra
1744 1628 1800 1651 nos
1825 1617 1924 1663 ipsos,
1937 1625 1967 1650 et

1214 1669 1308 1703 etiam
1332 1681 1402 1704 cum
1424 1667 1573 1702 fratribus
1596 1667 1713 1701 nostris
1740 1666 1880 1712 diligenti
1905 1673 1966 1699 tra—

1215 1726 1298 1752 ctatu
1323 1717 1519 1765 praehabito,
1542 1725 1573 1751 et
1600 1725 1720 1751 matura
1737 1715 1966 1750 deliberatione

1215 1768 1382 1802 subsecuta
1401 1796 1408 1806 ,
1437 1767 1475 1801 de
1505 1769 1645 1812 ipsorum
1669 1765 1799 1800 fratrum
1831 1764 1966 1800 consilio

1216 1827 1243 1852 ct
1277 1818 1466 1864 apostolicae
1501 1817 1697 1864 plenitudine
1731 1815 1893 1862 potestatis
1927 1813 1964 1847 ad

1216 1868 1311 1902 divini
1336 1868 1482 1902 Nominis
1505 1866 1629 1901 landem
1646 1874 1675 1900 et
1692 1864 1836 1910 gloriam,
1855 1862 1966 1898 exalta-

1216 1918 1331 1952 tionem
1352 1917 1509 1951 Ecclesiae
1528 1913 1966 1961 animarumqueprofectum,

1216 1967 1388 2002 Ecclesiam
1412 1967 1526 2001 Beatae
1558 1965 1743 2012 Margaritae
1766 1963 1857 1998 castri
1883 1974 1968 2009 prae-

1216 2018 1291 2052 dicti
1323 2019 1351 2052 in
1381 2016 1592 2052 cathedralem
1621 2015 1781 2050 ereximus
1808 2026 1879 2048 cum
1915 2012 1967 2047 di—

1216 2069 1346 2113 gnitatis
1374 2067 1562 2114 episcopalis
1584 2065 1675 2099 titulo
1691 2064 1889 2106 decorantes,
1908 2075 1966 2097 nec

1218 2131 1277 2151 nou
1303 2119 1406 2165 ipsum
1431 2124 1567 2150 castrum
1592 2114 1708 2150 ¹Montis
1722 2113 1867 2148 Flascon.
1888 2122 1967 2147 tam-

1217 2180 1309 2214 quam
1339 2168 1442 2202 locum
1473 2167 1641 2212 insignem,
1669 2164 1830 2204 devotum,
1858 2170 1965 2210 aptum

1216 2226 1247 2252 et
1269 2229 1444 2263 congruum
1477 2217 1634 2250 civitatem
1664 2213 1885 2248 constituimus
1901 2240 1908 2253 ,
1931 2224 1966 2246 ac

1217 2267 1348 2301 civitatis
1372 2266 1525 2301 vocabulo
1554 2264 1793 2310 insignivimus,
1834 2274 1967 2309 eamque

1217 2317 1370 2351 civitatem
1401 2317 1515 2350 Montis
1542 2315 1705 2350 Flasconis
1728 2313 1873 2347 volumus
1901 2324 1969 2359 per-

1219 2368 1320 2413 petuis
1347 2366 1460 2401 futuris
1483 2364 1678 2413 temporibus
1699 2364 1812 2398 vocari.

1266 2425 1280 2464 ξ
1316 2425 1348 2455 2.
1377 2421 1492 2455 Verum
1519 2428 1551 2455 ut
1574 2421 1603 2453 in
1627 2419 1736 2453 eadem
1762 2416 1902 2451 Ecclesia
1930 2429 1967 2451 eo

1220 2476 1371 2509 maiorum
1394 2475 1608 2510 laudationum
1628 2473 1803 2520 praeconiis
1825 2471 1969 2506 laudetur

1218 2529 1430 2577 Omnipotens
1445 2558 1453 2572 ,
1475 2542 1539 2576 quo
1563 2528 1700 2575 plurium
1724 2526 1760 2562 ad
1791 2526 1850 2560 lioc
1873 2525 1969 2560 mini-

1220 2593 1353 2618 strorum
1367 2584 1482 2618 ibidem
1495 2595 1647 2617 numerus
1658 2582 1713 2615 suit
1723 2581 1968 2618 demonstratus,

1219 2652 1254 2673 ac
1283 2647 1387 2685 pastor
1410 2638 1510 2673 eidem
1527 2636 1696 2672 cathedrali
1721 2635 1834 2683 praesit
1858 2634 1969 2669 Eccle-

1971 249 2019 275 An.
2036 249 2065 274 C.
2089 248 2156 274 ¹569

2003 441 2122 461 Exordium.

1988 737 2066 756 (lausve
2099 737 2159 756 huius

1975 767 2084 787 faciendae
2110 773 2160 787 eie—

1976 798 2060 819 ottonis.

1995 1919 2092 1941 Ecclesia
2112 1918 2168 1940 San-

1982 1954 2029 1973 ctae
2041 1950 2166 1977 Margaritae

1981 1984 2002 2004 in
2013 1983 2165 2007 cathedralem,

1982 2013 2103 2034 eiCasirum
2110 2011 2168 2033 Mon-

1983 2046 2008 2065 tis
2024 2044 2132 2065 Flasconis
2145 2045 2165 2064 in

1982 2076 2088 2096 civitatem
2122 2076 2167 2095 eri-

1982 2108 2044 2133 gitur.

1997 2426 2120 2451 Assiguatur
2131 2431 2168 2446 ca-

1983 2457 2078 2484 pitulum.
