2274 3265
243 285 293 311 Αη.
311 285 339 311 C.
354 284 420 311 ¹285

250 547 276 568 Da
284 546 379 567 vnn-ulus
388 545 423 567 Ec-

241 578 351 598 ete-tarum

255 900 282 921 De
304 901 388 921 tuendis
398 902 428 921 tu-

242 933 298 953 rtbuu
319 931 428 953 Eccleslu-

244 969 295 984 Tum,

257 1256 315 1276 Attae
348 1256 431 1275 mount—

244 1289 345 1308 mutones.

487 274 545 305 82·

1020 277 1120 300 BELLA
1127 277 1156 299 {U
1163 277 1206 299 ΟΜ
1234 276 1395 299 ROMANUM

439 350 487 371 res
509 345 539 370 vt
576 334 791 382 possessiones
819 332 998 367 liuiusuiodi
1038 331 1182 378 praefatis
1224 332 1248 365 si
1273 330 1471 369 recesserint,
1491 328 1627 375 legitime
1650 329 1797 361 revocari.
1836 326 1870 361 Si
1899 337 1970 360 vero

439 386 535 420 titulis
557 397 628 419 cum
652 396 746 419 onere
768 395 824 418 suo
847 383 883 418 ad
908 381 1062 417 Ecclesias
1082 391 1183 415 traus-

439 436 585 469 fei-autur.

487 488 502 528 ἓ
525 486 557 518 8.
583 483 658 517 Item
682 482 765 529 quod
795 481 934 517 vassallis
954 480 1180 521 Ecclesiarum,

438 534 489 581 qui
513 546 560 577 ea,
587 545 666 580 quae
695 532 820 575 liabent,
843 531 881 566 ab
904 530 1055 566 Ecclesiis
1077 537 1183 563 teuent

438 593 466 618 ct
494 593 565 617 sunt
588 583 704 617 eisdem
733 582 883 616 Ecclesiis
905 581 941 614 ad
969 579 1094 614 servitia
1111 591 1183 625 per-

438 633 554 667 sonalia
584 632 721 678 obligati,
744 631 842 666 officia
869 643 921 676 per
950 630 1069 663 curiam
1087 656 1096 672 ,
1129 640 1184 662 co-

441 683 542 723 mites,
582 682 714 716 barones
750 682 794 715 vel
828 681 903 714 alios
941 679 1008 713 siue
1046 679 1182 724 ipsorum

442 732 649 779 praelatorum
675 731 796 765 licentia
833 729 1012 764 nullatenus
1038 727 1186 762 commit-

442 791 555 816 tantur.

490 834 555 875 59.
575 831 650 865 Item
679 829 762 877 quod
783 827 944 876 privilegia
970 835 999 861 et
1022 826 1087 859 iura
1110 836 1187 859 con-

443 894 528 916 cessa
556 880 704 915 Ecclesiis
726 887 754 913 et
789 878 930 925 personis
968 874 1187 910 ecclesiasticis

444 944 460 967 a
483 929 644 965 catholicis
664 938 693 963 et
721 928 857 974 antiquis
885 925 1010 971 regibus
1049 923 1188 964 Siciliae,

447 982 476 1015 iu
504 992 637 1027 quorum
662 980 860 1025 possessione
892 984 989 1017 sunt7
1025 982 1188 1008 serventur

448 1031 559 1064 illaesa.
583 1029 627 1063 De
654 1028 713 1061 illis
737 1040 819 1070 vero,
848 1027 877 1059 iu
901 1037 1034 1072 quorum
1061 1035 1188 1069 posses·

446 1081 533 1114 sione
556 1091 617 1112 nou
640 1085 725 1117 suut,
757 1077 807 1110 siat
835 1076 880 1109 cis
907 1075 974 1108 siue
1007 1072 1188 1107 difficultate

447 1128 560 1164 iustitia
585 1128 613 1161 in
642 1127 726 1161 curia
754 1125 955 1171 competenti.

495 1183 510 1222 g
535 1180 590 1212 10.
612 1176 687 1211 ltem
711 1176 794 1223 quod
815 1174 962 1209 officiales
989 1182 1016 1207 et
1045 1172 1191 1206 commis-

447 1229 517 1263 sarii
545 1227 648 1261 curiae
677 1225 891 1272 possessiones
913 1232 942 1257 et
966 1235 1025 1261 res,
1054 1233 1133 1269 quae
1151 1221 1190 1256 ab

446 1277 598 1312 Ecclesiis
625 1276 836 1323 possidentur,
864 1285 924 1307 nou
961 1272 1114 1312 auserunt,
1134 1283 1191 1305 nec

446 1329 474 1361 in
504 1327 579 1374 ipsis
600 1325 724 1360 easdem
745 1324 901 1359 Ecclesias
913 1331 1018 1358 contra
1042 1321 1188 1356 iustitiam

447 1375 629 1424 perturbare
658 1382 870 1422 praesumam.

493 1431 507 1470 ξ
538 1431 591 1460 ll.
614 1425 690 1459 Item
714 1424 795 1471 quod
823 1421 969 1457 ollii-iales
997 1433 1050 1454 seu
1083 1432 1191 1454 saecu-

445 1477 523 1511 lares
547 1487 697 1523 personae
719 1487 752 1508 se
771 1472 952 1507 nullatenus
988 1470 1191 1504 intromittant

443 1526 479 1560 ad
500 1523 756 1571 cognoscendum
781 1524 819 1557 de
846 1522 951 1568 aliquo
972 1520 1104 1554 crimine
1134 1531 1192 1553 ec·—

444 1575 631 1618 clesiastico,
663 1588 718 1607 uec
746 1572 916 1620 impediant
945 1570 1112 1618 praelatos,
1141 1577 1191 1603 aut

446 1626 582 1672 ipsorum
621 1623 781 1667 officiales,
819 1622 895 1668 quin
937 1621 975 1655 de
1011 1618 1190 1653 huiusmodi

445 1675 573 1710 crimine
596 1674 692 1708 libere
715 1679 905 1718 cognoscant
932 1679 961 1704 et
986 1669 1129 1716 puniant,
1161 1677 1192 1702 ut

447 1726 523 1760 iuris
545 1733 603 1758 est.

494 1779 509 1818 ἕ
533 1775 588 1808 12.
608 1774 685 1808 Item
714 1771 799 1819 quod
827 1769 982 1804 iustitiarii
1007 1768 1052 1802 vel
1081 1767 1130 1802 alii
1154 1767 1194 1802 os-

447 1824 563 1859 siciales
592 1822 737 1858 vassallos
764 1820 974 1856 Ecclesiarum
1010 1830 1114 1852 corani
1149 1830 1194 1858 se,

449 1875 492 1908 iel
516 1873 552 1909 ad
577 1873 716 1921 ipsorum
742 1870 855 1906 indicia
888 1870 919 1903 in
955 1867 1098 1902 civilibus
1135 1876 1194 1901 tra-

448 1924 521 1958 bere
546 1935 608 1958 non
638 1928 850 1969 praesumant.

496 1975 584 2016 513.
608 1972 683 2007 Item
713 1970 796 2017 quod
821 1968 945 2015 praelati
970 1966 1195 2003 Ecclesiarum,

448 2023 677 2057 ecclesiasticae
706 2031 856 2068 personae
875 2031 910 2052 ac
937 2016 1085 2051 officiales
1112 2017 1197 2063 ipsa-

450 2086 516 2107 rum
547 2071 693 2107 vassallos
714 2083 818 2105 earum
842 2068 1000 2102 debitores
1028 2078 1102 2101 suos
1130 2077 1198 2112 pos-

450 2123 522 2161 sint,
552 2130 641 2169 prout
669 2121 713 2155 eis
735 2118 898 2166 competit,
933 2116 1121 2164 compellere
1160 2115 1195 2149 ad

450 2171 703 2207 satisfaciendum
727 2170 785 2204 sibi
808 2169 845 2203 de
874 2166 988 2201 debitis
1010 2174 1038 2199 et
1075 2164 1198 2199 iuribus

450 2221 643 2266 earumdem,
655 2218 902 2255 contradictione
918 2216 1017 2262 aliqua
1039 2215 1198 2261 illegitima

452 2285 514 2307 non
542 2271 694 2306 obstante.

500 2326 514 2365 ἕ
539 2324 593 2356 14.
623 2321 711 2364 hem,
735 2319 805 2354 licet
841 2316 923 2351 idern
959 2316 1105 2363 princeps
1135 2322 1200 2349 sta-

453 2372 545 2407 tuerit
567 2372 668 2418 aliqua
692 2371 729 2404 de
758 2367 897 2403 vassallis
923 2365 1136 2401 Ecclesiarum
1157 2365 1201 2398 eis

453 2423 490 2456 ad
515 2421 687 2468 personalia
716 2418 839 2453 servitia
862 2416 1015 2463 obligatis,
1038 2415 1062 2449 si
1098 2414 1199 2448 forsan

453 2485 467 2506 a
498 2471 598 2512 terris,
623 2472 653 2505 iu
676 2469 792 2517 quibus
816 2468 927 2502 morari
957 2466 1082 2505 debent,
1111 2463 1202 2498 ausu-

454 2522 568 2565 gerint,
592 2534 646 2569 per
674 2519 826 2567 praelatos
853 2526 882 2551 et
918 2528 1068 2564 personas
1101 2514 1203 2548 eccle-

455 2571 593 2605 siasticas
621 2569 816 2609 revocandis;
841 2580 896 2602 uos
927 2575 1029 2601 tamen
1068 2564 1203 2598 dicimus

456 2619 726 2667 distinguendum,
754 2627 788 2653 ut
827 2617 851 2653 si
891 2617 1011 2652 ratione
1053 2626 1203 2662 personae

456 2670 493 2705 ad
523 2669 703 2704 huiusmodi
726 2668 848 2704 servitia
872 2673 1049 2708 teneantur,
1072 2663 1204 2712 possint,

1226 388 1370 415 tenentur
1393 390 1496 414 rerum
1526 375 1742 412 tantummodo
1775 375 1905 416 ratione,
1940 382 1971 410 et

1227 430 1371 465 recedere
1399 427 1565 467 voluerint,
1589 438 1637 461 res
1660 426 1741 472 ipsas
1765 423 1914 460 Ecclesiis
1941 432 1971 458 et

1227 480 1368 527 personis
1390 478 1507 514 eisdem
1531 476 1661 511 omniuo
1684 474 1842 510 dimittere
1882 486 1972 509 com-

1228 529 1394 576 pellantur.

1274 583 1289 622 ξ
1314 582 1367 612 15.
1394 578 1471 612 ltcm
1494 576 1579 624 quod
1604 574 1726 613 iudaeis,
1748 573 1802 620 qui
1825 581 1897 607 sunt
1914 572 1974 608 Ec-

1226 628 1392 663 clesiarum
1413 626 1545 667 vassalli,
1569 625 1654 660 nulla
1676 624 1914 659 committantur
1927 621 1974 657 ol'-

1227 678 1306 718 ficia,
1329 690 1386 711 nec
1414 679 1461 711 eis
1488 676 1563 710 alias
1586 674 1808 722 oppressiones
1834 672 1881 707 vel
1908 684 1975 718 gra-

1229 728 1348 762 vamina
1371 726 1551 762 inl'erautur.
1575 725 1638 760 Nos
1665 725 1767 771 itaque
1802 735 1873 757 cum
1908 722 1976 756 sra-

1229 777 1328 811 tribus
1356 777 1470 811 nostris
1492 775 1715 810 deliberatione
1743 773 1857 816 liabita,
1885 783 1976 819 prae-

1230 827 1322 860 missa
1361 826 1391 860 in
1432 825 1565 860 favorem
1601 824 1812 859 Ecclesiarum
1857 821 1913 856 Dei
1946 829 1977 857 et

1231 877 1444 910 ministrorum
1468 875 1565 921 ipsius
1592 873 1789 908 attendentes
1823 872 1948 906 inducta
1967 899 1976 914 ⁷

1230 925 1268 960 de
1291 926 1431 972 ipsorum
1459 924 1587 959 fratrum
1615 924 1746 958 consilio
1781 930 1810 957 et
1845 934 1976 957 assensu

1230 988 1264 1010 ac
1285 974 1478 1022 plenitudine
1502 973 1672 1021 potestatis,
1688 985 1722 1007 ea
1746 972 1898 1006 firmitatis
1914 983 1979 1018 per-

1233 1034 1342 1070 petuae
1370 1024 1464 1059 robur
1494 1023 1660 1058 statuimus
1697 1022 1849 1062 obtinere,
1893 1022 1978 1068 ipsa-

1231 1088 1293 1122 que
1335 1073 1544 1121 praecipimus
1584 1071 1742 1119 perpetuis
1784 1070 1979 1117 temporibus

1234 1124 1452 1158 inviolabiliter
1475 1123 1644 1157 observari.

1280 1178 1295 1217 ἓ
1320 1176 1374 1208 15.
1399 1173 1607 1208 Decernimus
1631 1183 1706 1215 ergo
1734 1178 1766 1204 ut
1800 1168 1874 1203 nulli
1911 1181 1979 1202 om-

1233 1224 1306 1258 niuo
1330 1224 1492 1258 bominum
1522 1222 1611 1257 liceat
1639 1222 1718 1255 banc
1742 1219 1886 1266 paginam
1917 1229 1980 1252 uo-

1232 1282 1313 1308 strae
1338 1272 1571 1308 constitutionis
1606 1279 1700 1317 atque
1741 1267 1894 1316 praecepti
1931 1267 1980 1301 iu-

1234 1323 1380 1368 fringere,
1403 1323 1447 1357 vel
1471 1323 1496 1356 ei
1520 1334 1597 1356 ausu
1628 1319 1792 1355 temerario
1814 1316 1981 1357 contraire;

1233 1373 1256 1406 si
1280 1373 1350 1419 quis
1372 1381 1475 1406 autem
1500 1371 1559 1405 boc
1582 1379 1730 1404 attentare
1760 1379 1981 1415 praesumpse—

1235 1424 1282 1463 rit,
1308 1422 1552 1468 indignationem
1590 1419 1816 1467 omnipotentis
1850 1415 1907 1451 Dei
1946 1427 1982 1450 ac

1235 1473 1394 1506 beatorum
1418 1471 1501 1506 Petri
1520 1479 1549 1504 et
1571 1469 1658 1504 Pauli
1681 1467 1895 1516 apostolorum
1914 1466 1982 1500 eius

1234 1535 1267 1556 se
1291 1529 1409 1556 noverit
1432 1532 1641 1556 incursurum.

1283 1571 1353 1606 Eoo
1395 1570 1564 1606 Hononius
1605 1569 1776 1604 catholicae
1822 1564 1983 1599 Ecclesiae

1235 1622 1414 1668 episcopus.

1258 1673 1448 1717 (Sequuntur
1469 1672 1594 1704 nomina
1630 1669 1839 1703 cardinalium
1867 1671 1960 1714 prout

1477 1722 1510 1754 in
1534 1720 1749 1765 praecedenti).

1286 1770 1399 1806 Datum
1422 1769 1540 1805 Tibure
1570 1781 1624 1816 per
1652 1781 1777 1803 manum
1811 1767 1894 1802 Petri
1923 1779 1986 1802 ma-

1237 1821 1324 1866 gistri
1353 1821 1392 1855 de
1419 1819 1597 1854 Mediolano
1619 1818 1652 1854 S.
1685 1817 1723 1853 R.
1767 1817 1800 1852 E.
1844 1817 1987 1852 vicecan-

1238 1870 1352 1905 cellarii
1384 1870 1620 1917 quiutodecimo
1649 1867 1799 1903 kalendas
1837 1866 1986 1907 octobris,

1240 1920 1409 1955 indictione
1432 1918 1678 1967 quartadecima,
1701 1917 1922 1952 incarnationis
1936 1915 1989 1950 do-

1240 1970 1372 2005 minicae
1383 1982 1464 2004 anno
1481 1967 1875 2003 millesimoducentesimo
1885 1974 1992 2001 octua-

1239 2020 1359 2065 gesimo
1393 2019 1517 2067 quinto,
1541 2018 1738 2065 pontificatus
1761 2029 1833 2051 vero
1871 2015 1989 2051 domiui

1240 2069 1370 2104 Honorii
1395 2069 1497 2116 Papae
1524 2067 1565 2103 lv
1587 2080 1669 2102 anuo
1696 2079 1719 2101 1.

1419 2126 1477 2156 Dat.
1496 2126 1542 2156 die
1565 2130 1593 2155 et
1611 2134 1687 2155 anno
1706 2124 1817 2154 eodem.

1588 2316 1640 2351 IV.

1245 2400 1468 2435 Monasteri'um
1490 2400 1525 2433 S.
1542 2399 1683 2432 Silvcslri
1696 2399 1729 2431 in
1750 2397 1854 2443 Capite
1864 2398 1899 2431 de
1916 2397 1992 2430 Urbe

1293 2454 1463 2488 conceditur
1496 2454 1650 2488 nonnullis
1690 2453 1751 2498 piis
1784 2452 1923 2496 foeminis
1960 2459 1991 2484 ut

1294 2510 1370 2543 inibi
1390 2510 1493 2542 vivant
1511 2509 1672 2543 secuudum
1693 2507 1832 2551 reyulam
1854 2506 1888 2540 S.
1919 2505 1992 2540 Cla-

1294 2578 1346 2599 rae
1365 2565 1419 2608 (l).

1282 2674 1321 2709 (¹)
1339 2673 1376 2700 Ex
1398 2673 1500 2707 Regest.
1525 2671 1606 2697 Vatic.

1989 269 2038 296 An.
2053 269 2079 296 C⁴
2100 269 2166 296 1285

2027 1177 2143 1198 Clau-utu.
