2274 3265
115 254 164 282 An.
181 256 210 283 C.
228 258 294 285 1285

124 815 188 835 Autet
213 815 293 836 [acinus

109 846 216 866 Ecclesiae
241 847 294 866 tidu-

109 879 294 898 riariumcumex-

111 911 185 929 titisse.

124 1362 211 1383 Addicta
231 1362 250 1383 S.
268 1363 290 1383 A,

108 1393 221 1413 clientelae
232 1400 243 1413 a
255 1393 293 1414 Pe-

108 1427 141 1444 tro
169 1424 225 1445 illius
253 1431 291 1445 avi

108 1454 174 1476 tuerat
210 1456 291 1482 Arago-

926 255 1089 278 munaus
1111 257 1143 277 lV
1167 257 1213 278 PP.

307 322 337 349 et
369 326 426 349 nos
453 313 659 348 nihilominus
693 310 927 347 decernendum
962 310 1055 345 duxi—

308 376 378 398 mus
404 372 434 399 et
456 364 548 398 ctiam
571 361 807 396 declarandum.
837 360 868 395 Iu
897 372 976 407 quae
997 372 1055 394 au-

307 421 368 447 tem
392 414 526 448 crimina
548 411 621 446 falsa
636 412 740 458 regiae
762 410 935 456 dignitatis,
958 410 1054 443 immo

307 471 337 496 ct
363 463 514 508 simplicis
543 462 739 507 magistratus
760 459 944 505 assumptio,
972 459 1054 492 sedi-

307 513 368 553 tio,
396 511 623 557 violentiaeque
645 522 715 544 cum
752 509 847 543 armis
873 508 1054 542 commissio

308 561 463 599 incidant,
499 559 613 607 quibus
643 558 811 594 addicendi
847 557 910 591 sint
946 557 1055 604 poenis

308 612 415 645 talium
439 618 625 656 patratores,
654 620 710 643 nec
745 608 803 642 suit
826 619 884 642 nec
906 616 951 642 est
975 619 1055 653 opus

307 661 494 707 exprimere,
522 659 593 705 quia
629 658 658 692 id
695 666 766 692 nota
792 665 823 692 et
846 657 1054 691 vetustissima

307 709 430 744 decreta
458 715 637 743 sanxerunt,

355 759 422 805 38.
436 758 475 792 Et
494 758 566 804 quia
584 758 745 792 memorati
771 758 951 802 Aragonum
973 756 1055 802 regis

307 808 490 843 excessibus
512 819 574 841 non
600 807 665 841 leve
689 806 813 854 pondus
827 806 932 841 adiicit
956 807 1056 852 ipsius

306 867 336 892 et
364 858 449 904 regni
473 859 522 892 sui
544 856 691 904 explicite
717 856 873 903 descripta
896 856 1054 899 conditio,

305 908 425 942 seriose
443 907 592 942 duximus
614 906 846 952 explicandum,
868 906 1002 954 qualiter
1017 905 1055 940 de

305 957 443 992 archivio
466 957 566 1003 ipsius
588 955 748 991 Ecclesiae
777 956 962 1002 prodeuntia
987 967 1055 990 mo-

307 1007 443 1041 nimenta
480 1005 646 1041 manifeste
681 1014 851 1045 testantur,
879 1005 961 1052 quod
986 1005 1054 1052 piae

306 1056 477 1091 memoriae
498 1056 705 1090 Innocentius
725 1056 806 1102 Papa
824 1063 954 1101 quartus
972 1066 1055 1100 prac-

305 1105 453 1140 decessor
476 1115 580 1140 noster
606 1105 764 1152 quondam
796 1104 922 1138 l'etrum
947 1116 1052 1149 regem

305 1156 499 1201 Aragonum,
522 1155 661 1189 eiusdem
679 1154 761 1188 Petri
776 1154 950 1199 Aragouiae
971 1154 1055 1198 regis

305 1217 408 1244 avum,
425 1204 598 1239 Arelatensi
622 1203 878 1250 archiepiscope,
899 1203 953 1248 qui
981 1211 1055 1236 tuuc

305 1264 381 1298 erat,
409 1262 439 1288 et
472 1254 540 1287 aliis
571 1254 714 1300 personis
736 1252 969 1293 ecelesiasticis,
999 1263 1055 1285 nec

307 1315 367 1337 non
407 1311 437 1337 et
476 1302 719 1350 quampluribus
759 1302 826 1335 suis
865 1302 1053 1335 associatum

307 1352 488 1397 proceribus
511 1365 566 1399 per
589 1364 672 1386 mare
700 1352 736 1385 ad
765 1350 880 1386 sedem
909 1350 1054 1397 Aposto—

306 1402 395 1436 licam
429 1402 651 1440 accedentem,
689 1410 720 1435 ut
760 1401 835 1435 inibi
869 1400 906 1434 ab
942 1401 1052 1434 eodem

307 1451 489 1486 Innocentio
513 1451 752 1498 praedecessore
783 1450 912 1484 militiae
934 1451 1054 1497 cingu-

305 1501 368 1536 lum
396 1509 426 1536 et
448 1502 568 1547 regium
597 1503 754 1547 acciperet
777 1500 933 1538 diadema,
957 1501 1055 1535 hono·

305 1553 379 1585 ravit
402 1551 629 1598 multipliciter,
663 1550 835 1585 honorifice
863 1563 898 1585 ac
917 1550 1053 1593 benigne

304 1602 433 1648 recepit,
468 1610 497 1636 et
525 1602 554 1635 in
591 1601 721 1635 ecclesia
749 1600 856 1635 Sancti
896 1600 1051 1635 pancratii

303 1652 448 1699 martyris
484 1652 567 1686 iuxta
600 1650 837 1698 Transtyberim
867 1662 921 1696 per
953 1650 1053 1685 bonae

304 1699 630 1736 memoriae‘Petrum
659 1709 733 1735 tuuc
760 1701 967 1735 portuensem
992 1701 1053 1746 epi-

303 1763 434 1798 scopum
457 1752 488 1786 in
513 1762 616 1797 regem
640 1750 750 1796 inungi
776 1750 911 1791 faciens,
940 1750 1054 1784 deinde

305 1801 450 1836 manibus
478 1801 612 1847 propriis
634 1801 794 1835 coronavit
821 1808 852 1833 et
875 1800 990 1846 regalia
1011 1800 1055 1833 in-

304 1851 403 1897 signia
427 1852 585 1890 universa,
610 1859 751 1885 mantum
783 1850 926 1885 videlicet
949 1858 978 1884 et
1000 1862 1054 1884 co-

305 1901 435 1941 lobium,
457 1908 616 1947 sceptrum
640 1908 669 1934 et
692 1913 833 1946 pomum,
857 1912 1004 1934 coronam
1025 1909 1054 1935 et

305 1951 446 1993 mitram,
474 1963 552 1997 quae
575 1950 612 1984 ad
636 1962 717 1997 opus
740 1950 839 1996 ipsius
867 1962 927 1984 non
951 1951 1053 1984 solum

305 2002 460 2046 speciosa,
482 2000 535 2035 sed
554 2008 584 2034 et
600 2001 732 2046 pretiosa
751 2000 848 2047 parari
870 2000 994 2039 fecerat,
1017 2012 1053 2033 ex

306 2062 392 2085 more
432 2050 462 2084 in
501 2062 610 2095 regum
648 2049 905 2084 coronationibus
945 2050 1056 2083 obser-

305 2100 418 2143 vando,
446 2100 593 2134 munifice
621 2099 753 2144 largitus
790 2098 910 2143 eidem⁷
942 2099 979 2133 ab
1019 2112 1055 2133 eo

307 2151 516 2184 iuramentum
540 2150 704 2194 corporale
731 2150 859 2196 recepit,
889 2161 942 2196 per
964 2151 1056 2183 cuius

307 2199 490 2245 religionem
516 2199 673 2246 praefatus
696 2212 748 2234 rex
773 2200 854 2234 inter
880 2208 1000 2233 caetera
1026 2199 1057 2232 fi-

306 2249 463 2284 delitatem
506 2257 535 2283 et
575 2248 785 2284 obedientiam
826 2249 882 2294 ipsi
922 2248 1056 2283 Summo

307 2298 466 2339 Pontifici,
493 2300 625 2346 eiusque
652 2298 909 2341 successoribus,
937 2299 1054 2333 dictae-

307 2361 369 2396 que
396 2348 556 2383 Romanae
578 2349 752 2387 Ecclesiae,
780 2360 973 2394 regnumque
1001 2360 1057 2382 su-

309 2411 359 2433 um
385 2399 415 2432 in
444 2399 544 2445 ipsius
566 2397 744 2433 obedientia
769 2398 900 2432 fideliter
926 2409 1057 2432 couscr-

309 2460 379 2482 vare
408 2448 569 2494 promisit;
597 2460 632 2482 ac
659 2447 786 2482 demum
810 2460 864 2481 rex
894 2447 960 2493 ipse
983 2460 1054 2481 cnm

309 2497 406 2532 multo
431 2497 565 2543 tripudio
588 2505 617 2532 et
639 2498 793 2544 applausu
821 2505 989 2530 coronatns
1008 2497 1056 2529 iu-

308 2555 357 2582 xta
377 2547 523 2581 enmdem
547 2548 820 2594 praedecessorem
837 2545 1055 2581 Innocentium

309 2597 344 2631 ad
369 2596 453 2631 Beati
471 2596 555 2631 Petri
572 2596 797 2643 Apostolorum
826 2595 983 2642 Principis
1000 2596 1057 2629 ba-

308 2647 428 2682 silicam
458 2646 599 2687 rediens,
634 2658 729 2693 super
754 2645 837 2680 illius
858 2644 953 2680 altare
985 2657 1056 2680 scc-

1749 249 1792 281 :2⁴9

1098 319 1200 357 ptrum
1223 319 1253 345 et
1279 310 1422 347 diadema
1449 313 1595 358 deposuit
1622 321 1653 348 et
1676 313 1840 349 militarem

1097 373 1204 394 cnscm
1231 361 1269 394 dc
1301 375 1391 395 maim
1420 363 1559 397 ciusdem
1596 363 1843 409 praedecessoris

1097 410 1237 455 accepit,
1261 410 1444 457 dictumque
1473 425 1601 457 regnum
1622 426 1727 456 suum7
1754 423 1841 447 antea

1097 459 1243 493 censuale
1269 472 1284 493 a
1313 460 1378 493 suis
1414 461 1708 505 praedecessoribus
1739 463 1840 497 eidem

1097 507 1255 542 Ecclesiae
1278 510 1496 549 constitutum,
1523 511 1654 555 cupiens
1677 511 1840 558 principali

1098 567 1167 603 post
1188 558 1291 592 Deum
1312 558 1411 604 ipsius
1434 559 1512 592 licati
1538 559 1632 599 Petri,
1656 569 1685 594 ct
1712 560 1844 605 Aposto-

1098 607 1173 642 licae
1196 606 1289 642 Sedis
1318 608 1511 654 protectione
1546 609 1679 648 muniri,
1709 610 1842 655 praestito

1098 656 1282 692 lnnocentio
1306 657 1548 703 praedecessori,
1571 665 1600 691 ct
1620 671 1671 702 pcr
1690 671 1762 693 eum
1784 660 1841 705 ipsi

1096 715 1312 741 sacrosanctae
1333 706 1531 753 Apostolicae
1554 707 1626 741 Scdi
1656 707 1783 750 obtulit,
1808 709 1843 742 il-

1098 756 1213 803 ludque
1232 755 1291 790 sibi
1310 765 1341 792 et
1368 756 1602 791 successoribus
1624 756 1691 791 cius
1714 757 1742 791 in
1768 771 1843 804 per-

1098 814 1228 853 petuum
1251 806 1348 840 divini
1363 808 1478 840 amoris
1498 806 1623 844 intuitu,
1646 815 1675 839 et
1701 819 1756 852 pro
1771 819 1844 841 suae

1096 868 1291 903 suorumque
1330 856 1565 902 progenitorum
1602 855 1741 890 remedio
1776 857 1844 891 ani-

1098 918 1231 950 marum,
1246 919 1325 940 novo
1340 906 1462 940 adiecto
1478 918 1586 947 ceusu,
1601 906 1763 940 constituit
1777 919 1843 940 ceu-

1096 955 1198 996 suale;
1222 955 1398 1002 pollicendo
1425 955 1589 995 adiiciens,
1611 962 1641 989 et
1667 954 1844 990 adiiciendo

1098 1004 1272 1051 pollicens,
1305 1005 1388 1052 quod
1414 1005 1480 1051 ipse
1504 1017 1538 1039 ac
1573 1016 1774 1039 successores
1796 1006 1841 1039 sui

1097 1054 1274 1100 specialiter
1301 1055 1402 1089 eidem
1426 1054 1501 1089 Sodi
1533 1053 1640 1089 fideles
1662 1062 1693 1088 et
1715 1054 1841 1088 obnoxii

1097 1111 1270 1138 teneantur.
1295 1104 1379 1138 Haec
1401 1112 1504 1138 antem
1530 1112 1675 1149 perpetua
1697 1104 1762 1149 lege
1779 1104 1843 1138 fore
1872 1111 1935 1135 Regio
1972 1114 2039 1131 amm

1096 1153 1246 1186 servanda
1281 1153 1470 1192 decernens,
1512 1162 1542 1186 ut
1581 1153 1762 1187 huiusmodi
1793 1166 1842 1187 re-
1858 1142 2043 1195 ῗζξζζξζξῗξῆζ

1096 1202 1175 1246 galis
1208 1203 1369 1237 concessio
1398 1202 1493 1236 robur
1530 1202 1683 1236 firmitatis
1711 1202 1901 1236 inviola-Si‘*e
1924 1206 2038 1250 {¹⁵¹²''ed‘ss

1097 1251 1169 1285 bilis
1191 1251 1357 1290 obtineret,
1383 1252 1480 1297 ipsam
1498 1251 1665 1298 inscriptis
1688 1251 1843 1286 redactam
1859 1242 1900 1256 Μ
1923 1239 2038 1255 mummi

1096 1308 1126 1334 et
1153 1301 1190 1335 de
1216 1313 1380 1347 procerum
1404 1301 1509 1335 curiae
1527 1313 1584 1335 suo
1606 1301 1736 1335 consilio
1761 1314 1845 1347 prae-

1095 1350 1237 1384 sentibus
1283 1350 1367 1385 dicto
1413 1351 1570 1384 Arelaten.
1610 1350 1845 1395 archiepiscopo

1095 1400 1255 1446 quondam
1284 1400 1400 1435 Sancio
1424 1408 1533 1446 patruo
1555 1412 1628 1442 suo,
1651 1399 1786 1445 Hugone
1807 1400 1845 1433 de

1098 1450 1213 1484 Baucio
1236 1458 1265 1484 et
1290 1450 1428 1484 Arnaldo
1451 1449 1489 1483 de
1511 1448 1649 1484 Faciano
1674 1449 1846 1483 baronibus

1095 1499 1275 1546 suis,sigilli
1287 1501 1334 1534 sui
1351 1499 1526 1534 munimine
1542 1499 1730 1539 roboratam,
1744 1499 1843 1534 eidem

1098 1550 1330 1597 praedecessori
1361 1550 1527 1583 concessit.

1144 1600 1164 1647 S
1186 1602 1219 1634 9.
1247 1599 1409 1646 Numquid
1429 1599 1522 1645 igitur
1544 1598 1714 1645 praemissa
1735 1597 1844 1632 collata
1874 1604 1923 1625 lude
1938 1606 1984 1626 fidet
2000 1612 2041 1640 Q

1098 1651 1230 1696 pariter,
1259 1657 1288 1684 et
1315 1649 1421 1683 solerti
1448 1648 1681 1683 examinatione
1703 1635 2042 1688 discussa2‡{1?2¹’“}[,⁰,Z‚52{

1098 1699 1268 1745 praefatum
1293 1711 1395 1745 regem
1420 1698 1602 1743 Aragouum
1626 1706 1772 1745 nepotem
1806 1697 1841 1731 fi-
1859 1700 1949 1725 ”Suff‘ffl

1096 1749 1241 1790 delitatis,
1264 1748 1300 1783 ad
1315 1761 1408 1796 quam
1427 1755 1620 1782 memoratus
1642 1760 1729 1786 avus,
1752 1747 1843 1781 cuius

1096 1808 1141 1833 est
1170 1800 1200 1833 in
1234 1798 1345 1833 eodem
1375 1798 1552 1844 Aragoniae
1581 1809 1677 1843 regno
1712 1796 1844 1834 haeres.

1098 1850 1199 1896 ipsum
1223 1849 1303 1883 sicut
1326 1856 1356 1883 et
1383 1859 1584 1882 successores
1612 1848 1679 1881 eius
1706 1855 1845 1881 caeteros

1097 1908 1156 1933 tam
1183 1898 1318 1945 publice,
1348 1905 1408 1932 tam
1434 1897 1616 1931 solemniter
1631 1895 1781 1942 obligarat
1801 1896 1846 1930 ei-

1096 1949 1167 1983 dem
1196 1948 1367 1987 Ecclesiae,
1391 1947 1565 1981 debitorem
1593 1956 1622 1980 et
1645 1946 1845 1989 violatorem,

1098 1998 1259 2044 publicum
1293 2011 1381 2032 reum
1409 2010 1470 2032 non
1494 1996 1684 2031 accusabant
1709 1995 1843 2030 infideli-

1099 2048 1167 2083 tatis
1202 2047 1393 2082 damnabilis
1430 2055 1459 2081 et
1495 2046 1664 2080 accusant?
1700 2045 1844 2079 Profecto

1098 2098 1169 2132 fidei
1207 2097 1330 2132 debitae
1371 2097 1494 2131 violatio
1524 2096 1687 2130 violantem
1719 2094 1845 2141 procul—

1097 2147 1194 2182 dubio
1221 2148 1324 2193 arguit
1353 2145 1530 2188 infidelem,
1558 2145 1739 2192 praesertim
1771 2156 1843 2178 cum

1099 2198 1270 2244 praemissa
1291 2209 1351 2231 non
1370 2196 1476 2230 leviter
1490 2203 1634 2241 aggravet
1650 2193 1842 2228 fraudolenta

1098 2247 1256 2286 confictio,
1283 2259 1342 2294 qua
1370 2246 1449 2279 idem
1474 2258 1527 2279 rex
1548 2244 1721 2290 Aragoniae
1745 2254 1843 2288 nepos

1098 2311 1159 2331 non
1199 2297 1317 2343 absque
1359 2295 1476 2329 fraudis
1515 2302 1660 2328 comento
1698 2291 1843 2326 notabilis

1099 2347 1224 2381 finxisse
1247 2346 1415 2391 detegitur,
1442 2352 1472 2378 et
1494 2343 1574 2388 apcd
1599 2355 1654 2376 nos
1677 2343 1771 2375 ctiam
1789 2353 1842 2387 per

1098 2396 1255 2430 solemnes
1289 2395 1421 2428 nuncios
1446 2393 1634 2434 affirmasse,
1661 2390 1744 2438 quod
1769 2402 1841 2424 cnm

1097 2454 1282 2491 sumptuoso
1309 2453 1336 2477 et
1365 2443 1497 2477 sollicito
1522 2450 1685 2487 apparatu,
1714 2440 1750 2474 ad
1784 2439 1840 2474 Dei

1098 2504 1127 2529 et
1164 2494 1321 2529 Ecclesiae
1360 2492 1518 2526 servitium
1558 2499 1588 2524 et
1623 2489 1840 2523 exaltationem

1098 2544 1268 2579 catholicae
1292 2542 1376 2578 fidei.
1394 2542 1546 2587 potentiae
1576 2551 1649 2573 suae
1678 2538 1839 2573 brachium

1098 2594 1270 2637 dirigebat3
1305 2591 1386 2638 qnod
1424 2599 1525 2624 tamen
1559 2598 1664 2623 contra
1700 2588 1838 2622 eiusdem
1869 2604 1946 2625 fraudo
1968 2606 2036 2625 scm,

1099 2643 1260 2679 utilitatem
1297 2641 1365 2675 [idei
1400 2639 1519 2674 dictum
1552 2651 1657 2685 regem
1692 2637 1929 2673 Carolumwffl·

1857 260 1906 286 An.
1925 258 1943 285 C
1973 260 2038 285 12ῐῆ
