2274 3265
79 270 129 296 An.
145 267 174 294 C.
193 267 261 295 15¹7

74 871 150 894 Eurum
197 877 258 893 vem

75 906 195 924 contentus.

88 1218 188 1239 Ati-ntus
203 1220 222 1239 tn
234 1223 256 1238 e-

74 1250 192 1276 piscupntu.

86 1615 133 1636 Zeto
146 1614 256 1639 religionis

72 1647 172 1668 fervidus.

85 1815 121 1837 Pio
137 1816 232 1837 1110111111.

772 267 906 290 10111335
931 267 982 289 xxi
1006 256 1113 298 (dictus
1136 258 1259 296 xx11)1›

278 334 412 369 iramque
435 323 518 378 quod
549 324 650 361 Deus,
686 324 738 369 qni
768 330 944 356 moerentes
968 333 1020 355 so-

276 371 387 418 spitate
415 372 519 418 erigit,
548 373 631 419 ponit
662 373 796 406 humiles
824 371 852 405 111
876 371 1016 405 sublimi.

277 420 346 467 lpse
389 422 471 456 enim
509 422 757 468 vigintiquinque
798 432 951 467 pauperes
988 420 1017 453 in

276 469 370 505 domo
392 483 446 505 sua
476 471 632 506 teliciebat
658 471 817 517 qnotidie,
850 482 962 524 aquam
987 469 1016 502 in

276 519 421 555 manibus
453 520 613 564 fundebat,
660 531 818 566 manuque
849 531 904 553 5113
945 519 1019 565 ipsis

275 568 389 604 fercula
424 570 618 616 apponebat,
651 582 687 604 ac
721 580 816 615 panes
855 567 1018 603 scindebat

273 618 510 661 eisdem‚etiam
535 631 617 666 genu
637 619 728 661 llexo,
744 618 773 652 in
795 617 871 664 ipsis
892 616 1018 652 Christo

274 668 402 713 servire,
437 678 466 703 et
490 669 595 716 Ipsum
627 668 764 714 recipere
786 679 820 702 se
847 666 1017 702 delectans

321 722 337 761 ἕ
362 721 415 752 14.
448 717 620 765 Hospitalia
659 729 830 765 pauperum
854 716 1019 764 aliquoties

274 767 425 803 visitabat.

321 820 415 861 §45
450 817 562 852 Sciens
594 817 742 864 denique„
778 816 862 864 quod
890 817 942 864 qni
968 829 1020 850 ve.—

274 867 412 902 stiuutur
435 866 595 906 mollibus,
625 868 655 901 in
679 868 738 901 boc
766 879 782 901 a
804 867 942 902 Domino
958 879 1018 901 non

274 916 459 957 laudantur,
489 925 557 964 post
579 916 763 952 diaconatus
782 925 941 963 sumptum
962 928 1019 951 or-

273 965 398 1008 dinem,
427 978 553 1013 semper
581 974 664 1001 veste
700 966 809 1001 bumili
848 979 922 1001 usus
951 965 1017 1000 fuit.

272 1014 348 1051 Post
376 1016 552 1062 ingressum
589 1028 660 1051 vero
696 1016 844 1064 praedicti
880 1015 1019 1059 ordinis,

273 1065 323 1100 vili
346 1065 474 1105 habitu,
502 1078 538 1100 ac
569 1065 670 1101 brimo
698 1066 803 1101 colore
826 1066 854 1100 111
879 1065 1019 1112 tapetiis,

272 1116 403 1150 cortinis
437 1126 465 1150 et
489 1115 560 1150 lecti
583 1116 790 1162 coopertoriis
813 1115 967 1150 utebatur.

320 1164 341 1212 ἓ
368 1166 424 1199 16.
456 1164 661 1200 Pontificatus
686 1165 777 1200 etiam
807 1165 942 1199 officium
967 1176 1020 1198 ex-

272 1214 398 1249 ercebat
416 1226 488 1249 cum
512 1214 673 1261 diligentia
696 1227 806 1249 servus
829 1214 879 1248 bic
901 1213 1017 1248 Christi

273 1263 375 1298 fidelis
401 1271 432 1298 et
455 1263 614 1310 prudens,
650 1264 761 1299 missas
783 1262 919 1298 dicendo
947 1262 1020 1297 assi-

272 1312 345 1354 due,
368 1313 568 1347 devotissime
590 1312 716 1347 ordines
738 1312 941 1347 celebrando:
961 1312 1021 1346 cle-

273 1362 362 1405 ricos,
391 1362 509 1409 quibus
529 1362 568 1396 de
590 1362 751 1397 beneficiis
779 1362 942 1409 providere
964 1374 1019 1396 vo-

271 1411 365 1452 lebat,
387 1411 595 1446 examinando
622 1411 660 1446 de
683 1412 850 1446 virtutibus
872 1419 901 1445 et
925 1411 1018 1455 vitiis,

270 1469 300 1494 et
333 1460 473 1496 articulis
497 1461 588 1506 fidei,
625 1462 683 1495 vita
713 1470 741 1496 et
771 1461 911 1496 moribus
946 1461 1018 1495 dili—

269 1519 390 1557 genter.

318 1559 338 1607 §
368 1562 422 1594 17.
455 1559 588 1595 ludaeos
616 1569 646 1596 et
681 1559 838 1607 gentiles,
866 1559 932 1594 zelo
955 1560 1019 1595 fer-

271 1620 345 1644 vens
362 1609 431 1651 Dei,
448 1610 616 1645 inducebat
636 1610 746 1645 sedulo
760 1610 797 1644 ad
815 1609 1018 1657 baptismum,

269 1671 304 1693 ac
326 1660 479 1707 quosdam
514 1660 698 1695 eorumdem
734 1672 823 1695 sacro
858 1660 896 1694 de
933 1659 1016 1694 fonte

270 1708 393 1744 levavit.

317 1758 337 1806 g
361 1760 416 1793 18.
444 1759 581 1794 Demum
609 1759 768 1806 gloriosus
795 1760 852 1794 iste
879 1767 1017 1803 sanctus,

268 1820 363 1843 cursu
400 1809 478 1843 vitae
514 1819 731 1844 consummato
776 1809 943 1852 foeliciter⁷
978 1809 1016 1844 ad

269 1857 373 1893 Deum
396 1858 514 1893 sontem
532 1859 647 1897 vivum,
670 1872 762 1906 quem
783 1860 871 1893 avide
886 1859 1017 1899 sitierat,

270 1908 476 1953 migraturuS‚
509 1908 686 1943 infirmitate.
714 1908 909 1943 decumbens
945 1908 1018 1942 ulti—

269 1970 335 1998 ma,
358 1958 559 1992 devotissime
586 1959 720 2005 sumpsit
747 1957 873 2005 Corpus
907 1958 1018 1992 Domi-

271 2007 377 2041 nicum
401 2009 545 2054 quamvis
571 2008 684 2042 debilis
716 2008 754 2042 de
782 2008 862 2042 lecto
885 2007 1017 2042 exiliens

270 2057 301 2091 in
335 2069 500 2092 occursum
537 2057 665 2092 Domini
701 2057 880 2092 Salvatoris.
914 2056 1017 2092 Cruce

270 2115 372 2140 autem
400 2106 458 2141 sibi
483 2106 552 2141 data
577 2119 632 2154 per
658 2107 825 2154 quemdam
852 2120 888 2142 ex
911 2108 1016 2148 sociis,

270 2155 511 2191 deosculabatur
532 2156 629 2198 1113111,
655 2157 840 2203 genuflexus
869 2158 898 2191 in
924 2157 1017 2201 lecto,

272 2214 303 2239 ut
326 2206 437 2253 potuit,
471 2218 506 2241 ac
533 2207 564 2241 in
587 2207 727 2242 oratioue
763 2207 872 2241 devota
911 2215 939 2241 et
973 2207 1017 2241 si-

272 2255 366 2291 lentio
394 2256 593 2302 postmodum
625 2256 677 2291 diu
707 2257 830 2291 mansit.
861 2256 892 2290 ln
925 2269 1017 2291 cruce

272 2317 406 2353 namque
441 2305 568 2340 Domini
597 2307 694 2341 nostri
734 2306 801 2341 lesu
825 2306 960 2349 Clu-isti,
988 2315 1017 2340 et

271 2367 332 2389 non
357 2356 385 2389 111
409 2355 488 2396 3110,
516 2356 668 2390 didicerat
701 2356 838 2402 gloriari.
875 2356 1015 2391 Tandem

271 2404 437 2449 gloriosam
476 2405 631 2439 resolutus
655 2406 685 2439 in
717 2414 862 2448 nim-tem,
891 2407 942 2452 qui
968 2406 1017 2440 liic

274 2455 358 2488 vivus
381 2455 551 2490 ambulavit
587 2455 615 2488 in
640 2455 829 2495 innocentia,
858 2456 888 2489 111
912 2456 1017 2491 medio

272 2504 386 2538 domus
408 2517 481 2539 suae
504 2505 541 2538 ad
565 2504 666 2538 Deum
693 2517 784 2539 suum
808 2506 1017 2552 contemplan-

271 2554 346 2588 dum
387 2555 415 2588 iu
444 2554 581 2600 gaudio,
610 2554 685 2588 facio
716 2554 859 2597 revelata,
896 2555 924 2589 in
960 2568 1016 2590 5113

274 2603 449 2639 innocentia
477 2613 523 2638 est
559 2604 729 2648 ingressus.
769 2603 903 2644 Verum,
945 2606 1015 2652 quia

271 2653 401 2688 decebat
436 2653 569 2689 multum
607 2653 728 2688 divinae
766 2653 1015 2700 magnitudinem

1687 256 1757 288 ⁰25⁹

1063 320 1222 363 bonitatis,
1250 267 1333 366 qiiod
1358 320 1456 364 illum,
1479 333 1571 367 quein
1596 320 1624 355 in
1648 321 1738 355 terris
1760 321 1808 367 ip-

1061 383 1131 404 sum
1162 369 1327 416 praeclaris
1350 369 1531 404 adornando
1556 369 1731 410 virtutibus,
1758 370 1806 404 sui

1063 420 1189 465 imaoim
1228 418 1340 453 fecerat
1374 428 1434 453 tam
1466 420 1670 464 conformem,
1698 432 1806 454 secum

1061 468 1239 503 ostenderet
1263 481 1392 513 regnare
1415 469 1445 502 in
1473 469 1570 503 coelis
1593 447 1713 504 virttitis
1731 481 1807 504 suae

1062 518 1267 558 testimoniis,
1294 518 1445 564 quaedam
1477 530 1531 564 per
1559 531 1629 553 eum
1660 519 1806 553 miracula

1061 568 1180 615 operari
1205 567 1352 614 dignatus
1374 575 1432 607 est,
1455 580 1534 613 quae
1558 568 1595 602 ad
1618 568 1724 603 Sancti
1746 568 1807 603 hu-

1062 617 1110 652 ius
1148 616 1368 652 declarandam
1397 617 1545 663 gloriam,
1586 618 1808 664 praesentibus

1061 667 1212 702 duximus
1239 666 1428 702 adnotanda.

1109 718 1129 763 5²
1156 719 1207 751 19.
1235 716 1396 759 Quaedam
1425 728 1561 763 namque
1588 716 1723 751 duorum
1752 730 1808 752 an-

1063 778 1171 801 norum
1197 766 1316 814 puella,
1338 779 1418 813 quae
1442 766 1468 800 vi
1491 765 1587 801 febris
1606 779 1698 822 quam
1720 779 1808 814 passa

1063 816 1119 851 luit
1154 816 1276 851 duobus
1312 815 1493 855 mensibus,
1521 817 1692 863 expiraxi13
1729 816 1809 852 sacto

1062 874 1132 901 voto
1167 878 1221 913 per
1257 874 1374 913 patrem
1402 865 1519 900 Sancto
1545 866 1606 906 isti,
1641 865 1726 913 quod
1750 867 1809 913 ipsi

1063 916 1229 962 imaginem
1254 916 1292 950 de
1308 928 1377 951 cera
1400 915 1535 960 offerret,
1558 916 1583 951 si
1599 916 1690 951 vitam
1706 928 1723 951 a
1742 915 1810 951 Deo

1063 965 1142 999 filiae
1171 978 1245 1000 suae
1269 966 1460 1013 impetraret,
1485 966 1679 1010 resuscitata,
1714 966 1808 1001 ubera

1063 1015 1169 1050 matris
1196 1015 1288 1050 suxit.

1110 1066 1130 1111 g
1156 1067 1213 1099 20.
1242 1065 1378 1107 Quidam
1406 1065 1497 1100 etiam
1534 1065 1676 1112 quinque
1706 1077 1808 1100 anno-

1063 1126 1131 1148 rum
1168 1127 1244 1161 puer
1285 1114 1480 1149 vehementia
1513 1114 1609 1149 febris
1642 1115 1808 1150 continuae

1064 1163 1121 1198 vita
1146 1163 1283 1204 l',unctus
1312 1164 1391 1199 sacto
1415 1172 1484 1199 voto
1519 1176 1574 1211 per
1597 1172 1734 1211 patrem,
1762 1172 1808 1198 est

1063 1212 1141 1247 vitae
1164 1214 1311 1259 pristinae
1335 1214 1515 1253 restitutus,
1549 1225 1607 1248 nec
1639 1213 1740 1248 dictae
1764 1213 1809 1248 fe-

1063 1261 1157 1296 bris
1151 1275 1180 1296 m
1210 1275 1246 1297 eo
1269 1263 1414 1310 apparuit
1437 1262 1535 1297 ullum
1559 1263 1695 1309 signum.

1111 1315 1125 1353 ξ
1154 1314 1211 1345 -l.
1245 1312 1406 1354 Quaedam
1443 1312 1544 1359 puella
1572 1324 1724 1346 annorum
1758 1324 1809 1346 se-

1064 1369 1160 1406 ptem,
1188 1373 1267 1408 quae
1291 1374 1346 1408 per
1380 1362 1571 1408 septimanas
1606 1370 1668 1396 tres
1691 1361 1807 1396 febrem

1063 1422 1150 1456 passa
1179 1411 1358 1445 continuam
1382 1411 1553 1457 expiravit,
1589 1411 1670 1446 facto
1692 1411 1728 1445 ad
1752 1411 1809 1444 di-

1061 1466 1144 1493 ctum
1180 1459 1330 1494 Sanctum
1367 1469 1437 1495 voto
1461 1473 1516 1507 per
1542 1473 1628 1501 suos,
1664 1461 1807 1508 spiritum

1063 1510 1257 1556 recuperavit
1280 1519 1309 1544 et
1333 1510 1451 1545 revixit.

1109 1563 1124 1601 ξ
1150 1562 1207 1593 22.
1231 1559 1394 1601 Quaedam
1419 1559 1557 1607 denique
1580 1559 1705 1599 mulier,
1728 1572 1808 1606 quae

1060 1608 1139 1643 duas
1166 1617 1353 1656 conceperat
1388 1609 1483 1649 111135,
1519 1621 1578 1644 3113
1615 1609 1737 1643 illarum
1777 1610 1807 1643 in

1061 1666 1167 1693 ventre
1197 1668 1317 1694 mortua
1345 1671 1381 1693 ex
1409 1672 1481 1694 casu
1506 1658 1607 1694 dictae
1640 1658 1748 1694 matris
1770 1659 1808 1694 de

1064 1708 1164 1752 asino,
1191 1717 1221 1743 et
1248 1709 1277 1743 in
1297 1710 1366 1744 eius
1385 1718 1491 1744 ventre
1517 1721 1553 1743 ex
1581 1721 1666 1743 mora
1688 1707 1808 1743 diutina

1061 1758 1234 1804 putrefacta
1250 1786 1257 1799 ,
1300 1758 1401 1805 coepit
1443 1759 1611 1806 puerperio
1656 1757 1806 1793 laborare.

1060 1807 1207 1854 Cumque
1229 1808 1333 1843 dictus
1362 1818 1468 1856 partus
1498 1809 1556 1843 iam
1582 1808 1727 1855 putridus
1754 1820 1809 1855 per

1060 1856 1173 1892 frustra
1201 1857 1309 1892 suisset
1331 1867 1498 1898 extractus,
1520 1868 1550 1893 et
1568 1859 1626 1893 alia
1649 1857 1711 1892 fitia
1730 1870 1810 1892 mor—

1060 1914 1110 1941 tua
1134 1907 1192 1941 iam
1217 1907 1327 1942 educta
1351 1917 1432 1942 esset
1459 1908 1642 1942 ostetricum
1671 1907 1810 1942 ministe-

1061 1956 1105 1990 rio
1129 1957 1278 1991 violenter
1300 1966 1330 1991 et
1354 1959 1489 2005 proiecta
1516 1958 1546 1992 in
1569 1957 1692 1992 stabulo
1715 1969 1808 2003 super

1060 2005 1186 2046 fimum,
1211 2007 1326 2041 emisso
1352 2007 1389 2041 ad
1414 2019 1549 2054 ipsum
1542 2006 1692 2042 Sanctum
1722 2015 1808 2050 voto,

1059 2056 1143 2102 quod
1172 2056 1195 2090 si
1221 2064 1327 2103 partus
1351 2057 1401 2091 ille
1425 2065 1613 2103 resurgeret,
1642 2068 1734 2090 uuam
1749 2034 1808 2090 sibi

1060 2117 1148 2140 cerae
1172 2106 1340 2152 imaginem
1364 2115 1588 2154 praesentaret,
1618 2105 1719 2153 puella
1741 2106 1807 2152 pal-

1061 2156 1156 2201 pitare
1183 2156 1303 2203 coepit,
1333 2164 1363 2190 et
1392 2156 1543 2203 baptizata
1570 2164 1691 2202 septem
1716 2167 1806 2189 men-

1060 2204 1147 2239 sibus
1169 2206 1354 2252 supervixit.

1108 2260 1123 2297 §
1150 2256 1207 2288 25.
1230 2254 1365 2296 Quidam
1388 2255 1479 2289 etiam
1515 2267 1592 2301 puer
1620 2254 1727 2289 aetatis
1750 2266 1808 2288 an-

1060 2316 1172 2338 norum
1201 2313 1340 2351 septem,
1366 2304 1440 2338 dum
1469 2304 1528 2338 sub
1554 2304 1646 2348 lecto,
1683 2304 1711 2338 in
1744 2315 1806 2350 quo

1060 2366 1129 2389 cum
1158 2355 1226 2388 suis
1260 2354 1378 2389 iacebat
1419 2354 1623 2400 parentibus,
1665 2362 1807 2400 repertus

1060 2413 1222 2447 mortuus⁷
1245 2403 1366 2450 rigidus
1392 2412 1422 2437 et
1444 2403 1575 2449 frigidus
1597 2404 1701 2451 aliquo
1725 2412 1806 2438 tem-

1060 2466 1135 2500 pore
1157 2453 1397 2501 permansisset,
1420 2452 1499 2487 facto
1522 2465 1576 2500 per
1599 2461 1742 2500 parentes
1768 2453 1805 2486 ad

1060 2504 1143 2537 bunc
1169 2503 1319 2538 Sanctum
1346 2510 1426 2544 voto,
1450 2502 1506 2536 fuit
1529 2503 1677 2537 divinitus
1704 2503 1806 2537 susci-

1060 2560 1151 2587 tatus.

1108 2605 1206 2645 §24
1242 2601 1362 2636 Mulieri
1401 2601 1530 2642 viduae,
1566 2614 1644 2649 quae
1680 2611 1806 2650 propter

1061 2652 1276 2686 vehementem
1302 2651 1513 2685 infirmitatem
1529 2651 1611 2686 diem
1628 2660 1804 2686 extremum

1822 263 1871 290 Au.
1890 263 1918 290 C.
1938 263 2003 290 1317

1836 731 1933 752 nimi-uta
1967 737 2006 758 per

1823 768 1868 783 oum
1886 763 1941 783 Deus
1958 770 2006 789 upu-

1822 800 1845 813 ra
1834 798 1878 814 atur
