2274 3265
119 273 298 301 A11.C.tti30

143 664 264 685 Pt'ooent'tum

127 1308 200 1330 facias
215 1318 225 1329 a

113 1340 176 1360 dinali
198 1339 217 1359 S.
240 1339 296 1360 Petri

113 1372 137 1391 ad
155 1370 242 1390 Yiucula
264 1371 296 1391 le—

114 1406 160 1428 gato
177 1403 241 1429 Apris!
276 1402 294 1422 S.

113 1433 281 1453 reformationes.

249 1315 297 1329 ι’ὲὶῐν

127 2155 238 2175 eonnrrnut
257 2153 288 2174 PP

115 2190 135 2206 et
151 2186 262 2205 modificat.

944 277 1108 302 MAtt'rths
1132 278 1149 301 V
1172 278 1220 302 1²1¹.

350 329 523 366 praestitum
548 329 583 359 «le
612 328 803 360 observandis
838 331 923 361 dictis
952 332 1060 362 consti-

353 373 523 402 tutionibus.
539 390 578 395 —
593 374 640 404 12.
657 374 874 405 Contrariorum
900 376 1059 414 derogatio

350 418 630 448 -13.Clausulae.

363 494 501 524 Martinus
520 495 661 530 opiscopus
678 502 774 524 servus
792 502 932 524 sorvorum
950 495 1006 528 Dei.

467 545 500 573 ad
519 543 646 573 suturam
677 544 717 572 roi
736 545 903 574 memoriam.

360 615 525 662 Pervigilis
546 628 632 650 more
649 617 782 663 pastoris
797 616 960 651 Romanus
975 616 1060 650 Pon-

312 665 384 699 tifex
412 665 664 700 animadvertens
686 666 891 701 commissum
920 666 976 700 sibi
993 678 1060 711 gre-

311 726 380 760 gem
420 714 636 758 dominicum,
678 728 732 762 pei·
779 715 945 750 laudabilia
982 716 1060 750 reli-

310 764 471 810 giosorum
496 765 636 811 exempla
654 792 661 803 ,
690 765 719 798 in
753 766 895 800 semitam
930 765 1060 800 manda-

311 822 414 847 torum
441 813 594 847 Altissimi
622 814 730 859 dirigi,
760 823 790 848 et
818 815 854 848 ad
877 814 1059 849 salutarium

310 863 463 896 actionem
486 875 618 909 operum
634 864 809 911 provocari,
832 876 1058 911 nonnunquam

310 923 406 959 super
428 911 487 952 liis,
510 925 602 959 quae,
631 912 735 947 medio
762 925 836 947 suae
862 913 1060 960 provisionis,

310 961 346 995 ad
374 961 656 996 commendabilem
686 975 792 997 sacrae
821 962 982 1009 religionis
1009 975 1060 997 re-

310 1011 528 1045 formationem
553 1021 785 1058 processerunt,
808 1012 925 1051 adiicit,
955 1012 1061 1046 decla—

310 1069 366 1104 rat,
389 1060 558 1099 modificat,
581 1060 705 1095 ordinat
732 1070 762 1096 et
784 1062 934 1109 disponit,
957 1071 1060 1109 prout,

310 1122 414 1145 rerum
449 1119 479 1145 et
514 1119 691 1158 temporum
727 1111 1060 1158 qualitatepensata,

311 1159 341 1194 id
370 1159 400 1194 in
428 1160 566 1194 Domino
592 1160 745 1207 conspicit
772 1160 940 1196 salubriter
962 1173 1061 1207 expe-

311 1209 389 1244 dire.
943 1239 947 1242 .

359 1259 427 1306 Sl.
450 1258 530 1293 Cum
555 1258 658 1304 itaque
681 1259 802 1306 pridem
823 1259 956 1293 dilectus
980 1258 1062 1293 fitius

312 1317 419 1342 noster
442 1307 574 1342 Ioannes
590 1307 668 1342 tituli
684 1308 790 1342 Sancti
810 1307 893 1342 Petri
917 1308 953 1342 ad
976 1307 1061 1342 Vin-

311 1357 380 1393 cula
397 1357 558 1405 presbyter
578 1357 758 1397 cardinatis,
780 1357 830 1391 cui
853 1357 891 1391 de
915 1369 982 1391 ven.
1000 1357 1062 1390 fra-

312 1416 393 1442 trum
425 1415 605 1441 nostrorum
641 1405 674 1440 S.
705 1406 744 1440 R.
780 1405 816 1440 E.
854 1405 1060 1440 cardinalium

310 1456 453 1499 consilio,
481 1467 536 1502 per
561 1455 638 1489 alias
672 1463 794 1489 nostras
825 1455 932 1490 literas
966 1467 1062 1502 super

309 1504 369 1540 hoc
392 1505 493 1552 plenae
509 1504 676 1549 legationis
698 1503 836 1539 officium
855 1505 1062 1539 commisera-

308 1567 392 1599 mus,
413 1566 449 1588 ac
475 1553 689 1588 omnimodam
720 1566 977 1589 concesseramus
1015 1554 1061 1589 fa-

308 1604 468 1643 cultatem,
497 1603 601 1649 vigore
632 1604 889 1643 commissionis,
921 1616 1060 1639 conces-

309 1653 407 1687 sionis
439 1662 469 1687 et
501 1652 663 1688 literarum
703 1653 886 1688 huiusmodi
923 1655 1059 1699 generali

308 1702 444 1749 capitulo
479 1702 607 1737 fratrum
630 1702 800 1743 Minorum,
824 1702 908 1750 quod
927 1711 1001 1737 tunc
1029 1704 1059 1738 in

308 1752 429 1787 civitate
452 1760 558 1787 nostra
577 1752 687 1786 Assisii
707 1751 934 1793 celebrabatur,
951 1754 1060 1799 praesi-

308 1801 425 1846 dendo,
448 1802 616 1836 nonnullas
638 1814 732 1849 super
760 1802 980 1837 reformatione
999 1802 1061 1837 Or-

309 1851 392 1886 dinis
414 1851 569 1887 dictorum
587 1852 714 1886 fratrum
731 1851 889 1886 Minorum
920 1851 1061 1887 salubres

309 1909 339 1934 et
358 1900 506 1936 honestas
528 1901 770 1936 constitutiones
805 1902 834 1935 in
869 1901 979 1935 eodem
1014 1913 1062 1936 ca-

310 1950 410 1997 pitulo
436 1950 572 1985 edidisse
601 1959 770 1991 noscatur,
795 1959 885 1997 prout
915 1951 945 1984 in
966 1951 1062 1985 literis

309 2000 386 2040 suis,
401 2000 468 2035 eius
482 2000 586 2046 sigillo
601 2000 749 2043 munitis,
773 2000 909 2035 vidimus
937 1999 1061 2046 plenius

310 2050 477 2084 contineri.

359 2099 379 2146 g
405 2103 438 2133 2.
466 2098 530 2133 Nos
556 2099 816 2133 constitutionum
840 2107 869 2133 et
898 2099 1057 2134 literarum

311 2148 493 2183 earumdem
519 2157 642 2183 tenores
666 2148 882 2195 praesentibus
911 2161 965 2196 pro
987 2149 1060 2183 suf-

313 2198 454 2233 ficienter
481 2200 639 2245 expressis
662 2198 828 2238 habentes,
843 2198 986 2246 illasque,
1005 2199 1061 2232 lia-

313 2261 382 2283 rum
411 2249 500 2287 serie,
530 2248 739 2295 approbantes
761 2257 789 2282 et
817 2248 1060 2293 confirmantes,

312 2310 409 2345 super
430 2298 487 2342 eis,
511 2307 543 2331 ut
567 2298 821 2345 prosperioribus
845 2299 874 2332 in
901 2307 1060 2345 posterum

312 2348 511 2382 successibus
544 2347 770 2393 gratulemur,
807 2356 892 2382 motu
925 2349 1062 2394 proprio,

313 2409 374 2432 non
392 2397 428 2432 ad
453 2397 787 2442 alicuiusinstantiam,
815 2397 868 2431 sed
897 2398 935 2431 de
959 2406 1062 2432 nostra

314 2460 397 2482 mera
414 2446 618 2494 providentia,
638 2446 824 2488 additiones,
839 2446 1064 2482 declarationes

313 2506 343 2531 et
367 2496 614 2531 modificationes
628 2497 811 2531 auctoritate
834 2497 1003 2543 apostolica
1017 2510 1063 2532 or-

314 2551 484 2592 dinamus,
506 2551 630 2585 edimus
664 2559 694 2585 et
727 2551 871 2591 facimus,
897 2563 977 2598 quae
1010 2564 1063 2585 se-

314 2615 466 2653 quuntur.

364 2664 432 2702 §5
461 2659 569 2694 Primo
596 2659 750 2703 videlicet,
773 2659 856 2707 quod
882 2659 933 2693 ubi
954 2659 1064 2693 fratres

396 2717 470 2747 Ball.
494 2717 570 2747 Rom.
595 2717 648 2746 t‘ol.
671 2716 717 2746 IV.
879 2716 916 2746 94

1730 273 1796 305 745

1101 395 1242 417 sororum
1265 383 1395 418 Ordinis
1416 386 1548 420 Sanctae
1579 386 1711 429 Clarae,
1740 387 1845 421 Sancti

1101 432 1244 467 Damiani
1267 441 1296 467 et
1318 434 1553 469 Minorissarum
1568 463 1576 478 ,
1608 448 1643 469 ac
1661 437 1720 470 alia
1742 449 1846 483 quae-

1101 494 1237 530 cumque
1273 485 1459 518 monasteria
1491 485 1555 519 sive
1592 485 1656 519 loca
1694 487 1846 532 regularia

1102 532 1294 571 mulierum,
1321 545 1375 579 per
1403 546 1618 581 quascumque
1644 536 1736 569 etiam
1768 548 1846 583 apo-

1101 581 1227 617 stolicas
1254 582 1358 616 literas
1380 583 1438 617 sibi
1461 585 1641 623 commissa,
1663 585 1722 618 sub
1754 586 1847 620 certis

1103 632 1210 677 poenis
1221 632 1458 677 adstringuntur
1482 633 1632 667 ministris
1655 634 1848 680 provinciali-

1102 680 1172 720 bus,
1187 691 1219 716 ut
1234 681 1358 715 illorum
1377 681 1584 717 iurisdictioni
1605 683 1739 722 subsint,
1756 693 1847 729 prout

1101 732 1259 774 convenit,
1274 731 1445 777 resignare,
1459 731 1517 766 nisi
1535 744 1588 778 per
1603 732 1671 766 illos
1683 733 1729 767 eis
1742 733 1847 768 denuo

1102 780 1215 815 suerint
1254 781 1468 825 recommissa,
1490 781 1668 816 adiiciendo
1701 782 1848 816 decerui-

1102 842 1184 873 mus,
1212 829 1357 864 volumus
1378 838 1409 864 et
1436 831 1647 874 mandamus,
1675 843 1798 866 sorores
1819 840 1848 866 et

1102 879 1253 914 moniales
1283 879 1420 920 easdem,
1449 880 1569 914 etiamsi
1605 881 1634 914 in
1657 881 1848 916 contrarium

1088 928 1236 964 >babeant
1271 929 1399 976 quaevis
1435 930 1597 976 privilegia
1638 930 1684 964 vel
1717 929 1849 971 indulta,

1103 991 1224 1013 necnon
1265 979 1383 1013 eisdem
1428 978 1669 1024 particularibus
1704 979 1851 1014 fratribus

1102 1040 1268 1063 concessas
1290 1028 1394 1062 literas
1430 1028 1627 1072 huiusmodi,
1654 1041 1733 1075 quae
1748 1029 1850 1076 quoad

1102 1077 1163 1112 hoc
1176 1090 1347 1119 cassamus,
1363 1077 1521 1112 irritamus
1535 1087 1566 1113 et
1588 1078 1801 1121 annullamus,
1812 1078 1850 1112 ad

1102 1127 1352 1162 subtrahendum
1381 1139 1414 1161 se
1440 1140 1455 1161 a
1485 1127 1683 1162 subiectione
1712 1136 1742 1161 et
1769 1127 1851 1162 obe-

1102 1176 1218 1211 dientia
1259 1178 1399 1224 ipsorum
1436 1177 1671 1223 particularium
1700 1177 1852 1218 fratrum,

1102 1235 1133 1260 et
1159 1225 1291 1261 aliorum
1314 1237 1603 1273 quorumcumque,
1627 1226 1686 1260 nisi
1714 1225 1753 1261 de
1773 1238 1854 1261 novo

1103 1275 1165 1310 illis
1184 1276 1469 1317 recommittantur,
1498 1283 1529 1309 ut
1546 1275 1722 1322 praefertur
1734 1303 1742 1315 ,
1759 1288 1855 1323 seque

1103 1325 1232 1359 omnino
1256 1325 1396 1371 ipsorum
1417 1325 1645 1365 ministrorum,
1673 1333 1703 1359 et
1726 1337 1780 1371 per
1801 1337 1856 1359 eos

1103 1373 1356 1420 deputandorum
1385 1374 1579 1408 visitatorum
1603 1374 1810 1409 iurisdictioni
1825 1383 1856 1408 et

1102 1422 1298 1457 obedientiae
1325 1422 1598 1466 submittendum,
1631 1435 1685 1470 per
1712 1423 1853 1458 eamdem

1102 1472 1362 1507 constitutionem
1398 1472 1462 1518 pari
1494 1472 1586 1506 modo
1624 1472 1803 1518 adstringi,
1825 1482 1854 1507 et

1103 1522 1214 1568 poeuis
1239 1521 1396 1556 similibus
1418 1521 1563 1567 obligari.

1150 1575 1214 1614 §4-
1234 1571 1400 1606 Praeterea
1420 1571 1634 1614 decernimus,
1656 1570 1742 1618 quod
1762 1583 1856 1606 exce-

1103 1621 1164 1667 ptis
1198 1621 1258 1665 iis,
1286 1621 1325 1656 de
1364 1621 1480 1669 quibus
1516 1621 1544 1655 in
1575 1620 1856 1656 constitutionibus

1102 1669 1202 1705 felicis
1225 1671 1452 1706 recordationis
1473 1670 1636 1705 Benedicti
1657 1670 1759 1717 Papae
1773 1670 1855 1705 duo-

1102 1719 1215 1754 decimi
1239 1721 1491 1767 praedecessoris
1526 1720 1620 1754 nostri
1650 1720 1682 1754 fit
1715 1721 1854 1762 mentio,

1103 1769 1178 1804 nulli
1216 1770 1345 1805 omnino
1374 1770 1537 1804 bominum
1565 1778 1627 1804 tam
1652 1770 1855 1816 regularium,

1102 1831 1195 1866 quam
1231 1819 1454 1860 saecularium,
1492 1820 1722 1867 cuiuscumque
1745 1828 1854 1861 status,

1102 1869 1230 1915 gradus,
1254 1869 1520 1916 praeeminentiae,
1542 1869 1715 1915 diguitatis,
1749 1870 1856 1904 excel—

1102 1917 1226 1958 lentiae,
1240 1919 1412 1954 nobilitatis
1425 1926 1455 1953 et
1466 1918 1769 1963 conditionisfuerit,
1781 1931 1855 1966 prze-

1104 1975 1190 2002 textu
1207 1968 1265 2002 sibi
1280 1968 1416 2015 desuper
1439 1968 1548 2015 quavis
1569 1969 1753 2003 auctoritate
1775 1981 1855 2003 con-

1103 2029 1211 2052 cessae
1232 2018 1464 2064 cuiuscumque
1488 2018 1630 2052 licentiae
1645 2045 1652 2057 ,
1686 2030 1779 2065 quam
1806 2019 1854 2053 si-

1104 2067 1217 2101 militer
1241 2079 1420 2107 cassamus,
1458 2068 1617 2102 irritamus
1645 2075 1675 2101 et
1706 2067 1853 2103 annulla-

1104 2129 1198 2157 mus,
1227 2117 1415 2151 monasteria
1446 2117 1511 2151 sive
1544 2116 1611 2151 loca
1645 2129 1789 2152 sororum
1823 2126 1854 2152 et

1105 2170 1287 2205 monialium
1305 2170 1498 2212 huiusmodi,
1520 2170 1584 2205 sive
1605 2170 1730 2218 aliquod
1748 2184 1785 2205 ex
1808 2173 1854 2206 eis

1105 2225 1238 2269 ingredi,
1255 2238 1355 2272 neque
1385 2226 1477 2260 etiam
1493 2226 1659 2272 protectori
1683 2234 1737 2259 aut
1755 2238 1853 2272 gene-

1105 2278 1159 2313 rali
1191 2280 1335 2314 ministro
1367 2279 1440 2313 dicti
1464 2278 1595 2314 Ordinis
1617 2279 1774 2314 Miuorum
1799 2292 1853 2327 pro

1105 2341 1244 2380 tempore
1260 2333 1478 2373 existentibus,
1494 2346 1550 2368 seu
1567 2333 1710 2380 praefatis
1725 2334 1854 2380 provin-

1104 2387 1236 2422 cialibus
1272 2388 1422 2422 ministris
1452 2396 1481 2422 et
1515 2387 1770 2435 quibuscumque
1808 2389 1853 2422 vi-

1104 2442 1285 2477 sitatoribus
1298 2443 1457 2478 licentiam
1473 2455 1568 2490 super
1586 2444 1726 2489 ingressu
1742 2443 1854 2478 huius-

1105 2496 1202 2541 modi,
1224 2497 1293 2531 aliis
1315 2497 1353 2531 ab
1381 2498 1520 2543 exceptis
1543 2497 1720 2541 antedictis,
1740 2498 1854 2532 incon-

1105 2551 1187 2586 sulto
1223 2550 1316 2586 Rom.
1355 2551 1520 2595 Pontifice,
1557 2551 1730 2586 concedere
1764 2551 1854 2600 liceat

1105 2605 1342 2652 quoquomodo.

1140 2676 1179 2711 (l)
1195 2676 1261 2702 Vide
1276 2677 1366 2711 cap-2
1386 2677 1530 2711 superioris
1546 2676 1641 2703 bullae.

1862 283 1909 310 Λη.
1930 284 1957 309 t),
1974 283 2041 310 ΜΞΟ

1102 333 1304 380 particulares
1338 334 1410 369 dicti
1438 335 1568 370 Ordinis
1614 337 1794 371 monialium
1817 346 1846 371 et
1870 351 1931 386 ¹«zm
1962 358 2000 370 m.

1861 382 1897 401 liur

1898 389 1908 401 n
1925 388 2001 401 vntum·

1882 1579 2052 1606 Prohibitumqne

1869 1612 1894 1631 ad
1910 1617 1946 1630 eas
1970 1612 2053 1636 ingres-

1870 1648 1913 1662 sum
1938 1642 1964 1668 lt'
