2274 3265
230 280 276 305 ΛΠ,
295 279 321 305 C.
344 280 408 305 ¹285
474 270 517 300 78
1010 283 1195 305 Rt'UAsstUM
1224 283 1382 305 nmmum

1971 288 2019 314 Αη.
2036 287 2064 314 C.
2087 288 2150 316 1285

243 336 547 369 ΑΜυντοωίψειιιίῐιι31ῡ
575 335 726 374 silvestri,
749 345 832 369 extra
864 336 1025 371 defensam
1059 337 1103 372 vel
1128 338 1165 371 li-
1210 338 1384 383 nmgenitae
1409 339 1564 373 maritatae
1583 339 1612 373 in
1629 341 1828 375 successione
1853 342 1954 377 buius-

246 1089 377 1110 Moru-nuum

219 1126 328 1146 procerum
338 1120 403 1146 proli·

220 1151 319 1172 clientela
343 1152 402 1170 acci-

219 1184 294 1209 pienda
312 1189 322 1202 ι
343 1187 399 1208 rege.

235 1439 381 1459 §accessionis

218 1472 270 1490 ratio
298 1470 401 1490 net-unda

217 1508 237 1522 in
262 1502 322 1522 boni·
354 1504 356 1506 '

216 1534 293 1554 cianiu.

225 379 269 393 'm'
422 385 512 418 mites
539 384 684 419 defensae
708 387 844 429 invento,
865 387 931 420 sine
949 387 1051 434 aliqua
1078 388 1165 422 inve-

421 434 534 468 nientis
569 434 769 480 impulsiont
796 443 861 469 arte
885 436 928 469 vel
952 436 1074 477 fraude,
1109 437 1165 471 ali-

419 491 576 529 quatenus
599 484 764 530 puniatur⁷
791 485 881 519 etiam
905 486 928 520 si
957 485 1031 519 illud
1064 486 1165 533 capiat

419 532 465 566 vel
488 532 620 567 occidat.

467 582 564 625 555.
595 583 708 617 Nullus
742 595 861 622 comes,
887 583 982 626 baro,
1005 584 1051 618 vel
1086 584 1165 618 alius

420 632 448 665 in
469 644 565 678 regno
587 632 748 679 praedicto
766 633 804 667 de
822 640 944 667 caetero
959 634 1165 680 compellatur

419 680 454 714 ad
468 681 596 715 teri-idas
608 686 651 726 (1)
665 682 709 716 vel
721 683 778 716 alia
795 694 1014 729 quaecumque
1038 684 1164 717 vassella

418 731 553 777 propriis
590 731 769 777 sumptibus
808 732 967 766 facienda:
1003 744 1058 779 per
1090 732 1164 766 baec

417 788 519 814 autem
544 781 601 814 iuri
627 782 708 827 regio
732 781 760 814 in
786 781 1012 827 lignaminibus
1039 790 1069 815 et
1097 794 1163 816 ina—

418 830 540 863 rinariis
563 830 608 863 vel
624 830 685 864 alio
701 831 827 865 servitio
845 831 1058 874 vassellornm,
1082 843 1163 878 quae

415 892 431 913 a
454 879 642 926 quibusdam
667 880 921 914 universitatibus
939 889 967 913 et
989 880 1065 915 locis
1084 881 1163 923 attis,

416 930 480 963 sive
500 929 643 975 personis
663 929 873 975 singularibus
897 929 970 963 dieti
998 930 1084 975 regni
1106 930 1162 964 de-

416 978 481 1012 beri
495 979 654 1022 dicuntur,
666 979 813 1013 nolumus
828 979 857 1012 in
867 979 972 1025 aliquo
986 979 1138 1024 derogari.

464 1028 562 1073 354.
599 1027 632 1062 Si
655 1028 819 1073 contigerit
850 1027 997 1062 baronem
1027 1030 1162 1075 aliquem

417 1077 512 1121 mori,
536 1077 599 1110 lilio
630 1077 675 1110 vel
706 1077 765 1111 tilia
797 1077 1019 1124 superstitibus
1041 1079 1162 1119 aetatis

416 1137 496 1173 quae
523 1126 633 1160 debeat
660 1139 733 1161 cura
763 1126 833 1160 balii
860 1127 1046 1172 gubernari,
1084 1141 1163 1175 pro-

416 1175 551 1209 videndo
579 1176 799 1222 praecipimus,
823 1177 906 1223 quod
931 1188 982 1211 rex
1010 1178 1101 1211 alicui
1125 1178 1163 1212 de

415 1225 660 1279 consanguineis
686 1226 754 1259 eius
782 1226 895 1259 balium
931 1226 1080 1260 concedat
1116 1227 1163 1274 ip-

416 1274 492 1316 sius,
526 1282 555 1308 et
588 1274 691 1321 quoad
721 1276 779 1309 boe
811 1276 890 1308 inter
911 1277 1163 1322 consanguineos

416 1324 604 1370 proximior
625 1324 649 1357 si
674 1324 763 1358 suerit
790 1325 933 1363 idoneus
959 1327 1160 1373 p1·'·:.aeleiitur

464 1374 523 1420 §⁶
507 1375 562 1407 05.
591 1373 624 1408 Si
652 1374 789 1421 aliquem
814 1375 940 1409 feudum
977 1389 992 1410 a
1023 1389 1092 1422 reve
1115 1385 1163 1410 tc-

415 1431 541 1457 nentem
574 1424 603 1457 in
628 1424 739 1470 capite
765 1425 810 1458 vel
839 1425 929 1459 etiam
953 1425 1162 1460 subfeudata-

415 1472 495 1506 rium
521 1472 606 1507 nullo
629 1473 763 1508 haerede
791 1475 928 1520 legitimo
960 1488 1013 1522 per
1048 1477 1162 1511 lineam

414 1521 671 1567 descendentem,
694 1524 748 1558 sed
772 1524 863 1558 fian-e
891 1533 941 1558 aut
968 1538 1036 1560 eins
1059 1527 1163 1561 liberis

414 1572 636 1618 superstitibus
649 1574 725 1607 mori
750 1574 921 1620 contingat,
939 1575 963 1609 si
981 1576 1164 1610 decedentis

414 1621 542 1655 feudum
566 1622 604 1656 ab
640 1623 743 1669 aliquo
772 1636 809 1658 ex
838 1625 1020 1671 parentibus
1042 1626 1099 1660 sibi
1135 1635 1164 1660 et

415 1670 498 1704 fratri
534 1673 757 1707 communibus
784 1683 967 1720 pertenerat
990 1674 1025 1708 ad
1050 1676 1164 1709 delun-

413 1729 510 1759 ctum
539 1721 620 1755 idem
645 1722 759 1759 stater.
795 1732 845 1756 aut
883 1737 922 1758 ex
958 1724 1067 1759 liberis
1099 1726 1164 1760 5ιιί5

416 1783 513 1817 usque
549 1771 586 1805 ad
617 1772 803 1819 trinepotem
842 1773 908 1812 ille,
937 1776 989 1820 qui
1026 1783 1164 1821 tempore

416 1821 525 1855 mortis
552 1822 704 1868 supererit
749 1823 897 1857 defuncto
922 1825 1108 1870 proximior7
1134 1826 1162 1859 in

416 1870 510 1904 feudo
524 1871 682 1911 succedat,
707 1873 869 1908 habiturus
889 1874 962 1908 illud
980 1887 1051 1908 cum
1070 1888 1163 1909 onere

387 1917 389 1919 ’
416 1921 530 1954 servitii
554 1922 712 1961 consueti,
748 1923 785 1957 ad
819 1924 1053 1959 successionem
1083 1925 1163 1959 feudi

417 1970 564 2005 omnibus
587 1973 742 2018 personis,
768 1972 937 2008 feudatario
960 1982 1012 2008 aut
1035 1975 1165 2009 subsen—

418 2020 536 2055 datario
558 2021 709 2056 defuncto
737 2023 830 2057 simili
853 2023 949 2070 gradu
975 2025 1164 2063 coniunctis,

418 2070 530 2104 eodem
547 2072 656 2105 ordine
679 2072 892 2108 admittendis.
916 2073 948 2107 In
965 2075 1165 2109 successione

419 2132 491 2155 vero
521 2122 688 2168 praemissa
720 2122 799 2156 inter
827 2123 1015 2158 feudatarios
1038 2133 1066 2158 et
1090 2125 1166 2158 sub-

420 2170 607 2205 feudatarios
625 2172 765 2206 viventes
793 2174 821 2206 in
846 2185 953 2219 regno,
978 2174 1044 2208 iure
1066 2174 1163 2208 Fran

420 2233 540 2256 corum.
553 2233 646 2255 sexus
661 2231 687 2256 et
711 2223 975 2269 primogeniturae
1001 2236 1167 2271 praeroga-

421 2271 477 2303 tiva
506 2280 657 2311 servetur,
674 2281 703 2306 ut
726 2272 806 2306 inter
827 2272 918 2316 duos7
934 2273 1044 2307 eodem
1068 2274 1164 2319 gradu

421 2320 591 2355 feudatario
619 2321 766 2356 defuneto
780 2323 977 2368 coniunctos,
997 2324 1165 2357 foeminam

421 2371 591 2409 masculus,
616 2379 645 2405 et
673 2372 826 2406 iuniorem
851 2373 949 2407 maior
975 2381 1046 2407 natu
1076 2385 1167 2421 prae—

422 2421 521 2460 cedat
556 2422 622 2455 site
654 2422 716 2456 sint
750 2422 877 2456 masculi
917 2423 981 2457 sive
1014 2423 1167 2457 foeminae

423 2479 658 2510 concurrentes,
685 2472 741 2506 nisi
768 2472 870 2507 forsan
895 2472 1018 2507 duabus
1041 2485 1168 2507 concur-

424 2520 561 2554 rentibus
595 2529 675 2556 esset
705 2522 908 2577 primogenita
949 2523 1102 2562 maritata
1140 2530 1169 2557 et

426 2570 529 2605 iunior
557 2572 741 2606 remanserit
764 2573 794 2606 in
827 2573 961 2619 capill0;
990 2580 1063 2606 tnnc
1085 2573 1167 2628 enim

426 2620 543 2664 iunior
570 2633 650 2668 quae
684 2622 712 2656 in
742 2622 854 2669 capillo
884 2630 1084 2661 remanserat,
1106 2635 1171 2670 pri-

461 2682 500 2718 (l)
521 2683 602 2710 Navis
621 2684 756 2711 onerariae
777 2685 877 2720 species
894 2684 1049 2720 (Ducange).

1208 387 1291 421 modi
1329 388 1529 434 praeferatur.
1570 388 1634 422 Sed
1669 389 1710 429 si,
1739 390 1822 424 nulla
1847 403 1956 426 rema—

1209 444 1302 471 nente
1330 438 1359 471 in
1387 437 1510 484 capillo,
1537 438 1614 471 duae
1644 439 1687 472 vel
1713 439 1818 485 plures
1841 440 1955 475 fuerint

1209 486 1377 526 maritatae,
1402 488 1509 521 maiori
1534 496 1605 521 natu
1621 488 1669 522 ius
1690 488 1953 535 primogeniturae

1207 544 1366 579 servetur,
1409 545 1439 569 ut
1477 536 1551 569 alias
1587 537 1615 570 in
1646 537 1726 571 dicta
1754 539 1954 574 successione

1208 585 1381 630 praecedat.
1401 585 1433 619 Si
1455 597 1526 619 vcro
1546 586 1686 626 seudum,
1706 587 1743 621 de
1763 600 1825 634 quo
1845 588 1953 634 agitur,

1208 646 1268 667 non
1298 634 1335 667 ab
1357 634 1461 681 aliquo
1482 644 1644 681 parentum
1671 646 1875 683 processerat,
1898 639 1952 672 sed

1208 683 1368 730 inceperat
1389 696 1405 717 a
1428 684 1587 723 defuncto,
1611 694 1685 719 tunc
1707 686 1793 720 solus
1815 687 1952 721 desum-ti

1207 732 1298 766 frater
1326 734 1353 766 in
1382 745 1420 768 eo
1456 735 1619 774 succedat,
1656 736 1713 769 nisi
1743 735 1790 770 lex
1820 749 1954 770 conces-

1206 782 1303 816 sionis
1326 782 1355 816 in
1386 783 1563 827 praemissis
1590 785 1672 819 aliud
1697 785 1889 825 induxissem
1925 795 1953 820 et

1207 831 1282 865 baec
1311 832 1349 865 ita
1377 832 1415 865 de
1438 840 1561 866 caetero
1598 835 1807 881 praecipimus
1843 835 1953 870 obser-

1208 881 1280 919 vari,
1303 881 1441 927 qualibet
1464 884 1619 917 contraria
1646 885 1876 919 consuetudine
1906 886 1951 920 vel

1205 938 1430 964 constitutione
1455 939 1608 965 cessante.

1254 979 1273 1025 S
1297 981 1352 1013 56,
1382 980 1493 1014 Nullus
1511 981 1764 1017 subl'emlitarius
1787 983 1825 1017 (le
1848 984 1951 1026 feudo

1205 1029 1288 1075 quod
1324 1029 1362 1062 ab
1389 1029 1493 1084 aliquo
1533 1030 1702 1064 studatario
1741 1034 1821 1078 regis
1848 1041 1952 1073 tenen

1205 1078 1412 1125 compellatur
1435 1079 1491 1125 ipsi
1518 1091 1568 1125 reb
1562 1081 1580 1112 i
1605 1081 1731 1120 servire,
1764 1082 1818 1115 sed
1846 1083 1870 1116 si
1894 1084 1953 1117 ali—

1205 1128 1287 1174 quod
1315 1128 1398 1161 aliud
1428 1128 1553 1162 seudum
1577 1129 1645 1163 ab
1640 1143 1706 1175 ipso
1730 1143 1800 1176 rige
1823 1140 1905 1165 tenet
1923 1133 1953 1166 in

1205 1178 1317 1232 eapite,
1347 1190 1401 1224 pro
1425 1190 1461 1211 eo
1484 1178 1540 1211 sibi
1564 1179 1689 1221 serviat,
1718 1188 1748 1213 nt
1772 1188 1904 1215 tenetur.
1921 1181 1953 1214 Si

1205 1227 1364 1273 contingat
1406 1227 1675 1263 subseudatarium
1715 1230 1830 1263 crimen
1868 1242 1955 1264 com-

1206 1276 1345 1319 mittere
1376 1285 1501 1331 propter
1522 1278 1605 1323 quod
1627 1278 1811 1333 publicanda
1842 1279 1955 1313 fuerint

1206 1325 1284 1359 bona
1308 1326 1386 1369 eius
1409 1335 1462 1360 aut
1491 1340 1593 1373 ipsum
1618 1328 1684 1361 sine
1707 1327 1855 1374 le‘ritimis
1882 1329 1956 1362 lia(—

1207 1374 1333 1409 redibus
1360 1376 1411 1409 fati
1443 1389 1559 1410 munus
1587 1377 1736 1424 implete
1764 1379 1789 1411 si
1826 1378 1954 1412 seudum

1205 1425 1275 1459 eius
1298 1425 1388 1459 suerit
1416 1434 1650 1472 quaternatum,
1674 1427 1878 1461 nibilominus
1904 1429 1954 1462 ini-

1207 1475 1359 1509 mediatus
1386 1477 1534 1509 dominus
1558 1476 1633 1510 illud
1658 1488 1727 1510 cuin
1761 1489 1856 1511 onere
1886 1490 1953 1512 ser-

1207 1525 1268 1558 vitii
1300 1527 1439 1560 consueti
1479 1538 1629 1572 personae
1656 1527 1809 1560 concedat
1837 1528 1955 1562 idoneae

1207 1576 1267 1620 regi
1304 1575 1502 1621 postmodun]
1535 1576 1798 1621 praesentandae,
1835 1585 1865 1610 nt
1889 1578 1956 1611 eius

1206 1637 1301 1671 super
1336 1625 1394 1658 boc
1437 1625 1587 1658 liabcatur
1624 1637 1786 1659 assensus:
1823 1627 1847 1660 si
1886 1639 1956 1660 vero

1205 1681 1422 1721 quaternatum
1449 1687 1508 1708 non
1533 1674 1646 1714 suerit,
1678 1675 1722 1708 sic
1745 1676 1782 1709 ad
1811 1676 1955 1710 eumdem

1208 1724 1423 1757 immediatum
1451 1725 1614 1758 dominum
1639 1733 1828 1763 revertatur,
1855 1735 1886 1760 ut
1910 1726 1957 1772 ip-

1206 1786 1275 1807 sunt
1289 1773 1465 1807 huiusmodi
1482 1786 1632 1820 personae
1650 1787 1704 1821 pro
1721 1787 1774 1808 sua
1799 1775 1957 1809 volunta'e

1206 1823 1368 1867 concedat,
1392 1836 1448 1857 nec
1470 1836 1538 1858 eain
1563 1824 1625 1869 regi
1651 1833 1867 1872 praesentare,
1903 1837 1955 1863 ant

1207 1873 1275 1907 eius
1296 1886 1394 1918 super
1421 1874 1478 1907 boe
1503 1874 1662 1920 requirere
1685 1882 1826 1908 teneatur
1848 1887 1957 1909 assen-

1207 1936 1289 1957 sum.
1316 1923 1372 1958 His
1396 1924 1499 1970 itaque
1522 1923 1675 1969 deinceps
1690 1936 1725 1958 ex
1747 1932 1852 1958 nostro
1869 1937 1957 1970 prae—

1208 1981 1299 2019 cepto
1321 1973 1494 2013 servandis,
1509 1974 1732 2008 constitutione
1757 1974 1801 2007 vel
1828 1986 1958 2008 consue<

1208 2023 1317 2057 tudine
1343 2024 1497 2057 contraria
1528 2036 1587 2057 non
1617 2023 1769 2057 obstante.

1257 2073 1276 2119 ξ
1299 2075 1354 2106 57
1379 2072 1509 2107 Vassalli
1535 2073 1683 2107 baronum
1706 2086 1760 2120 per
1775 2074 1892 2106 curiam
1911 2073 1956 2106 vil

1208 2123 1356 2157 ollis-iales
1392 2123 1490 2168 ipsius
1519 2122 1555 2156 ad
1591 2123 1694 2169 aliqua
1719 2123 1833 2168 piixata
1858 2122 1957 2157 officia

1210 2185 1270 2207 non
1287 2181 1451 2218 cogantur
1475 2180 1505 2207 et
1527 2173 1551 2205 si
1575 2184 1608 2206 ea
1633 2172 1797 2207 voluntarii
1827 2172 1959 2206 subeant

1210 2200 1344 2256 rationeD
1362 2222 1472 2266 debiti,
1504 2234 1540 2255 ex
1575 2221 1754 2256 huiusmodi
1784 2221 1875 2256 officii
1904 2234 1959 2256 rc—

1209 2272 1352 2319 ceptione
1386 2272 1431 2306 vel
1461 2272 1606 2319 gessione
1633 2272 1795 2315 contracti,
1827 2271 1872 2305 vel
1905 2271 1959 2305 de-

1210 2322 1271 2356 licti
1302 2321 1402 2356 forsan
1428 2322 1456 2355 in
1480 2334 1513 2357 ea
1530 2322 1703 2361 commissi,
1728 2321 1898 2356 baronibus
1911 2334 1961 2355 eo-

1211 2385 1278 2406 rum
1307 2371 1445 2405 dominis
1478 2373 1506 2405 in
1535 2372 1624 2406 bonis
1647 2372 1850 2406 vassallorum
1875 2372 1960 2418 ipso-

1211 2434 1291 2460 rum,
1326 2420 1373 2455 vel
1396 2422 1465 2455 aliis
1488 2421 1715 2468 praeiudicium
1750 2421 1870 2455 nullum
1896 2422 1958 2453 liat.

1259 2471 1279 2517 (Ε,
1301 2473 1357 2505 58.
1382 2470 1414 2505 In
1438 2471 1527 2505 terris
1550 2471 1777 2513 Ecclesfflrum,
1805 2471 1957 2504 comitum

1212 2530 1241 2555 et
1270 2516 1431 2555 baronum
1472 2521 1557 2568 regni
1606 2520 1753 2568 praedicti
1795 2520 1960 2566 magistros

1213 2572 1328 2605 iuratos
1357 2572 1426 2618 poni
1455 2571 1493 2605 de
1520 2579 1641 2606 caetero
1665 2569 1892 2618 probibemus,
1930 2579 1960 2604 et

1215 2621 1331 2668 positos
1353 2621 1464 2655 exinde
1488 2620 1696 2668 praecipimus
1723 2619 1869 2655 amoveri.

1262 2671 1282 2717 S
1301 2673 1355 2705 59.
1387 2671 1432 2705 ad
1457 2683 1552 2705 novas
1574 2670 1823 2705 communantias
1838 2669 1958 2705 vassalli

1984 1000 2012 1021 De
2021 1000 2088 1021 leudis
2100 1007 2152 1028 qua-

1968 1033 2064 1052 ternans.

1987 2084 2015 2104 De
2031 2083 2133 2103 vassallis:

1995 2479 2018 2501 Et
2033 2480 2138 2505 magi-tri·

2027 2512 2107 2532 iuratis.
