2274 3265
205 265 254 292 An.
273 266 300 292 C.
320 265 386 292 ¹569

213 1294 282 1316 Robur
297 1295 383 1314 decreto

200 1327 247 1347 huie
264 1327 361 1346 additum,

240 2317 355 2339 clausulae.

451 255 520 288 528

402 334 436 356 :ic
490 320 709 368 quadringeut.
763 319 960 366 quadragiut.
1011 321 1145 353 lloreuo—

402 387 470 409 rum
494 374 560 409 auri
590 385 646 420 pro
677 372 813 420 capitulo
839 373 1020 419 supradicto
1050 373 1145 407 modo

401 430 446 463 vel
470 429 544 462 alias
571 427 687 462 suerint
721 427 846 474 reperti,
880 427 955 461 nibil
987 428 1082 474 possit
1107 427 1145 461 ab

400 483 518 518 eisdem
550 483 700 529 episcopo
732 490 761 515 et
788 481 926 528 capitulo
962 482 1000 515 de
1036 481 1143 515 maiori

401 537 531 571 valentia
560 537 642 584 peti,
682 549 736 571 seu
772 537 851 583 exigi
887 535 983 570 valeat
1018 548 1145 582 quoquo

400 591 505 631 modo,
528 603 583 625 seu
608 590 736 630 deduci,
758 590 812 624 sed
837 598 934 624 totum
960 590 988 624 iu
1005 590 1143 636 ipsorum

398 644 526 692 capituli
539 653 568 679 et
581 645 721 692 episcopi
733 644 935 679 commodum
949 644 1108 682 centanam
1120 643 1142 675 si

398 698 476 733 sorte
499 699 604 733 miuus
627 700 823 746 reperiamur
847 700 1016 746 praeniissa
1031 699 1144 739 valere,

400 753 473 788 nibil
514 762 620 800 petere
654 753 699 788 vel
732 754 858 799 exigere
899 753 1017 786 valeant
1060 752 1142 786 idem

398 808 565 855 episcopus
598 816 627 841 et
654 807 826 854 capitulum
867 807 943 842 ultra
978 807 1041 840 illa:
1083 819 1143 841 nou

398 861 596 896 obstantibus
617 861 870 908 quibuscumque
898 860 1009 895 litteris
1032 860 1146 894 nostris

398 928 491 962 snper
519 916 578 950 boc
599 926 874 962 quorumcumque
897 923 1041 949 tenorum
1071 915 1144 947 exi-

398 977 499 1009 stan13
534 982 633 1016 quas.
666 977 821 1016 quatenus
858 968 929 1002 liuie,
952 968 1143 1002 ordinationi

399 1031 521 1057 nostrae
553 1024 672 1070 possint
705 1035 774 1057 esse.
801 1023 999 1065 contrariae,
1027 1022 1146 1056 viribus

399 1089 566 1111 vacuamus
613 1077 762 1119 omnino,
809 1084 837 1109 et
881 1075 996 1109 nullius
1027 1076 1145 1109 ‹lecer—

399 1131 504 1165 nimus
527 1130 590 1165 fore
615 1131 770 1165 firmitatis
798 1129 901 1176 quoad
927 1130 975 1163 illa
999 1138 1144 1164 contenta

398 1185 427 1219 in
451 1186 497 1219 eis
521 1186 550 1219 iu
573 1198 630 1219 suo
653 1185 765 1219 robore
788 1184 960 1219 duraturis,

446 1239 466 1286 S
487 1241 519 1273 8.
542 1239 606 1273 Has
630 1239 725 1285 igitur
749 1238 977 1281 limitationem,
1001 1238 1146 1277 uniones,

398 1294 601 1331 annexiones,
618 1293 896 1340 incorporatione&
913 1293 1146 1337 concessiones,

398 1347 596 1389 donationes,
624 1346 846 1394 deputatioues
866 1355 895 1380 et
916 1347 1146 1392 assignationes

399 1406 522 1432 nostras
556 1397 601 1431 sic
628 1396 723 1431 factas
750 1406 780 1430 et
808 1397 925 1431 utiliter
961 1396 1145 1436 ordinatas,

400 1451 560 1499 perpetuis
588 1451 734 1485 valituras
762 1450 970 1497 temporibus,
998 1460 1027 1485 et
1051 1451 1147 1484 robur

398 1504 665 1540 incommutabilis
694 1505 847 1539 firmitatis
871 1505 1012 1539 obtinere
1036 1505 1146 1538 volen-

399 1568 455 1600 tes,
477 1560 661 1594 auctoritate
682 1559 839 1606 praedicta
863 1559 1036 1593 districtius
1064 1558 1146 1592 iulii-

398 1614 509 1648 bemus
536 1626 574 1648 ue
596 1613 711 1661 aliquis
738 1614 967 1661 cuiuscumque
1001 1614 1147 1660 przeemi·

400 1669 535 1713 nentiae,
562 1668 681 1703 ordinis
708 1676 761 1702 aut
783 1677 892 1708 statuS,
920 1667 1147 1715 qualicumque

400 1723 587 1770 praefulgeat
604 1723 765 1769 dignitate,
782 1722 961 1757 huiusmodi
985 1721 1147 1757 limitatio-

401 1790 471 1812 nem
499 1786 528 1812 et
554 1778 612 1812 alia
640 1778 808 1824 praemissa
834 1790 889 1824 per
917 1790 985 1821 uos,
1007 1786 1038 1812 ut
1063 1790 1149 1824 prae-

401 1831 541 1872 mittitur,
571 1831 661 1873 facta,
689 1845 742 1866 seu
766 1832 869 1878 aliqua
894 1832 939 1866 vel
963 1832 1083 1879 aliquid
1109 1832 1148 1866 de

399 1885 556 1920 contentis
579 1887 607 1920 iu
636 1886 692 1926 eis,
715 1886 827 1933 quovis
853 1886 997 1933 quaesito
1030 1886 1148 1926 colore,

401 1939 494 1974 modo
517 1940 562 1974 vel
584 1952 676 1975 causa
704 1954 758 1975 seu
774 1942 940 1976 occasione
958 1941 1149 1987 generaliter

400 1993 589 2037 adinventis,
608 1994 743 2038 turbare,
759 2007 813 2029 seu
838 1995 1078 2041 quomodolibet
1096 1996 1147 2029 im-

403 2048 507 2094 pedire
531 2057 718 2095 praesumat.
746 2049 811 2083 Nos
832 2049 916 2083 enim
946 2049 1065 2084 irritum
1091 2050 1149 2084 de—

401 2101 559 2137 cernimus
580 2111 610 2136 et
632 2103 735 2143 inane,
763 2104 787 2137 si
816 2116 908 2137 secus
939 2103 1106 2150 superbis
1133 2117 1148 2139 a

401 2168 572 2203 quoquam,
599 2158 708 2204 quavis
729 2158 923 2198 auctoritate,
946 2158 1081 2192 scienter
1105 2159 1148 2192 rel

403 2210 591 2255 ignoranter,
613 2211 777 2257 contigerit
803 2212 957 2246 attentari.

451 2263 471 2310 g
491 2265 525 2297 9,
540 2263 623 2298 Nulli
639 2277 713 2311 ergo
728 2266 857 2300 omnino
872 2266 1034 2301 bominum
1059 2266 1150 2300 liceat

403 2316 484 2351 banc
497 2318 641 2365 paginam
654 2327 777 2355 nostrae
793 2320 997 2361 limitationis,
1013 2321 1150 2363 unionis,

404 2373 601 2412 annexionis,
621 2375 900 2421 incorporationis,
925 2375 1150 2418 concessionis,

405 2426 628 2473 ‹leputationis,
659 2430 891 2475 assignationis,
924 2430 1093 2464 voluntatis
1122 2439 1151 2464 rt

406 2481 636 2516 constitutionis
659 2483 838 2518 huiusmodi
861 2484 1030 2529 infringere
1049 2492 1101 2517 etc.

455 2534 567 2570 Datum
591 2536 720 2571 Viterbii
739 2565 746 2577 ,
769 2538 909 2572 secundo
933 2537 1079 2572 kalendas
1101 2550 1151 2571 se-

410 2589 569 2636 ptembris,
596 2591 797 2637 pontificatus
819 2592 915 2627 nostri
938 2604 1021 2627 anuo
1043 2604 1101 2625 vu.

447 2651 507 2681 Dat.
523 2652 569 2681 die
585 2653 617 2681 31
637 2654 754 2693 angusti
772 2654 857 2688 4309,
878 2659 955 2693 pout.
974 2663 1049 2684 anno
1065 2662 1112 2684 vu.

977 264 1161 286 minantum
1186 262 1345 285 ROMANUM

1529 317 1595 351 vlt.

1190 400 1345 431 Decretum
1372 398 1455 442 quod
1484 397 1664 435 oblationes,
1694 409 1771 441 quae
1799 399 1937 431 obvenie-

1236 449 1307 480 liuue
1339 448 1477 491 episcopo
1502 447 1664 479 Parmensi
1692 448 1723 479 i'n
1750 448 1878 480 basilica
1901 448 1936 481 S.

1237 497 1331 534 Petri,
1354 503 1570 529 convertuntur
1590 497 1628 529 ab
1650 497 1804 530 altarario
1831 498 1863 529 in
1886 498 1939 530 be-

1235 546 1373 590 neficium
1395 546 1533 589 fabricae
1554 547 1610 589 (l).

1452 619 1665 649 SUMMMHUM

1187 681 1352 710 Exordium.
1377 698 1414 703 —-
1434 682 1459 717 1,
1482 682 1509 712 2.
1528 681 1681 712 Decretum
1707 683 1753 721 (de
1775 684 1870 722 quoin
1892 692 1941 712 ru-

1226 726 1325 764 brien).
1344 743 1382 748 —
1400 726 1426 755 3.
1445 726 1613 755 Clausulae.

1245 793 1367 822 urbanus
1386 794 1526 829 episcopus
1546 801 1642 822 servus
1660 801 1801 823 servorum
1819 793 1877 828 Dei,

1322 844 1355 871 ad
1384 845 1547 879 perpetuam
1567 845 1608 872 rei
1637 845 1806 873 memoriam.

1237 905 1269 939 lu
1293 907 1452 940 eliaritatis
1487 907 1660 941 visceribus
1682 916 1828 953 gerentes
1856 907 1940 941 basi-

1188 955 1276 988 licam
1295 956 1451 1003 l'riucipis
1466 957 1680 1003 apostolorum
1696 958 1734 990 de
1750 957 1846 996 Urbe,
1859 958 1939 991 sicut

1189 1005 1281 1038 liliam
1307 1006 1539 1051 praedilectum,
1566 1006 1603 1040 ad
1632 1019 1699 1040 eam
1725 1007 1862 1053 paternis
1877 1017 1942 1041 stu-

1187 1054 1247 1088 diis
1270 1055 1404 1089 libenter
1427 1056 1631 1094 intendimus,
1652 1069 1687 1089 ex
1706 1056 1824 1102 quibus
1842 1057 1941 1102 ipsius

1189 1104 1338 1138 basilii-ae
1356 1114 1384 1138 et
1408 1105 1477 1138 eius
1495 1105 1587 1139 statui
1607 1105 1735 1138 lionoris
1750 1114 1779 1139 et
1801 1106 1941 1139 utilitatis

1190 1154 1350 1200 proveniat
1387 1155 1639 1193 incrementum,
1671 1162 1701 1188 et
1729 1168 1824 1200 super
1858 1155 1941 1198 hoc,

1189 1212 1279 1250 prout
1307 1204 1455 1250 expedire
1482 1204 1709 1251 conspicimus,
1738 1204 1941 1251 providemus

1188 1253 1311 1287 auxiliis
1338 1255 1536 1300 opportunis.

1236 1303 1256 1349 g
1280 1305 1309 1336 1.
1333 1303 1462 1337 Dudum
1480 1302 1637 1350 siquidem
1663 1315 1717 1350 per
1736 1315 1793 1338 uos
1812 1311 1942 1349 accepto

1188 1352 1272 1398 quod
1300 1353 1469 1399 episcopus
1501 1353 1688 1388 Portuensis
1717 1366 1772 1399 pro
1800 1361 1941 1400 tempore

1188 1402 1337 1440 existens,
1356 1403 1384 1436 iu
1403 1403 1480 1437 sesto
1491 1402 1667 1437 Nativitatis
1679 1400 1939 1437 Domiuineenou

1190 1450 1218 1484 in
1235 1451 1286 1485 die
1307 1451 1418 1485 Ramis
1441 1452 1620 1487 Paluiarum
1637 1461 1665 1486 et
1686 1451 1794 1498 quinta
1811 1462 1837 1486 et
1855 1461 1940 1487 sexta

1189 1500 1261 1535 feria
1290 1509 1321 1534 et
1347 1501 1477 1535 sabbato
1505 1502 1632 1536 maioris
1660 1501 1879 1536 hebdomadae
1906 1515 1941 1536 ac

1192 1552 1221 1584 in
1239 1550 1316 1585 festo
1336 1550 1593 1586 Resurrectionis
1608 1551 1748 1591 Domini,
1764 1551 1942 1586 oblationes

1190 1600 1218 1634 in
1243 1599 1352 1635 eadem
1388 1601 1514 1635 basilica
1551 1601 1691 1647 recipere
1723 1610 1942 1645 consueverat,

1190 1663 1261 1694 nos,
1281 1663 1317 1684 ex
1341 1652 1434 1685 certis
1455 1651 1557 1685 causis
1580 1650 1617 1685 ad
1643 1651 1702 1684 boc
1727 1651 1868 1685 animum
1886 1663 1943 1685 no-

1189 1710 1286 1735 strum
1325 1700 1548 1742 moventibus,
1583 1700 1697 1734 dilecto
1737 1700 1802 1735 filio
1833 1701 1940 1735 loanni

1189 1749 1365 1784 Cambareti
1382 1749 1511 1785 Ordinis
1527 1749 1669 1785 Fratrum
1690 1749 1850 1785 Minorum
1869 1763 1943 1797 pro-

1191 1800 1311 1843 fessori,
1338 1800 1481 1834 altarario
1507 1800 1608 1834 dictae
1637 1799 1782 1834 basilicae
1805 1800 1942 1834 manda-

1191 1851 1292 1883 vimus
1329 1858 1360 1883 ut
1389 1850 1563 1884 oblationes
1591 1850 1674 1896 ipsas
1700 1849 1792 1883 alicui
1820 1849 1942 1884 officiati

1192 1899 1379 1934 venerabilis
1407 1900 1509 1934 fratris
1543 1899 1639 1933 nostri
1681 1898 1839 1933 Guidonis
1875 1899 1945 1946 epi-

1190 1950 1277 1996 scopi
1304 1949 1489 1983 Portuensis
1511 1950 1648 1994 recipere
1664 1961 1726 1982 non
1743 1949 1872 1989 sineret,
1889 1947 1942 1982 sed

1190 2011 1243 2033 eas
1266 2000 1430 2046 reciperet,
1459 2007 1500 2042 et,
1523 1998 1669 2033 deductis
1696 1998 1859 2041 oneribus,
1890 2010 1945 2045 pro

1192 2048 1306 2083 fabrica
1344 2048 1445 2083 dietae
1480 2048 1626 2083 basilicae.
1664 2057 1847 2082 convertere
1889 2048 1946 2082 de—

1193 2098 1278 2133 beret
1304 2102 1360 2142 (2).

1240 2148 1390 2182 Voleutes
1419 2148 1514 2194 igitur
1535 2147 1638 2182 eidem
1668 2147 1816 2181 basilicae
1845 2146 1947 2181 subsi-

1192 2198 1278 2232 dium
1298 2198 1422 2245 aliquod
1441 2198 1606 2245 impertiri,
1625 2197 1809 2232 auctoritate
1823 2206 1947 2244 aposto-

1194 2249 1251 2282 lica
1280 2256 1389 2282 tenore
1426 2248 1636 2294 praesentium
1665 2246 1846 2290 statuimus,
1870 2259 1946 2281 con-

1192 2298 1352 2332 stituimus
1380 2306 1409 2331 et
1432 2298 1524 2332 etiam
1542 2297 1740 2336 ordinamus,
1762 2296 1846 2343 quod
1864 2296 1945 2331 idem

1227 2373 1317 2427 (Opq—x
1330 2373 1491 2407 Waddingo,
1503 2373 1566 2400 edit.
1581 2373 1689 2405 Romae,
1706 2373 1781 2404 1755,
1799 2375 1862 2398 tom.
1885 2379 1944 2404 vni,

1194 2416 1446 2478 paftisfjlilationes,
1462 2453 1532 2480 quae
1547 2452 1559 2471 a
1587 2444 1707 2470 fidelibus
1732 2443 1825 2470 diebus
1855 2443 1901 2470 bae
1921 2443 1946 2469 in

1192 2481 1379 2506 constitutione
1395 2483 1541 2507 euuiieiatis
1560 2489 1641 2515 super
1662 2481 1744 2507 attare
1760 2481 1787 2507 S.
1806 2480 1874 2506 Petri
1895 2487 1946 2514 po-

1194 2515 1333 2547 nebantur,
1356 2520 1385 2542 nt
1409 2517 1548 2551 reciperet,
1567 2516 1704 2542 portuensi
1730 2517 1854 2551 episcopo
1879 2523 1945 2541 con-

1193 2551 1270 2576 cessit
1288 2552 1396 2577 loannes
1413 2553 1490 2584 XIX,
1507 2560 1576 2578 anuo
1594 2553 1671 2583 1026,
1685 2556 1710 2577 ut
1724 2553 1747 2577 iu
1759 2552 1947 2578 constitutione

1193 2595 1205 2611 n
1224 2587 1298 2613 nobis
1319 2588 1409 2617 relata,
1428 2591 1491 2614 tom.
1510 2596 1611 2622 r.,pag.
1630 2588 1691 2619 535,
1719 2587 1762 2613 ubi
1782 2595 1889 2622 quoque
1913 2595 1946 2613 ex

1193 2623 1283 2649 (linc-io
1299 2624 1444 2649 camerario
1472 2623 1647 2658 fragmentum
1670 2623 1818 2654 retulimus,
1840 2623 1864 2648 iu
1893 2630 1946 2658 quo

1194 2656 1345 2684 huiusmodi
1365 2658 1510 2685 oblationes
1526 2658 1675 2691 singillatim
1693 2662 1873 2685 recensentur.

1955 262 2002 287 Au.
2023 262 2051 287 C.
2071 262 2135 287 1370

1987 914 2104 935 Exordium.

1970 1312 2081 1332 Decretum
2105 1313 2140 1339 (de

1957 1349 1996 1370 quo
2008 1345 2026 1363 111
2039 1344 2140 1370 rubrica).
