2274 3265
139 252 187 277 Αιι.
207 251 235 277 C.
253 250 317 277 11107

147 1644 228 1666 Mortuo
240 1646 322 1670 endem,

139 1677 253 1702 prioratum
264 1681 324 1701 regu-

138 1706 203 1726 larem
229 1707 323 1731 extingui

137 1737 189 1758 vult,
200 1740 219 1756 et
236 1738 256 1756 in
273 1741 323 1755 sae-

138 1769 230 1788 cularem
246 1770 308 1788 verti

153 2302 181 2323 De
203 2304 249 2330 ipso
274 2309 322 2323 sae-

140 2335 205 2355 culari
217 2341 286 2361 priore
299 2340 324 2354 e-

148 2366 231 2391 igenato.

945 250 1131 273 GREGontUs
1157 251 1206 272 ΧΠ
1234 250 1281 272 FP.

334 303 438 338 locum
477 303 543 338 sive
576 303 746 338 Ecclesiam
787 313 982 351 opportunas
1015 305 1080 338 lieri

336 353 480 388 volumus
509 353 689 400 sumptibus
721 353 875 388 dictorum
906 354 1081 389 canonico-

335 415 417 442 rum,
451 403 504 450 qui
529 403 778 450 praesentialiter
799 413 870 438 sunt
889 431 898 448 ,
933 404 996 437 sive
1026 416 1082 450 pro

335 461 474 499 tempure
500 461 604 495 erunt,
634 452 718 487 nulla
741 453 931 488 detractione
954 466 1010 488 seu
1027 453 1083 487 tle-

335 503 499 537 l'alcatinne
525 501 667 536 facienda
702 504 741 537 de
775 503 856 538 dicta
887 503 973 538 tertia
998 510 1083 550 parte

334 552 409 586 dicti
433 551 471 586 D.
496 551 620 607 prioris,
647 552 697 586 cni
730 553 796 599 ipsa
825 553 913 587 tertia
937 564 1007 599 pars
1035 564 1083 586 m-

335 612 421 647 tegre
451 602 629 647 assignetur
658 614 714 648 pro
745 614 875 642 mensa,
905 602 1000 641 victu
1024 614 1083 634 ve-

334 653 409 685 stitu
437 659 467 685 et
489 651 557 685 aliis
579 652 765 685 necessariis
787 660 817 686 et
846 653 1032 700 opportunis
1055 661 1084 685 et

335 714 391 748 pro
413 700 501 735 libito
523 701 745 747 dispensanda.
764 702 799 735 Et
817 714 855 736 ne
870 701 974 741 alicui,
1000 701 1083 748 quod

333 751 426 790 absit,
452 749 535 784 dicta
558 750 670 784 divisio
698 751 736 785 sit
760 760 916 798 suspecta.
939 751 1084 785 volumus

334 800 418 846 quod
460 811 514 846 per
551 800 769 847 supradictum
808 801 846 835 D.
890 801 1083 835 Ludat-irum

336 850 470 895 priorem
499 857 528 882 et
549 850 697 883 ricarium
724 851 918 885 saecularem
949 863 1004 885 seu
1030 863 1086 884 re-

334 907 450 933 ctorem
474 910 545 932 cum
575 899 713 945 capitulo
741 901 972 934 constituantur
1003 913 1087 934 unus

336 948 381 981 iel
404 948 467 981 duo
489 948 609 994 syndici
632 948 672 983 de
695 950 832 995 praefato
851 950 1012 996 capitulo,
1034 950 1086 997 qui

1754 242 1823 275 649

1127 313 1221 348 ment,
1244 305 1336 339 cuius
1373 305 1485 351 prioris
1523 306 1694 341 saecularis
1727 306 1870 341 electioni

1125 355 1187 387 vim
1212 353 1380 389 tribuimus
1402 363 1428 389 et
1459 356 1693 390 confirmamus.

1173 404 1193 450 S
1218 407 1272 438 ιιι.
1307 404 1487 439 Statuentes
1517 414 1548 439 ut
1582 406 1714 453 quilibet
1740 407 1874 441 vicarius

1125 462 1152 486 et
1179 453 1262 499 prior
1280 454 1450 489 saecularis
1472 455 1536 489 sive
1556 464 1657 489 rector
1679 457 1800 490 electus
1820 468 1875 503 per

1127 504 1274 538 maiorem
1300 512 1417 550 partem
1446 504 1519 538 dicti
1548 505 1700 551 capituli,
1727 507 1794 540 sine
1816 506 1874 540 alia

1125 553 1323 587 solemnitate
1364 553 1462 587 dictos
1497 555 1666 589 canonicos
1700 555 1876 589 saeculares

1125 602 1301 636 secundum
1327 602 1428 636 Deum
1452 604 1555 637 statim
1581 616 1686 650 regere
1709 613 1739 639 et
1761 604 1876 650 guber-

1127 664 1200 685 nare
1225 652 1365 698 incipiat,
1388 661 1418 685 et
1453 665 1508 699 per
1539 666 1655 687 annum
1690 655 1874 688 continuum

1127 714 1233 735 curam
1257 710 1344 747 gerat
1368 702 1396 735 in
1421 703 1639 747 spiritualibus
1661 712 1689 736 et
1713 712 1876 750 tempora—

1129 752 1220 790 Ιιιιιι5,
1243 761 1273 785 et
1297 760 1356 784 tam
1381 751 1419 784 de
1438 751 1532 786 rebus
1555 764 1647 798 quam
1672 752 1710 785 de
1734 754 1878 798 personis

1127 813 1199 835 cum
1228 801 1314 835 omui
1342 808 1492 847 potestate
1521 809 1551 834 et
1578 802 1763 836 auctoritate
1790 802 1877 836 ordi-

1129 851 1224 889 naria,
1253 863 1346 897 quam
1377 850 1491 885 liabent
1522 851 1642 897 priores
1671 852 1811 897 perpetui
1847 851 1876 885 in

1130 901 1206 934 locis
1234 900 1432 946 regularibus
1459 901 1524 934 sire
1545 900 1772 934 saecularibus.

1179 950 1198 995 S
1224 949 1469 996 15.C0111pte10
1494 962 1565 983 ι’·θιο
1588 962 1682 990 anno
1708 950 1778 984 talis
1794 950 1878 984 tica-

334 997 460 1043 exigant
481 1005 513 1030 et
535 998 684 1044 recipiant
711 1010 822 1032 omnes
849 999 991 1038 fructus
1015 999 1088 1034 red·
1130 999 1194 1033 rius
1221 1008 1249 1033 et
1275 1000 1360 1046 prior
1382 999 1562 1042 saecularis,
1584 1000 1652 1033 sive
1680 1008 1791 1039 rector,
1811 999 1879 1047 ipso

335 1046 418 1081 ditus
444 1054 475 1080 et
503 1057 672 1092 proventus
694 1047 768 1082 dicti
807 1048 889 1085 loci.
921 1057 951 1082 et
986 1057 1111 1117 partes
1108 1038 1137 1063 ⁸
1131 1061 1198 1083 iure
1220 1049 1259 1083 sit
1287 1049 1410 1083 solutus
1422 1049 1536 1092 officio,
1563 1057 1593 1082 et
1615 1049 1695 1083 alius
1719 1061 1776 1104 per
1792 1062 1879 1096 capi-

336 1096 660 1138 saciaritetdividant,
676 1098 814 1144 dentque
829 1098 948 1132 tertiam
968 1107 1111 1162 partem
1108 1089 1230 1132 tulum
1255 1099 1389 1145 eligatur
1405 1098 1498 1133 modo
1510 1098 1704 1145 supradicto
1720 1100 1777 1132 nisi
1794 1111 1879 1146 prae-

337 1145 374 1178 D.
399 1145 560 1181 Ludotico
583 1148 678 1194 priori
705 1155 734 1181 et
771 1148 970 1182 medietatem
1000 1160 1089 1194 rega·
1108 1139 1242 1182 teritus
1263 1148 1368 1182 denuo
1390 1148 1605 1183 confirmetur.

339 1195 427 1238 litun,
449 1204 479 1230 et
499 1197 577 1230 alias
598 1196 676 1231 duas
703 1197 872 1243 designent
895 1197 1008 1231 iicario
1034 1210 1087 1231 seu
1109 1186 1111 1230 ι
1179 1197 1199 1243 S
1224 1197 1534 1232 ¹6.1nsti1utionem
1558 1206 1660 1232 autem
1691 1206 1720 1232 et
1742 1197 1879 1231 destitu-

338 1246 448 1279 rectori
485 1254 515 1279 et
555 1246 694 1293 capitulo
731 1246 960 1292 dispensandas
998 1256 1088 1292 prout
1109 1252 1111 1283 3
1131 1247 1247 1280 tionem
1271 1248 1493 1281 canonicorum
1516 1247 1698 1281 huiusmodi
1715 1247 1752 1281 ad
1777 1247 1878 1293 ipsum

339 1295 438 1341 ipsius
459 1296 582 1341 collegii
607 1296 744 1342 requiret
771 1296 948 1330 necessitas.
972 1295 1089 1329 voten-
1110 1294 1111 1300 ¹
1132 1296 1279 1330 vicarium
1303 1305 1332 1329 et
1357 1297 1493 1343 priorem
1517 1298 1707 1331 saecularem
1743 1297 1808 1330 sive
1832 1309 1881 1330 re-

339 1353 384 1377 tes
407 1345 490 1391 quod
519 1345 670 1391 quicquid
694 1345 775 1379 circa
806 1346 1022 1390 possessiones
1046 1346 1089 1391 ip-
1109 1348 1112 1365 ι
1131 1353 1248 1379 ctorem
1273 1354 1301 1379 et
1324 1345 1496 1392 capitulum
1535 1346 1680 1380 volumus
1712 1346 1878 1392 pertinere.

337 1394 404 1427 sius
428 1394 484 1428 loci
519 1402 603 1428 extra
633 1406 748 1441 corpus
783 1394 886 1428 dictae
927 1394 1089 1428 Ecclesiae
1109 1394 1112 1429 Ϊ
1179 1394 1199 1440 g
1231 1397 1282 1427 17.
1301 1394 1418 1428 Verum
1443 1395 1550 1429 nullus
1573 1396 1601 1429 in
1625 1395 1812 1429 canonicum
1835 1408 1882 1429 as-

338 1443 401 1477 sire
417 1442 475 1477 loci
492 1443 585 1477 fuerit
602 1443 812 1484 tractandum,
840 1443 1086 1477 modificandum
1109 1432 1213 1509 {sumi
1250 1444 1367 1481 valeat,
1401 1445 1458 1478 nisi
1500 1445 1536 1479 ad
1577 1446 1880 1479 decimumoctavum

337 1501 366 1526 et
389 1493 618 1548 innovandum,
645 1493 765 1540 absque
789 1493 891 1539 ipsius
912 1492 951 1527 D.
980 1492 1111 1526 Ludo·
1131 1494 1241 1527 aetatis
1262 1506 1337 1528 suae
1360 1495 1536 1548 perteueiit
1559 1507 1695 1529 annum
1711 1502 1739 1528 et
1754 1506 1810 1541 per
1831 1507 1882 1528 an-

338 1542 396 1576 tici
422 1542 534 1589 prioris
561 1554 718 1577 consensu
748 1543 814 1577 lieri
843 1551 987 1590 nequeat.
1109 1547 1208 1576 ¹num
1231 1545 1415 1577 continuum
1440 1556 1468 1577 ιιι
1486 1556 1594 1579 eorum
1619 1544 1768 1591 probatus
1790 1543 1882 1578 fuerit

386 1593 480 1634 512.
504 1591 586 1626 Cum
601 1600 704 1626 autem
729 1592 831 1626 dictus
850 1592 888 1626 D.
910 1592 1111 1626 Ιιιιιοιιευ5
1110 1594 1386 1639 congregatione
1409 1603 1438 1627 et
1461 1607 1475 1628 a
1511 1595 1617 1628 maiori
1648 1601 1734 1640 pnite
1752 1593 1880 1640 capituli

341 1642 426 1686 prior
452 1653 510 1675 suo
532 1653 663 1676 assensu
702 1641 739 1676 ad
775 1641 861 1675 aliud
901 1641 1112 1675 beneficium
1110 1620 1268 1676 eiectus?

339 1690 700 1735 l'11‹¹rittranslatus,site
714 1691 897 1737 religionem
912 1692 1089 1735 mutar-erit
1110 1688 1112 1708 '
1182 1694 1274 1731 §.18
1310 1692 1508 1727 Praebendas
1543 1692 1698 1739 siquidem
1734 1693 1882 1727 nolumus

340 1740 383 1773 iel
410 1740 466 1773 iita
491 1740 618 1775 functus
641 1741 746 1783 fuerit
769 1753 803 1775 ac
819 1742 911 1775 etiam
936 1742 959 1774 si
984 1742 1087 1787 ipsum
1131 1754 1199 1775 esse
1222 1742 1409 1782 distinctas
1432 1742 1487 1776 sed
1518 1743 1662 1777 ιοιιιιιιιι5
1688 1750 1716 1776 et
1741 1742 1882 1777 districte

339 1791 510 1835 prioratum
544 1803 650 1825 tacare
673 1791 839 1837 contigerit
870 1804 925 1838 per
959 1800 1111 1838 sponta·
1110 1792 1356 1838 praecipiendo
1384 1771 1583 1835 mandamus,
1606 1804 1717 1826 omnes
1741 1792 1881 1826 redditus

338 1852 428 1873 neam
452 1841 721 1874 renunciationem
755 1826 830 1874 dicti
862 1841 901 1875 D
938 1840 1112 1875 Ludoiici
1131 1850 1160 1874 et
1185 1852 1355 1887 protentus
1377 1854 1445 1876 esse
1467 1854 1653 1876 communes
1675 1851 1703 1876 et
1729 1854 1784 1889 per
1807 1842 1883 1876 tica-

339 1890 464 1935 prioris,
488 1889 533 1923 rel
556 1890 616 1923 alio
645 1891 757 1936 quoiis
784 1890 900 1933 modo
923 1902 957 1923 ex
993 1902 1089 1924 nunc.
1110 1887 1112 1912 ¹:
1133 1892 1205 1926 ι·,ιο5
1224 1892 1344 1946 priores
1358 1904 1413 1926 seu
1432 1901 1568 1926 rectores
1584 1893 1760 1926 saecul-tres
1776 1891 1883 1925 liuius-

339 1947 429 1984 prout
452 1950 488 1972 ex
514 1947 601 1982 tunc,
630 1939 800 1985 prioratum
825 1918 998 1985 tegtilareni
1031 1952 1089 1973 an-
1110 1934 1111 1942 ι
1133 1941 1228 1983 modi,
1251 1954 1303 1987 qut
1328 1954 1384 1988 per
1407 1950 1545 1988 tempora
1569 1949 1677 1982 erunt,
1705 1941 1806 1975 taliter
1829 1953 1882 1975 or—

339 1987 497 2021 nnllamns
536 1997 564 2021 et
593 1967 818 2034 infringimus
842 1998 870 2023 et
906 1990 1090 2023 auctoritate
1110 1978 1112 2019 ι
1132 1990 1292 2027 dinentur
1315 1991 1397 2037 quod
1417 1991 1566 2025 omnibus
1585 1990 1687 2031 detur
1710 1990 1793 2038 quod
1812 1991 1883 2025 uni-

339 2038 495 2092 praedicta
511 2039 690 2081 statuimus,
694 2017 827 2073 Dnullurii
853 2040 988 2085 priorem
1012 2039 1088 2072 lore

338 2095 366 2120 el
397 2087 425 2120 in
451 2088 605 2134 primatus
631 2088 856 2122 canonicorum
880 2076 1088 2122 saecularium
1109 2095 1112 2166 l

337 2140 523 2175 clericorum
544 2141 730 2187 dignitatem
755 2142 972 2176 transferimus
994 2151 1022 2175 et
1047 2143 1091 2176 ιιι-

339 2207 501 2229 notamus.

387 2249 406 2296 g
434 2253 485 2284 ¹5.
509 2249 692 2284 Statuentes
715 2259 745 2283 ιιι
773 2249 849 2284 dicti
874 2251 1014 2284 canonici
1042 2264 1091 2284 ro-

339 2315 406 2337 cem
431 2303 584 2338 babentes
607 2305 636 2337 in
660 2304 798 2350 capitulo
818 2304 967 2351 praefate,
991 2317 1087 2338 unum

339 2358 376 2391 de
406 2359 546 2404 ipsorum
583 2358 717 2404 collegio
754 2358 948 2393 sacerdotem
988 2358 1087 2392 virum

341 2411 486 2457 probatae
510 2411 694 2458 prudentiae
722 2421 751 2446 et
774 2412 888 2447 oculati
912 2413 1090 2457 regiminiS,

339 2478 503 2512 quousque
520 2465 558 2500 D.
582 2466 761 2501 Ludoricus
782 2467 866 2513 prior
888 2468 917 2500 in
939 2468 1088 2513 dignitate

340 2521 545 2566 permanserit
561 2523 727 2567 prioratus.
749 2521 807 2555 sibi
824 2522 986 2561 vicarium,
1002 2521 1090 2555 dein-

338 2587 413 2621 ceps
437 2587 508 2609 vero
543 2576 676 2622 priorem
709 2576 900 2611 saecularem
939 2577 1005 2609 sive
1035 2588 1089 2609 re—

339 2638 457 2664 ctorem
486 2630 577 2664 annis
611 2630 744 2676 singulis
766 2630 880 2676 eligant
904 2630 950 2663 vel
974 2629 1090 2664 contir-

418 2686 483 2716 But!
510 2686 587 2716 Rom.
612 2687 666 2716 Vol.
684 2687 730 2716 IV.
935 2687 971 2716 8-2

1110 2039 1244 2085 ·cuique
1272 2052 1351 2086 opus
1373 2053 1420 2074 es
1426 2053 1443 2074 e
1466 2040 1664 2074 iudicabitur.

1180 2089 1200 2135 S
1223 2091 1278 2123 19.
1308 2089 1340 2123 ln
1367 2103 1428 2123 uno
1450 2099 1555 2124 autem
1583 2090 1741 2124 dormiant
1764 2090 1883 2124 dormi-

1109 2144 1222 2182 torio,
1242 2156 1277 2177 ac
1301 2144 1330 2177 in
1359 2156 1423 2177 uno
1456 2144 1623 2178 comedant
1655 2144 1830 2184 refectorio,
1853 2152 1883 2178 et

1131 2197 1174 2230 sic
1202 2199 1352 2231 continue
1374 2199 1433 2232 sint
1460 2208 1641 2245 praesentes
1656 2207 1685 2232 et
1710 2198 1883 2232 residentes

1133 2252 1190 2285 nisi
1221 2251 1335 2286 fuerint
1367 2253 1450 2287 licita
1478 2263 1504 2287 et
1536 2254 1664 2287 honesta
1697 2264 1790 2287 causa
1827 2252 1883 2286 ab-

1131 2308 1256 2350 scutati7
1278 2316 1307 2341 et
1337 2320 1408 2342 cum
1434 2309 1556 2343 licentia
1582 2309 1700 2347 vicarii,
1741 2308 1882 2351 rectoris,

1131 2363 1194 2396 sire
1218 2362 1329 2408 prioris
1352 2364 1520 2397 saecularis
1545 2361 1706 2409 praedicti.

1181 2416 1199 2463 ξ
1222 2420 1279 2450 130.
1296 2416 1453 2451 Absentes
1476 2429 1548 2451 vero
1571 2425 1656 2450 extra
1673 2416 1791 2455 locum
1814 2417 1882 2450 sine

1858 2471 1863 2475 .
1896 2458 1947 2474 llum

1133 2471 1255 2505 Ιιιιιιιιει
1294 2472 1396 2505 sicarii
1433 2484 1489 2505 seu
1524 2472 1637 2518 prioris
1676 2470 1722 2504 ιρι
1755 2479 1882 2505 rectoris

1131 2525 1310 2562 saecularis
1335 2526 1391 2558 nisi
1411 2526 1620 2571 poenituerint
1641 2524 1718 2559 iufra
1740 2537 1880 2559 mensem

1132 2579 1340 2613 satisfactione
1363 2579 1530 2624 condigna,
1554 2579 1590 2612 ad
1615 2579 1743 2614 vicarii.
1771 2579 1883 2624 prioris

1131 2646 1186 2667 seu
1211 2634 1339 2668 rectoris
1360 2642 1389 2667 et
1417 2634 1544 2680 capituli
1579 2633 1809 2680 praedictorum
1838 2645 1884 2667 ar-

1889 254 1938 280 Αῐι.
1954 255 1982 280 (1.
2005 254 2070 281 11107

1903 422 1981 443 Priori-
1999 427 2071 442 ancto-

1890 455 1940 474 rius
1957 461 2008 480 quau*
2027 459 2050 474 -ιι

1908 961 2019 980 Αιιῐιυ,ιιιιιι
2036 961 2078 979 el.-

1895 993 1980 1018 genna.

1907 1208 1955 1229 Eius
1989 1209 2078 1229 facultas

1895 1242 2009 1261 canonicos
2020 1241 2079 1260 insti-

1895 1272 1966 1292 tuendi
1978 1275 1997 1291 et
2011 1272 2078 1291 desti-

1895 1304 1973 1322 tuendi.

1909 1409 1964 1429 AEta:
2004 1410 2079 1429 admit-

1897 1441 2005 1460 unctorum
2016 1442 2035 1460 in
2047 1446 2080 1460 ca-

1896 1472 1985 1493 ironicos

1910 1703 1937 1725 De
1951 1705 2080 1731 praebenda

1896 1741 1937 1756 non
1954 1736 2077 1756 dtt‘ttlen'lts.

1909 2095 2036 2116 Dorum-nio
2061 2100 2081 2116 et

1897 2126 2012 2147 refectorio
2023 2133 2031 2147 c
2036 2134 2081 2146 ιιιιι

1897 2159 1960 2178 muni⁴

1909 2422 1938 2443 1³0
1930 2428 1980 2443 ιιειι
1983 2429 1993 2443 e
2011 2424 2080 2443 tbsew

2002 2454 2079 2480 atſsque

1897 2487 1972 2511 prioris
2013 2490 2078 2506 enno.
