2274 3265
91 288 139 314 An.
158 287 187 314 c.
204 287 268 313 taes

548 338 759 370 SUMMARtUM

284 417 309 446 1.
328 416 467 446 Moniales
479 416 731 451 commendantur,
746 424 779 444 ac
791 414 947 452 praecipue
959 413 1030 443 Mar-

321 461 411 498 garita
434 460 649 490 Columnensis.
668 476 706 482 —
728 459 754 488 ΞΖ.
776 458 950 488 Earumdem
975 467 1028 496 pe-

322 507 393 536 titio.
410 523 449 529 —-
466 505 608 544 Episcopo
631 503 820 534 Praenestino
839 502 1030 532 committitur

323 555 353 579 ut
383 549 512 588 regulam
527 547 701 586 postulatam
716 546 863 576 concedat.
876 563 914 568 —
928 546 955 575 4.
972 545 1030 575 Μο-

323 595 480 624 nasterium
495 593 630 623 donatum
645 601 710 621 cnm
724 590 861 621 omnibus
883 590 1030 629 pertinen-

322 639 378 669 tiis.
399 655 438 661 —
459 639 485 667 5.
507 636 561 667 FF.
583 636 707 666 Minores
727 636 755 665 in
781 635 953 665 monialium
973 635 1028 664 ob-

322 683 456 722 sequium
475 681 623 711 destinati.
645 697 683 702 —
701 680 728 709 6.
748 679 955 709 Monasteriutn
976 679 1030 708 im-

323 728 447 757 mediate
466 726 630 755 subiectum
647 726 715 754 Sedi
734 725 830 763 Apost.
849 741 886 745 —
903 724 929 753 7.
947 722 1030 753 Clau-

322 772 412 802 sulae.

281 857 410 885 Honorius
434 856 575 892 opiscopus
605 862 701 884 servus
735 861 873 883 servorum
903 854 964 887 Dei.
989 854 1032 882 di-

324 907 404 935 tectis
422 906 450 935 in
474 905 583 934 Christo
602 905 708 933 filiabus
739 904 889 933 Herminiae
910 904 1031 932 abbatis-

325 963 371 986 sae
394 955 554 984 monasterii
579 955 670 984 Sancti
689 954 812 984 silvestri
831 954 858 982 tn
882 954 976 990 captte
1000 955 1032 983 de

325 1006 402 1039 urbe,
440 1005 551 1041 eiusque
585 1004 725 1034 sororibus
744 1005 803 1033 tam
840 1004 1032 1040 praesentibus

326 1061 405 1093 quam
429 1054 536 1084 futuris
558 1055 711 1090 regularem
731 1054 817 1083 vitam
841 1053 984 1089 professis,
1004 1053 1031 1080 in

325 1106 497 1142 perpetuum.
533 1104 651 1133 salutem
680 1105 708 1132 ct
747 1103 922 1138 apostoticam
955 1103 1030 1131 bene·

325 1154 481 1183 dictionum.

332 1235 352 1282 g
394 1237 424 1268 t.
463 1233 615 1268 Ascendit
651 1233 756 1266 fumus
789 1239 961 1266 aromatum
1001 1232 1030 1265 in

99 1291 270 1313 ”⁰⁰¹³10‘00ffl-
284 1282 544 1320 considerationis
567 1290 689 1316 nostrae
711 1289 882 1328 conspectu
907 1281 966 1314 fide
989 1280 1033 1314 di-

87 1322 271 1380 :ffl‘ssffifhassff
284 1345 416 1381 gnorum
439 1333 611 1367 assertione
645 1332 777 1366 diffusus
808 1331 846 1365 de
883 1331 960 1364 fama
1003 1339 1030 1363 et

87 1385 166 1436 {22:3²
187 1384 271 1404 ΨΜ·
284 1383 520 1419 conversatione
543 1390 641 1416 vestra
665 1380 822 1420 tamtabiti,
851 1381 889 1414 de
913 1380 1031 1414 meritis

152 1433 155 1435 ’
283 1431 582 1469 commendabilium
631 1443 833 1479 processuum
859 1438 1030 1465 vestrorum

285 1484 395 1517 merito
435 1481 610 1521 laudandis,
645 1481 682 1515 de
715 1481 835 1515 actibus
876 1480 1031 1514 virtuosis.

283 1533 413 1580 Fragrat
440 1532 522 1566 enim
548 1532 577 1565 in
606 1531 707 1566 Domo
730 1530 870 1569 Domini,
905 1530 1034 1564 audien-

285 1584 362 1618 tium
387 1590 507 1616 mentes
535 1581 634 1615 multo
663 1581 756 1615 reiicit
780 1580 905 1626 gandim
936 1580 1033 1613 multo

285 1633 384 1681 replet
419 1632 529 1675 odore,
560 1631 656 1678 quod,
691 1632 772 1665 sicut
805 1630 1032 1673 intelleximus,

285 1682 445 1731 quondam
467 1681 631 1728 Margarita
660 1681 698 1715 de
721 1680 889 1721 Columna,
912 1680 1033 1715 divitiis

286 1742 317 1768 et
339 1732 440 1767 nativa
463 1731 579 1779 proprii
609 1732 733 1778 generis
760 1730 920 1765 nobilitate
957 1743 1034 1764 con-

286 1782 424 1830 temptis,
451 1782 645 1829 caeterisque
672 1781 788 1815 saeculi
815 1780 908 1815 liuius
935 1780 1034 1814 abne-

286 1833 365 1880 gatis
386 1831 552 1870 illecebris,
581 1830 751 1878 prudenter
778 1831 872 1877 elegit
907 1830 1034 1865 Christo

288 1882 417 1930 pauperi
447 1881 607 1916 humiliter
630 1881 658 1914 in
695 1888 876 1928 paupertate
907 1880 1034 1919 servire,

286 1932 411 1980 Ipsique
443 1932 525 1966 velut
561 1943 634 1977 apes
670 1938 891 1976 argumentosa
927 1930 1035 1964 deser-

287 1983 385 2025 viens,
410 1993 462 2016 vos
489 1982 525 2014 ad
551 1981 581 2015 id
609 1993 666 2015 suo
693 1980 934 2015 commendabili
968 1992 1037 2025 pro-

288 2033 404 2067 vocavit
428 2031 584 2077 exemplo:
608 2031 714 2078 sicque
743 2038 811 2065 vota
850 2039 948 2065 vestra
988 2029 1036 2063 in-

287 2082 425 2128 spirante
447 2080 594 2120 Domino,
619 2092 653 2115 ac
689 2081 753 2114 vias
792 2079 1036 2115 misericorditer

288 2132 442 2178 dirigente
461 2158 470 2175 ‚
520 2143 574 2164 vos
616 2130 792 2165 consultius
841 2129 1037 2164 attendentes

288 2182 371 2229 quod
391 2180 502 2215 transit
537 2180 688 2221 mundus,
712 2187 874 2214 transeunt
896 2188 925 2214 et
953 2192 1036 2213 con—-

289 2230 498 2278 cupiscentiae
513 2230 592 2273 eius,
616 2229 740 2264 fallaces
763 2229 847 2264 illius
871 2229 1038 2264 blanditias

290 2280 496 2328 repudiando,
521 2279 707 2326 prudentius
735 2279 916 2314 decrevistis
952 2279 1038 2313 vobis

292 2331 393 2378 ipsum
423 2330 608 2376 crucifigere
629 2337 659 2363 et
694 2329 842 2375 vosipsi,
881 2329 1039 2376 aliquibus

291 2393 328 2415 ex
351 2379 438 2414 vobis
460 2378 499 2412 ab
517 2378 740 2422 adolescentia„
764 2378 923 2414 nonnullis
946 2379 1036 2413 etiam

291 2429 351 2465 suh
380 2428 525 2475 religioso
552 2427 656 2462 babitu
693 2428 731 2463 ab
776 2428 926 2473 infantia,
969 2429 1038 2462 licet

292 2479 368 2514 nulli
391 2479 494 2513 adbuc
516 2477 730 2512 observantiae
756 2478 901 2524 specialis
928 2478 1038 2513 essetis

293 2529 455 2574 religionis
476 2527 630 2567 astrictae,
669 2535 790 2574 gratum
821 2527 1040 2562 exhibentibus

294 2579 429 2614 Domino
452 2578 645 2612 famulatum.

344 2628 364 2677 g
389 2630 422 2662 2.
448 2627 586 2662 Demum
611 2638 682 2661 vero
706 2626 935 2674 praevenientis
971 2639 1042 2673 gra-

99 2671 232 2725 „fffmd'm
243 2676 282 2699 '³⁸'
296 2678 356 2713 tiae
380 2691 432 2712 vos
460 2685 669 2725 prosequente
692 2677 817 2720 virtute,
842 2677 871 2710 in
896 2676 968 2710 illud
997 2688 1040 2711 ro·

912 284 1074 306 tttwontt‘s
1098 284 1128 306 tv
1158 284 1205 306 rr.
1722 272 1766 301 83

1832 278 1881 306 An.
1898 278 1925 303 (ἶ,
1946 279 2012 304 1Ξ9ῗι

1073 338 1130 372 bur
1157 339 1264 377 animi,
1301 339 1381 372 sicut
1420 345 1576 385 speratur,
1614 345 1746 377 erectae,
1784 345 1816 371 nt

1071 395 1250 421 constanter
1274 388 1454 434 proponatis
1470 387 1583 422 babere,
1600 400 1653 433 pro
1670 387 1812 424 minimo,

1070 437 1133 471 sive
1157 437 1253 470 liostis
1280 449 1386 483 aspera
1405 437 1549 471 turbidus
1569 437 1728 480 insaeviat,
1749 438 1815 471 sive

1072 486 1209 520 mundus
1238 498 1383 533 prospera
1414 487 1562 520 mentitus
1599 486 1720 527 illudat,
1760 486 1816 520 de-

1071 535 1243 570 siderantes
1267 536 1295 569 in
1319 536 1428 570 castris
1447 535 1666 569 claustralibus
1688 535 1746 569 sub
1766 536 1815 569 oli-

1071 586 1222 619 servantia
1247 586 1367 618 ordinis
1388 585 1539 619 Sororum
1581 585 1739 619 Minorum
1764 585 1815 619 ln-

1072 635 1228 669 clusarum
1252 635 1401 669 dimicare
1441 636 1583 668 securius
1618 644 1723 668 contra
1761 635 1816 668 lio-

1071 685 1156 719 stiles
1180 685 1336 728 incursus,
1359 683 1560 730 supplicastis
1587 683 1746 718 humiliter
1775 698 1817 717 ro-

1071 734 1174 780 gulam
1199 746 1380 768 concessam
1405 733 1506 766 eidem
1535 733 1637 767 ordini
1665 745 1679 765 a
1719 733 1817 767 felicis

1074 784 1298 818 recordationis
1325 783 1514 826 Alexandro,
1537 791 1567 816 et
1590 790 1760 817 correctam
1790 792 1816 816 et

1072 833 1273 881 approbatam
1313 845 1328 867 a
1369 833 1437 880 piac
1482 833 1649 867 memoriae
1679 830 1817 871 Urbano,

1071 883 1224 919 Romanis
1271 882 1478 917 Pontificibus
1526 882 1819 930 praedecessoribus

1074 934 1198 976 nostris7
1222 945 1279 968 nec
1308 945 1367 966 uon
1394 932 1494 966 locum
1536 933 1634 979 ipsius
1673 931 1820 966 observa-

1074 984 1147 1018 tioni
1171 995 1343 1029 congruum
1368 982 1455 1016 vobis
1491 994 1545 1028 per
1581 981 1694 1017 Sedent
1735 982 1819 1029 Apo—

1073 1034 1212 1067 stolicam
1237 1032 1482 1067 misericorditer
1503 1031 1664 1078 assignari.

1121 1083 1140 1130 g
1168 1087 1198 1116 5.
1223 1082 1286 1116 Nos
1327 1089 1430 1115 autem
1466 1083 1577 1116 vestris
1615 1081 1819 1128 petitionibus
1843 1088 1946 1123 Episcopo
1959 1089 2016 1110 ¹³¹ae-

1073 1132 1162 1165 salnti
1201 1133 1379 1166 animarum
1404 1140 1573 1165 vestrarum
1609 1130 1819 1165 accommodis
1834 1123 2018 1173 ζ’,ῗζῖζῖξζπζῗζᾏζ

1075 1181 1224 1216 benevolo
1251 1188 1472 1215 concurrentes
1506 1192 1649 1223 assensu,
1689 1192 1819 1214 venera·
1833 1169 2020 1210 1²0=²u¹²¹³¹¹ieew

1074 1230 1125 1265 bili
1150 1231 1232 1264 fratri
1259 1239 1363 1264 nostro
1387 1229 1577 1278 Hieronymo
1617 1230 1819 1264 Praenestino
1835 1217 1902 1236 σθω

1073 1280 1222 1327 episcopo
1244 1280 1280 1313 ad
1311 1291 1398 1313 snam
1435 1279 1617 1323 dioecesim,
1658 1279 1710 1313 ubi
1746 1287 1822 1313 tunc

1075 1331 1223 1375 temporis
1239 1330 1268 1362 in
1287 1329 1393 1363 Monte
1408 1328 1612 1363 Praenestino
1625 1328 1821 1369 habitabatis.v

1074 1388 1100 1412 et
1130 1379 1233 1413 adbuc
1267 1379 1405 1412 babitare
1428 1378 1571 1412 dicimini
1601 1378 1660 1412 sub
1695 1378 1818 1412 decenti

1073 1430 1229 1469 clausura,
1252 1429 1460 1476 personaliter
1474 1428 1645 1467 accedenti,
1668 1427 1733 1462 viva
1749 1440 1821 1462 voce

1074 1479 1303 1517 commisimus,
1328 1486 1358 1512 nt
1395 1478 1482 1513 vobis
1522 1479 1647 1525 petitam
1683 1477 1821 1523 regulam

1074 1529 1259 1575 assignaret,
1281 1536 1310 1562 et
1332 1540 1347 1562 a
1382 1528 1470 1562 vobis
1506 1528 1663 1575 recipiens
1697 1528 1822 1574 regulae

1076 1579 1303 1626 professionem
1343 1578 1498 1619 eiusdem,
1535 1578 1724 1612 abbatissam
1769 1590 1823 1624 per

1076 1641 1141 1672 vos,
1163 1630 1244 1663 sicut
1274 1629 1303 1662 in
1342 1628 1449 1662 eadem
1488 1627 1672 1662 conceditur
1705 1626 1822 1673 regula,

1075 1679 1249 1725 eligendam
1289 1678 1472 1712 auctoritate
1504 1677 1671 1725 apostolica
1708 1677 1823 1712 contir-

1077 1737 1183 1763 maret:
1216 1728 1268 1776 qui
1300 1728 1377 1762 votis
1406 1728 1514 1762 vestris
1540 1740 1610 1762 cum
1647 1727 1823 1761 maturitate

1076 1779 1178 1813 debita
1203 1778 1388 1825 diligentius
1411 1777 1586 1825 exquisitis,
1610 1789 1662 1811 vos
1678 1784 1823 1811 constan—

1077 1838 1122 1863 tes
1150 1829 1179 1862 in
1205 1828 1377 1875 praemisso
1401 1828 1562 1875 proposito
1597 1834 1698 1862 vestro
1735 1839 1823 1861 com-

1079 1879 1213 1926 periens,
1241 1878 1409 1924 assignavit
1433 1877 1520 1912 vobis
1543 1877 1680 1924 regulam
1706 1888 1825 1911 memo—

1077 1938 1185 1972 ratam,
1208 1936 1237 1963 et
1260 1929 1371 1975 ipsius,
1395 1927 1424 1961 id
1453 1940 1467 1961 a
1489 1927 1576 1961 voltis
1604 1927 1756 1962 instanter
1778 1938 1824 1973 pe-

1077 1979 1225 2022 tentibus7
1248 1978 1445 2024 professione
1486 1984 1622 2022 recepta,
1645 1985 1749 2024 teque,
1778 1976 1826 2009 di-

1079 2029 1155 2063 lecta
1178 2029 1208 2063 in
1232 2028 1359 2063 Cltristo
1383 2027 1441 2061 lilia
1472 2027 1645 2066 Herminia,
1678 2026 1707 2060 in
1731 2025 1827 2060 abba-

1079 2079 1184 2113 tissam
1210 2090 1264 2126 per
1286 2078 1365 2111 viam
1394 2077 1534 2111 scrutinii
1558 2076 1654 2111 electa
1689 2087 1827 2110 concor—

1078 2129 1171 2172 diter,
1198 2128 1383 2162 electionem
1421 2126 1616 2166 huiusmodi,
1651 2125 1721 2173 quia
1758 2137 1824 2159 eam

1079 2179 1193 2212 invenit
1216 2177 1410 2220 canonicam,
1443 2185 1471 2211 et
1499 2176 1537 2210 de
1562 2188 1691 2223 persona
1716 2174 1825 2209 idonea

1079 2228 1279 2271 celebratam,
1307 2227 1491 2261 anctoritate
1518 2226 1575 2261 sibi
1616 2237 1630 2260 a
1669 2224 1760 2259 nobis
1795 2224 1824 2258 in

1081 2279 1139 2313 ltoc
1163 2277 1273 2312 tradita
1297 2277 1502 2311 confirmavit.

1128 2329 1206 2375 §4-
1235 2327 1316 2362 Sane
1350 2325 1427 2360 facta
1464 2326 1552 2360 nobis
1594 2336 1648 2371 per
1681 2324 1825 2359 eumdem

1080 2378 1265 2424 episcopum
1295 2375 1332 2410 ad
1362 2383 1498 2409 nostram
1524 2375 1731 2422 praesentiam
1755 2373 1826 2407 red-

1080 2436 1205 2461 euntem
1235 2438 1330 2472 super
1364 2424 1544 2459 huiusmodi
1586 2435 1642 2457 suo
1678 2434 1825 2470 processu

1083 2477 1229 2511 relatione
1269 2475 1375 2517 fideti,
1402 2487 1460 2509 nos
1501 2485 1682 2520 processum
1722 2473 1824 2518 ipsum

1083 2525 1209 2571 provide
1236 2525 1376 2559 habitum
1406 2532 1504 2557 ratum
1541 2531 1571 2557 et
1605 2530 1726 2568 gratum
1765 2521 1827 2556 lta—

1083 2576 1202 2620 bentes‚
1225 2584 1254 2610 et
1281 2573 1463 2609 auctoritate
1503 2573 1671 2619 apostolica
1706 2572 1828 2606 contir—

1083 2635 1214 2665 mantes,
1241 2636 1276 2660 ac
1299 2624 1436 2658 volentes
1463 2623 1546 2657 iuxta
1570 2622 1759 2670 praemissae
1775 2634 1827 2656 ve-

1082 2683 1162 2710 strae
1186 2674 1345 2723 petitionis
1373 2673 1549 2707 instantiam
1580 2672 1617 2707 de
1645 2671 1713 2706 loco
1742 2671 1828 2706 vobis
