2274 3265
0 2816 17 3265 ΕΓΖ-,υ-»ὲμ-ᾼ-
9 2749 12 2807 ῃᾈ
9 2738 11 2742 a

107 274 155 300 An.
174 273 202 299 C.
221 273 286 300 ¹278

138 1662 255 1683 clausulae.

922 272 1079 295 NicoLAt's
1102 273 1137 294 ιιι
1162 273 1209 294 rr.
1751 266 1796 297 43

302 326 411 361 eiusve
439 327 595 360 territorio
619 339 679 360 non
704 327 857 370 advenae,
890 327 944 360 sed
973 339 1052 361 con·

303 379 381 414 tinui
417 379 607 415 habitatores
639 380 828 418 extiterunt,
855 379 959 425 quoad
995 379 1053 412 lio—

302 445 395 468 nores
417 433 517 480 ipsius
539 432 646 474 Urbis,
668 441 721 467 aut
744 434 884 479 regimen
908 433 1053 479 gratiosis

302 486 520 521 functionibus
554 487 726 533 potiantur,
751 498 811 520 non
841 485 1052 527 intendimus,

302 540 386 586 quod
411 552 559 587 praesens
585 539 766 575 constitutio
795 539 871 573 tales
897 539 1054 583 excludat,

302 594 378 640 quin
419 593 456 628 ad
493 606 591 628 unum
631 605 749 628 aunum
786 593 968 636 dumtaxat,
1008 593 1052 627 vel

302 647 384 683 aliud
417 656 541 694 tempus
564 646 690 681 brevius
713 646 868 680 nominari
893 646 929 680 ad
954 647 1055 693 ipsius

303 701 441 747 regimen
469 709 499 734 et
527 699 665 734 officium
694 699 766 746 eligi
791 699 912 733 valeant
938 713 973 734 ac
1005 712 1055 734 as-

302 754 402 789 sumi:
425 753 545 788 etiamsi
572 753 803 800 praedictorum
830 753 1007 800 principum
1026 762 1055 787 et

303 807 435 842 aliorum
459 807 580 849 tratres,
610 806 663 839 filii
688 806 734 840 vel
756 815 888 853 nepotes
910 807 1055 850 existant,

302 868 356 895 aut
376 859 497 894 etiamsi
524 866 610 894 extra
635 858 752 893 Urbem
780 867 810 893 et
838 860 937 905 ipsius
965 861 1056 895 terri-

303 913 418 948 torium
447 912 507 947 sub
530 913 657 947 nomine
684 914 862 953 comitatus,
887 914 1055 954 baroniae

302 979 359 1002 seu
384 966 615 1012 cuiuscumque
642 965 772 1000 alterius
796 967 876 1000 tituli
901 967 929 1001 in
953 967 1056 1002 homi-

304 1020 396 1055 nibus
420 1020 466 1054 vel
494 1020 573 1054 locis
596 1019 753 1066 aliquibus
781 1020 1032 1055 iurisdictionem
1048 1049 1056 1061 ,

303 1086 358 1109 seu
387 1081 572 1121 potestatem
607 1073 746 1120 aliquam
774 1074 980 1119 temporalem
1009 1075 1055 1109 vel

306 1135 490 1175 perpetuam
525 1126 720 1161 obtinerent:
760 1126 933 1161 dummodo
966 1140 1058 1174 prae—

305 1180 386 1215 dicta
407 1179 582 1214 iurisdictio
604 1180 651 1213 vel
669 1186 808 1226 potestas
831 1187 919 1214 extra
938 1179 1056 1216 Urbem

305 1241 335 1267 et
373 1232 566 1267 territorium
602 1232 740 1278 praefata
780 1232 958 1267 consistens
994 1246 1056 1267 non

305 1294 408 1321 tantae
444 1286 713 1333 praeeminentiae,
742 1286 787 1320 vel
824 1286 971 1320 notabilis
994 1299 1059 1333 po-

304 1347 442 1374 tentatus
456 1339 578 1379 existat,
597 1339 681 1385 quod
701 1351 770 1374 eam
790 1339 971 1374 obtinentes
990 1340 1058 1374 eius

304 1393 469 1427 occasione
496 1392 541 1426 vel
565 1403 658 1427 causa
681 1405 752 1427 cum
781 1393 850 1427 aliis
877 1393 1015 1428 exclusis
1041 1408 1057 1429 a

305 1446 389 1480 dicto
402 1444 498 1480 Urbis
518 1446 684 1491 regimine,
704 1454 735 1480 ut
758 1447 970 1493 praemittitur
986 1460 1060 1494 prae-

305 1500 403 1534 sentis
417 1499 655 1533 constitutionis
674 1500 814 1539 oraculo,
832 1500 1059 1536 rationabiliter

306 1552 524 1588 includantur.

354 1606 374 1653 g
395 1607 429 1640 6.
453 1605 538 1640 Nulli
561 1617 636 1653 ergo
664 1607 794 1641 omuino
824 1607 990 1642 hominum
1014 1608 1058 1642 li-

305 1668 373 1694 ceat
400 1660 481 1694 lianc
502 1660 649 1707 paginam
673 1669 798 1695 nostrae
821 1662 1060 1697 constitutionis

305 1722 335 1748 et
362 1713 547 1760 privationis
576 1714 763 1760 infringere,
786 1715 834 1749 vel
858 1716 885 1749 ei
909 1728 987 1750 ausu
1012 1724 1059 1750 te-

307 1767 441 1802 merario
463 1768 634 1809 contraire,
662 1769 686 1803 si
715 1769 789 1816 quis
810 1778 928 1810 autem,
955 1778 1008 1804 etc.

355 1820 470 1857 Datum
494 1822 625 1857 Viterbii
647 1823 887 1870 quintodecimo
910 1823 1061 1860 kalendas

305 1878 448 1923 augusti,
484 1878 687 1924 pontificatus
715 1879 812 1913 nostri
840 1892 922 1914 auno
946 1880 1058 1926 primo.

370 1939 430 1969 Dat.
450 1940 496 1969 die
520 1940 552 1970 18
572 1940 635 1970 iulii
656 1940 741 1977 1278,
759 1942 862 1980 pontif.
883 1952 959 1972 anuo
976 1952 993 1972 ι.

656 2096 709 2132 ΙΙΙ.

409 2177 454 2210 De
473 2179 701 2221 praedicatione
722 2179 804 2211 verbi
832 2178 891 2211 Dei
905 2190 964 2222 pro

476 2228 669 2260 conversione
694 2227 905 2261 hebraeorum.

581 2306 797 2336 SUMMARIUM

310 2376 464 2406 lnnumera
496 2375 545 2405 Dei
568 2375 710 2406 beneficia
738 2386 804 2416 erga
838 2378 993 2407 hebraeos.
1026 2394 1063 2398 ——

352 2421 376 2450 l.
407 2419 564 2450 Excaecata
600 2424 694 2449 tamen
730 2430 847 2459 semper
878 2421 933 2452 suit
961 2430 1063 2450 eorum

350 2465 483 2495 durities.
506 2481 544 2486 —-
563 2464 591 2494 Ξ,
613 2464 704 2500 lubet,
734 2470 765 2494 ut
787 2466 974 2504 praedicetur
1000 2474 1064 2494 ver-

350 2510 418 2539 bum
438 2508 499 2545 Dei,
519 2513 549 2538 ut
571 2513 785 2538 convertantur.
812 2526 852 2532 —
878 2510 905 2539 3.
924 2509 1062 2539 Conversi

350 2554 488 2593 praelatis
519 2559 546 2582 et
568 2553 634 2582 aliis
668 2554 910 2589 commendandi,
942 2559 971 2583 ut
1004 2553 1063 2582 hu-

351 2598 523 2628 manissime
544 2601 711 2627 tractentur.
730 2614 768 2619 —
789 2598 816 2627 4.
845 2597 978 2627 Converti
1008 2606 1062 2626 no-

351 2642 443 2672 lentes
466 2641 561 2681 Papae
580 2641 768 2671 nuncientur.

1092 330 1216 358 Nicotaus
1235 332 1375 366 episcopus
1395 339 1489 361 servus
1506 339 1646 361 servorum
1664 332 1720 365 net.
1746 333 1847 362 dilecto

1138 379 1193 407 tilio
1212 380 1298 414 priori
1313 381 1472 415 provinciali
1496 381 1619 410 fratrum
1643 382 1746 411 ordinis
1768 382 1848 411 Proo-

1138 427 1290 456 dicatorum
1310 430 1336 457 ln
1354 429 1521 462 Lomhardia.
1547 430 1667 459 :alutam
1689 432 1720 459 et
1738 432 1846 467 aposto·

1138 477 1219 505 licam
1237 478 1460 507 benedictionem.

1143 541 1274 576 Vineam
1299 542 1396 577 Sorec
1425 543 1508 578 velut
1531 544 1661 579 electam
1697 545 1847 592 plantavit

1095 591 1220 626 dextera
1249 592 1306 626 Dei
1336 592 1449 633 Patris,
1477 600 1508 627 et
1539 605 1632 628 omne
1659 606 1767 629 semen
1791 606 1846 629 ve-

1097 653 1165 675 rum
1189 641 1354 676 seminavit
1374 641 1404 675 in
1435 641 1512 688 ipsa
1534 642 1674 687 angelica
1706 644 1847 678 custodia

1096 690 1207 737 sepivit
1237 690 1337 729 illam
1361 690 1481 735 lapides
1510 691 1638 725 nocivos
1665 691 1779 726 abiecit
1811 705 1847 726 ex

1096 750 1142 773 ea
1178 739 1265 773 Hanc
1292 739 1330 772 de
1359 739 1497 787 AEgypto
1528 740 1557 773 in
1588 740 1652 774 luto
1692 748 1722 774 et
1756 741 1849 776 latere

1096 788 1155 822 suh
1183 789 1254 834 iugo
1276 788 1451 823 Pharaonis
1474 800 1670 837 oppressam
1691 790 1720 823 in
1749 790 1850 844 signis

1097 844 1126 871 et
1150 837 1304 884 prodigiis
1327 837 1529 883 transferens,
1552 838 1615 872 dux
1644 838 1763 872 itineris
1781 839 1849 873 eius

1097 887 1245 926 existens,
1275 887 1304 921 in
1325 894 1437 921 terram
1462 887 1683 934 promissionis
1707 887 1848 922 adduxit.

1097 935 1194 969 Vinea
1229 938 1312 969 enim
1352 935 1477 970 Domini
1505 936 1701 971 exercituum
1736 936 1851 971 domus

1098 984 1190 1018 lsrael
1219 991 1281 1023 est
1309 984 1365 1018 viri
1400 984 1475 1020 Iuda
1510 985 1694 1020 delectabile
1721 997 1848 1031 germen

1098 1033 1176 1068 eius.
1197 1032 1287 1067 Hanc
1309 1034 1355 1067 sic
1378 1034 1455 1068 mire
1475 1034 1669 1077 translatam,
1692 1035 1781 1081 quasi
1801 1036 1851 1069 ad-

1098 1081 1160 1115 huc
1189 1081 1298 1116 rudem
1321 1094 1468 1129 campum
1499 1095 1625 1118 vomere
1655 1083 1748 1128 legali
1778 1096 1851 1130 pro-

1098 1131 1259 1174 scindens,
1286 1131 1461 1177 prophetali
1485 1132 1624 1166 doctrina
1651 1132 1794 1173 sulcavit,
1818 1141 1851 1166 ut

1099 1187 1128 1213 et
1151 1180 1250 1225 ipsam
1278 1180 1315 1213 ad
1346 1187 1497 1214 maturam
1535 1181 1670 1227 frugem,
1705 1181 1785 1216 idest
1812 1182 1848 1216 ad

1100 1228 1347 1274 regenerationis
1375 1230 1505 1273 gratiam
1535 1237 1742 1276 praepararet.

1148 1277 1214 1323 St.
1229 1276 1304 1317 Sed,
1318 1278 1394 1324 proh
1415 1276 1516 1312 dolor!
1534 1286 1733 1324 peccatorum
1753 1280 1850 1324 spinis

1099 1325 1211 1365 obsita,
1236 1325 1358 1360 nullum
1383 1326 1516 1361 imbrem
1535 1328 1652 1372 gratiae
1675 1328 1849 1374 spiritualis

1099 1374 1272 1421 excipiens,
1299 1386 1380 1421 quae
1407 1375 1593 1421 sperabatur
1621 1385 1652 1410 ut
1680 1388 1756 1410 uvas
1778 1376 1850 1411 edu-

1100 1432 1196 1466 ceret,
1219 1423 1380 1458 labruscas
1403 1423 1527 1458 eduxit:
1552 1425 1638 1458 unde
1668 1425 1852 1472 sperabatur

1100 1472 1269 1509 iudicium.
1299 1473 1452 1520 processit
1479 1473 1641 1520 iniquitas:
1680 1474 1763 1508 unde
1795 1474 1851 1509 iu-

1099 1522 1194 1560 stitia,
1228 1521 1302 1556 iude
1328 1522 1458 1557 clamor.
1493 1522 1580 1556 Haec
1613 1531 1658 1557 est
1685 1523 1790 1563 vinea,
1820 1524 1849 1557 in

1099 1582 1159 1617 qua
1184 1570 1231 1605 fici
1260 1570 1364 1615 arbor,
1386 1570 1506 1605 scilicet
1533 1583 1689 1619 synagoga
1717 1571 1852 1606 iudaeo—

1102 1631 1170 1653 rum
1194 1619 1343 1666 plantata,
1371 1619 1549 1666 evangelica
1571 1622 1700 1655 veritate
1733 1621 1853 1655 descri-

1101 1668 1203 1708 bitur3
1238 1669 1328 1703 cuius
1366 1669 1523 1715 plantator
1553 1669 1715 1709 Christus,
1743 1677 1853 1704 coetus

1100 1717 1292 1763 apostolicus
1326 1718 1428 1753 cultor
1461 1718 1577 1752 existit.
1617 1718 1703 1753 Haec
1737 1719 1850 1765 triplici

1102 1775 1256 1812 tempore,
1283 1768 1371 1813 quasi
1401 1767 1502 1801 tribus
1523 1767 1624 1806 annis,
1652 1776 1687 1801 ut
1715 1769 1851 1802 fructum

1102 1815 1291 1862 produceret
1309 1823 1481 1863 expectata,
1505 1816 1696 1851 infructuosa
1721 1824 1852 1863 reperta,

1101 1864 1213 1899 cultori
1237 1865 1430 1900 succidenda
1460 1865 1663 1911 praedicitur.
1694 1865 1772 1900 Nam
1797 1878 1854 1900 nec

1102 1923 1245 1960 tempore
1267 1914 1518 1950 circumcisionis
1539 1914 1576 1948 ad
1606 1915 1780 1961 perfectum
1804 1915 1856 1949 de-

1102 1964 1196 1998 ducta
1230 1971 1289 2008 est,
1321 1964 1393 2011 quia
1429 1963 1704 1998 circumcisionem
1732 1965 1854 1999 animae

1104 2026 1164 2047 non
1197 2013 1385 2059 quaerebat:
1420 2024 1478 2047 nec
1500 2012 1691 2048 sanctificata
1724 2025 1781 2060 per
1808 2013 1855 2046 le-

1102 2076 1186 2109 gem,
1214 2063 1286 2110 quia
1315 2074 1371 2110 per
1397 2074 1465 2097 eam
1494 2069 1615 2096 tantum
1644 2062 1777 2097 carnalia
1806 2073 1855 2096 se-

1103 2112 1275 2159 quebatur;
1292 2124 1349 2146 nec
1365 2111 1490 2146 tandem
1506 2111 1670 2145 iustificata
1686 2122 1741 2158 per
1755 2110 1856 2145 Evan-

1103 2162 1175 2208 gelii
1191 2162 1335 2207 gratiam,
1351 2161 1423 2208 quia
1442 2160 1573 2206 gratiam
1591 2160 1727 2206 recipere
1742 2159 1854 2201 noluit,

1103 2212 1179 2257 quin
1215 2211 1319 2257 potius
1352 2211 1481 2244 latorem
1510 2209 1626 2255 gratiae
1654 2209 1771 2243 iustum
1800 2208 1854 2242 in-

1105 2261 1183 2294 iuste
1217 2260 1366 2306 peremit,
1399 2267 1429 2293 et
1456 2258 1692 2305 quodammodo
1723 2257 1856 2291 indura-

1104 2310 1221 2343 tionem
1239 2308 1413 2343 Pharaonis
1427 2307 1594 2351 excedens,
1608 2319 1701 2341 omne
1716 2307 1855 2341 curantis

1104 2372 1134 2398 et
1166 2375 1260 2397 curae
1300 2362 1445 2397 refutavit
1479 2361 1675 2401 antidotum;
1710 2359 1789 2394 adeo
1823 2368 1855 2393 ut

1105 2430 1163 2452 nec
1190 2416 1306 2460 verbis,
1334 2427 1390 2450 nec
1417 2415 1527 2461 signis,
1555 2425 1613 2448 nec
1639 2413 1854 2449 sacramentis.

1105 2471 1282 2519 quinimmo
1306 2481 1363 2504 nec
1385 2469 1485 2516 ipsius
1506 2467 1623 2502 Christi
1650 2474 1679 2501 et
1699 2466 1758 2501 Dei
1783 2479 1856 2500 cor—

1107 2524 1205 2572 porali
1247 2522 1421 2571 praesentia
1459 2521 1644 2556 molliretur.
1686 2520 1855 2556 Multisarie

1106 2579 1189 2614 enini
1209 2577 1381 2624 multisque
1397 2575 1502 2611 modis
1523 2575 1597 2611 olim
1612 2575 1700 2611 Deus
1721 2575 1856 2622 loquens

1105 2632 1243 2679 antiquis
1286 2631 1386 2678 ipsius
1428 2641 1605 2678 synagogae
1646 2629 1788 2677 patribus
1825 2629 1856 2664 in

1862 275 1910 300 Αη.
1929 275 1947 300 C
1979 275 2044 300 ¹²7²

1876 551 1986 572 lunumoxa
2010 551 2045 571 no,

1862 582 1965 603 benoncia
1997 587 2045 607 *rga

1863 612 1966 633 habram·

1878 1286 1995 1308 Exeaeeata
2016 1289 2048 1306 ta-

1865 1323 1912 1338 men
1920 1322 2003 1344 semper
2011 1316 2048 1337 suit

1866 1353 1937 1369 corum
1953 1348 2047 1368 duriti-s.
