2274 3265
473 286 544 316 678

428 351 486 384 boc
507 361 596 382 sacro
617 347 862 383 Constantiense
883 349 1078 395 approbante
1097 361 1175 383 con-

426 399 511 437 cilio,
546 409 740 439 revocamus,
763 409 923 431 cassamus
943 405 974 431 et
995 399 1087 432 ctiam
1112 410 1175 431 an-

245 457 365 483 hwrwiue
389 462 412 475 ἢ·
428 447 594 481 nullamus.
612 446 657 479 Ac
672 445 817 480 volumus
830 455 860 480 et
874 445 1075 480 decernimus
1089 446 1172 493 quod

230 486 547 536 {*,''⁵‡.f,','.‘'”},¹0'fsss[iudices
578 503 607 528 et
642 502 827 529 executores
857 494 1115 541 quibuscumque
1144 495 1173 528 in

229 552 280 567 ‘¹²¹¹'
307 548 410 567 m³¹¹¹¹¹¹¹³³
428 544 526 579 literis
560 543 743 589 apostolicis
775 543 914 590 deputati
938 552 968 578 et
990 543 1174 590 deputandi,

426 601 455 628 ct
477 593 527 627 alii
547 593 739 639 quicumque
762 592 799 626 ad
822 605 903 639 quos
925 593 1090 639 spectabit,
1117 604 1175 626 nec

426 654 487 676 non
504 641 614 675 notarii
629 649 657 675 et
675 641 857 675 tabelliones
867 653 964 688 super
981 642 1018 675 iis
1035 641 1173 688 requisiti

426 691 471 724 vel
501 689 692 736 requirendi,
719 690 839 737 absque
871 690 1055 724 huiusmodi
1090 690 1174 724 litera

433 741 569 773 Vidimus
596 751 650 773 scu
676 740 778 773 Placet
801 747 994 785 nuncupata,
1017 751 1052 773 ac
1081 739 1173 772 etiam

426 789 550 823 lieentia
575 788 620 822 vel
643 800 772 822 assensu
796 800 1072 834 quorumcumque
1091 798 1174 833 prae-

426 839 571 876 latorum,
599 836 794 883 patriarchali
829 846 882 871 aut
912 836 970 870 alia
994 837 1105 883 quavis
1127 836 1176 869 di-

425 887 542 932 gnitate
566 886 802 931 insignitorum,
825 894 855 920 et
878 885 1017 919 locorum
1046 885 1175 919 ordina-

425 936 541 969 riorum
574 943 626 968 aut
650 934 828 969 officialium
858 934 1055 973 eorumdem,
1079 933 1176 968 libere

426 983 606 1018 huiusmodi
638 983 742 1017 literas
774 982 963 1029 apostolicas
985 982 1097 1029 exequi
1120 982 1175 1016 de-

426 1032 518 1067 beant
539 1039 632 1077 atque
656 1032 786 1078 possint.

473 1081 541 1127 §4-
558 1080 622 1114 Nos
645 1080 728 1114 enim
743 1080 852 1115 eadem
869 1080 1051 1114 auctoritate
1065 1079 1176 1113 decer-

226 1130 411 1180 {g'ffifss'r‘i'ffqiffffa‘g
426 1130 530 1164 nimus
552 1141 663 1163 omnes
685 1137 716 1163 et
733 1129 875 1175 singulas
898 1128 1082 1167 sententias,
1097 1140 1176 1174 quas

227 1196 293 1211 imin
426 1178 577 1225 praedicti
603 1178 731 1224 praelati
756 1188 785 1212 et
808 1178 979 1224 scriptores
997 1185 1049 1211 aut
1065 1189 1175 1211 eorum

425 1227 573 1262 officiales
607 1235 713 1261 contra
750 1226 932 1261 huiusmodi
973 1226 1093 1260 iudices
1130 1225 1175 1259 vel

425 1284 608 1311 executores
636 1288 691 1310 seu
728 1276 933 1323 impetrantes
961 1283 1089 1321 propter
1113 1288 1177 1309 ex-

425 1325 728 1359 communicationes
762 1324 945 1359 huiusmodi
975 1337 1029 1370 per
1051 1336 1105 1358 eos
1132 1324 1177 1358 fa·-

425 1374 552 1408 ciendas
574 1373 675 1407 forsan
706 1374 879 1408 inflixerint
901 1381 931 1407 et
954 1372 1177 1419 promulgave-

426 1423 500 1465 rint,
524 1422 624 1456 irritas
646 1431 675 1456 et
698 1422 807 1457 inanes
842 1434 877 1456 ac
901 1422 1020 1456 nullius
1042 1422 1178 1457 existere

427 1471 553 1506 roboris
575 1471 621 1505 vel
644 1473 808 1506 momenti.

475 1521 495 1567 S
517 1523 548 1554 5.
572 1520 702 1554 Necnon
726 1532 973 1567 quemcumque,
996 1520 1047 1566 qui
1069 1528 1177 1554 contra

241 1574 348 1600 secusque
364 1579 413 1623 bf}-
429 1570 601 1616 praemissa
616 1569 735 1615 aliquid
752 1577 904 1604 attentare
921 1570 1178 1616 praesumpserit,

228 1609 313 1656 5223.
330 1606 465 1661 „dieiiiiab
492 1619 640 1652 exercitio
677 1618 903 1652 iurisdictionis
929 1617 1178 1655 ecclesiasticae,

428 1679 481 1713 per
512 1676 574 1701 tres
602 1679 748 1709 menseS,
772 1668 839 1713 ipso
868 1667 948 1700 facto
975 1679 1177 1713 suspensum.

427 1715 512 1750 Nulli
535 1727 610 1761 ergo
632 1723 685 1749 etc.
708 1715 741 1749 Si
766 1716 838 1762 quis
860 1723 964 1750 autem
988 1724 1040 1749 ecc.

476 1764 591 1799 Datum
615 1764 831 1804 Constantine,
859 1764 1001 1799 secundo
1030 1764 1178 1800 kalendas

428 1814 514 1852 maii,
540 1814 742 1860 pontificatus
766 1814 862 1848 nostri
886 1826 968 1848 anno
992 1815 1105 1860 prime.

466 1875 528 1905 Dat.
553 1875 599 1905 die
618 1875 656 1906 30
673 1875 776 1914 aprilis
798 1876 883 1912 1418,
902 1876 1006 1915 pontif.
1028 1885 1104 1906 anno
1122 1886 1138 1906 ι.

231 298 275 321 An.
296 296 322 321 C,
345 297 408 322 mig

780 2017 832 2051 111.

433 2088 559 2122 Ordinis
593 2089 837 2122 Mendicann‘um
862 2091 1084 2134 professoribus
1110 2091 1181 2134 qui—

478 2139 577 2171 busm‘s
615 2139 657 2171 ad
695 2140 784 2181 alios,
811 2150 905 2183 quam
942 2140 1181 2172 Carthasiensem

483 2187 643 2225 Ordinem,
661 2190 836 2227 transitum,
859 2189 969 2232 absque
992 2189 1081 2222 Sedis
1103 2190 1182 2233 Apo-

479 2237 601 2270 stolicae
626 2237 747 2270 licentia
769 2238 904 2281 speciali,
927 2238 1079 2271 interdicit
1102 2239 1157 2279 (l).

700 2314 913 2345 SUMMARIUM

433 2377 458 2404 1.
474 2375 615 2405 Ordiuum
641 2375 868 2406 Mendicautium
889 2377 1034 2416 professis
1054 2378 1088 2407 ad
1110 2378 1184 2407 alios

471 2418 607 2454 Ordines,
622 2419 825 2450 Cartliusiensi
845 2426 973 2460 excepto,
986 2422 1109 2451 transire
1122 2431 1186 2461 pro-

474 2464 563 2493 hibet.
579 2481 617 2486 -—
632 2465 658 2493 02.
676 2464 767 2494 Secus
785 2471 845 2495 acta
864 2467 966 2496 irritat.
982 2483 1021 2488 —
1036 2467 1063 2495 3⁴
1079 2466 1186 2502 Quem-

474 2517 531 2546 que
561 2509 588 2538 in
612 2509 723 2541 ordine,
743 2511 771 2538 in
795 2520 853 2549 quo
872 2520 973 2539 novam
999 2511 1097 2540 emisit
1121 2520 1187 2549 pro-

476 2552 635 2581 fessionem
669 2558 746 2582 stare
779 2555 931 2593 praecipit.
966 2571 1003 2576 -
1031 2555 1059 2584 4.
1093 2554 1186 2592 Vagos

477 2601 572 2625 autem
596 2597 630 2626 ad
663 2607 744 2626 suain
770 2598 942 2635 religionem
967 2598 1027 2628 vult
1045 2607 1186 2628 remeare.

473 2657 512 2691 (t)
528 2657 566 2683 Ex
585 2658 688 2692 Regest.
707 2659 732 2685 in
754 2659 863 2685 Archiv.
883 2660 968 2686 Vatic.

1022 295 1205 317 ttt'tJAtttt'M
1236 293 1395 315 ROMANUM

1985 296 2023 318 Αιι
2053 291 2081 315 C.
2099 289 2165 316 lltlss

1257 364 1292 367 —
1316 347 1342 373 ἴ).
1363 345 1443 374 lluuc
1467 353 1533 372 vero
1554 343 1709 373 transitum
1731 344 1792 373 sieri
1818 344 1845 373 in
1867 349 1966 381 poste-

1256 400 1319 420 ruin
1345 394 1428 418 vetut.
1450 405 1488 410 —
1514 389 1541 416 o.
1564 388 1755 417 Obstantibus
1774 389 1903 425 derogat.
1930 405 1969 410 -

1258 435 1282 463 7.
1306 433 1474 462 tllausulae.

1261 512 1396 541 Martinus
1415 511 1557 546 episcopus
1578 517 1674 539 servus
1700 517 1839 539 servorum
1862 511 1923 544 Dei.

1351 561 1384 588 ad
1418 560 1577 594 perpetuam
1597 559 1637 588 rei
1667 559 1834 587 memoriam.

1265 638 1285 680 ,Ε
1313 639 1340 669 l.
1372 635 1461 668 Viam
1491 634 1675 669 ambitiosae
1704 634 1866 681 cupiditati
1896 634 1969 668 reli·
1996 649 2170 670 ‹minumum-

1217 680 1325 731 giosis,
1349 684 1513 731 potissime
1533 683 1801 724 Mendicantibus,
1826 683 1968 730 praeclu-
1984 681 2097 732 ῨΙῚῘΪΪἭ
2117 685 2170 732 ξῇζζ

1218 735 1292 768 dere
1314 734 1490 780 cupientes,
1513 732 1549 765 ad
1573 733 1651 767 alios
1672 731 1809 767 Ordines
1832 729 2171 779 praeser-ssiri-urzstvum-

1218 784 1272 817 tim
1307 782 1508 819 monasticos,
1532 781 1644 816 fucatis
1672 789 1775 815 tamen
1799 781 1967 825 coloribus,
1985 778 2173 830 s,'f‡‚¹}f,¹,.,‘'‘''‚'fss',¹„⁰ss

1218 831 1447 870 asserentibus,
1464 830 1503 864 ob
1522 829 1644 876 frugem
1666 831 1805 865 melioris
1824 831 1902 865 vitae
1919 842 1969 865 aut
1987 835 2027 854 ¹³⁸¹·

1218 881 1362 915 arctioris
1392 880 1623 922 observantiae,
1646 887 1708 914 tam
1733 880 1841 914 Sancti
1866 880 1971 914 Bene-

1218 930 1305 968 dicti,
1331 942 1425 975 quam
1449 928 1683 972 Cisterciensis,
1704 928 1971 973 Camaldulensis,

1219 979 1317 1013 Vallis
1345 978 1532 1016 Umbros-ae,
1558 978 1792 1012 Canonicorum
1825 977 1973 1023 Regula—

1219 1028 1298 1061 rium
1335 1027 1442 1062 Sancti
1478 1027 1648 1073 Augustini
1671 1028 1717 1062 vet
1741 1027 1873 1062 aliorum
1903 1040 1972 1061 nn»-

1221 1077 1413 1110 nasticorum
1434 1075 1590 1110 Ordinum
1607 1076 1778 1110 convolare
1798 1076 1972 1110 nitentibus

1220 1125 1377 1159 licentiam
1404 1137 1419 1159 a
1442 1124 1527 1159 Sede
1555 1125 1735 1170 Apostolica
1768 1137 1823 1158 seu
1860 1124 1973 1170 legatis

1219 1182 1271 1208 aut
1294 1175 1411 1208 nuntiis
1425 1173 1568 1208 eiusdem
1584 1173 1678 1208 Sedis
1701 1174 1738 1208 de
1754 1173 1972 1208 transferendo

1220 1235 1253 1258 se
1277 1236 1293 1257 a
1317 1223 1567 1257 Mendicantium
1591 1222 1779 1262 OrdinibuS,
1798 1235 1832 1257 ea
1851 1223 1973 1257 ratione

1220 1272 1418 1319 praesertim,
1455 1279 1487 1305 ut
1515 1272 1741 1316 verisimiliter,
1772 1279 1866 1319 prout
1900 1272 1972 1306 farti

1219 1321 1375 1356 evidentia
1398 1321 1502 1359 docet,
1520 1330 1566 1356 est
1587 1320 1776 1368 putandum,
1799 1320 1882 1366 quod
1900 1320 1974 1355 libe-

1220 1371 1284 1404 rius
1319 1370 1458 1415 degant,
1482 1370 1718 1416 dignitatesque
1753 1378 1783 1404 et
1820 1370 1972 1404 beneficia

1221 1420 1394 1454 monastica
1422 1420 1575 1466 consequi
1601 1419 1733 1459 valeant,
1761 1426 1789 1454 et
1813 1431 1849 1453 ex
1881 1421 1975 1454 certis

1220 1469 1289 1503 aliis
1311 1469 1415 1502 causis
1448 1468 1604 1503 honestati
1630 1481 1692 1502 non
1720 1469 1869 1503 consonis
1891 1469 1975 1503 obti-

1221 1517 1380 1557 nentibus,
1404 1529 1440 1551 ac
1462 1517 1605 1551 volentes
1632 1517 1861 1552 conservationi
1882 1518 1975 1552 Ordi-

1221 1579 1296 1600 num
1322 1566 1571 1600 Mendicantiurn
1595 1568 1689 1600 etiarn
1715 1567 1893 1613 providere,
1917 1579 1976 1601 au-

1221 1616 1360 1649 ctoritate
1383 1616 1566 1661 apostolica,
1589 1628 1625 1649 ex
1648 1623 1730 1650 certa
1758 1617 1900 1656 scientia,
1928 1624 1976 1649 te-

1222 1676 1297 1698 nore
1328 1664 1540 1710 praesentium
1572 1664 1769 1699 declaramus
1796 1677 1832 1699 ac
1859 1665 1976 1699 decer—

1222 1714 1340 1752 nimus,
1364 1721 1536 1747 statuentes
1558 1713 1642 1759 quod
1667 1713 1706 1748 de
1725 1721 1849 1748 caetero
1869 1714 1976 1749 nullus

1222 1763 1387 1808 religiosus
1431 1762 1469 1796 de
1508 1762 1682 1797 Ordinibus
1726 1763 1974 1798 Mendicantium

1222 1823 1508 1859 quorumcumque,
1529 1812 1758 1859 cuiuscumque
1776 1820 1889 1855 status,
1904 1825 1977 1847 con-

1222 1860 1348 1895 ditionis
1379 1861 1424 1895 vel
1457 1860 1618 1907 religionis
1644 1861 1772 1903 existat,
1798 1863 1978 1908 quomodo-

1222 1922 1360 1956 cumque
1399 1918 1453 1944 aut
1488 1910 1760 1958 qualitercumque
1797 1912 1895 1958 possit
1932 1913 1976 1945 vel

1222 1959 1347 2002 debeat,
1370 1960 1482 1994 virtute
1509 1960 1738 2007 cuiuscumque
1766 1960 1912 1996 licentiae
1942 1973 1978 1995 ac

1225 2008 1339 2043 indulti
1360 2008 1537 2055 apostolici,
1552 2021 1607 2044 seu
1624 2009 1891 2045 Poenitentiariae
1915 2023 1978 2044 no-

1223 2066 1305 2092 strae
1327 2069 1434 2092 curam
1462 2059 1613 2104 gerentis,
1635 2059 1682 2093 vel
1705 2059 1762 2093 alia
1785 2059 1894 2106 quavis
1916 2072 1979 2094 au-

1224 2108 1366 2141 ctoritate
1401 2107 1556 2142 hactenus
1583 2108 1677 2143 etiam
1703 2120 1757 2154 per
1780 2108 1880 2144 bullas
1902 2121 1980 2156 apo-

1225 2157 1351 2191 stolicas
1374 2156 1558 2191 facultatum
1583 2158 1783 2204 quarmnvis,
1808 2167 1868 2192 tam
1894 2159 1980 2204 lega-

1227 2214 1329 2240 torum
1353 2213 1383 2239 et
1406 2206 1587 2241 nuntiorum
1611 2206 1704 2241 Sedis
1724 2207 1899 2253 praefatae,
1924 2220 1979 2242 nec

1228 2267 1290 2289 non
1315 2255 1581 2290 poenitentiariae
1610 2255 1792 2291 huiusmodi
1818 2268 1874 2303 pro
1898 2266 1979 2292 teni-

1228 2316 1302 2351 pore
1325 2316 1432 2338 curam
1456 2305 1607 2350 gerentis,
1631 2317 1725 2352 quam
1741 2305 1873 2340 aliorum
1899 2319 1980 2353 quo-

1232 2366 1468 2400 rumcumque⁷
1500 2354 1559 2389 sub
1594 2354 1707 2400 quavis
1744 2362 1898 2401 potestate
1930 2365 1980 2390 aui

1227 2403 1425 2442 auctoritate,
1449 2404 1585 2437 maxime
1608 2404 1647 2438 de
1671 2404 1897 2438 transferendis
1921 2404 1983 2438 fra-

1229 2451 1328 2485 tribus
1357 2460 1409 2486 aut
1436 2452 1597 2499 aliquibus
1621 2453 1802 2498 praesertim
1823 2452 1980 2487 Ordinuin

1229 2499 1476 2535 Mendicantinin
1499 2501 1731 2548 professoribus
1752 2502 1782 2535 in
1799 2514 1915 2547 genere
1935 2503 1982 2536 rel

1230 2550 1260 2582 in
1285 2549 1389 2595 specie
1418 2550 1456 2584 ab
1481 2550 1658 2585 Ordinibus
1681 2551 1863 2586 huiusmodi
1891 2552 1982 2586 Men-

1230 2598 1403 2632 dicantiuni
1421 2599 1458 2634 ad
1480 2600 1682 2641 monasticos,
1705 2600 1764 2634 sub
1783 2613 1983 2648 quacumque

1231 2647 1400 2682 verborum
1429 2649 1634 2695 conceptione
1653 2658 1839 2696 appareant.
1862 2649 1982 2684 admitti
