2274 3265
201 250 248 282 An.
267 249 296 275 C.
313 247 377 276 ¹297

216 1547 239 1568 ῐι
250 1550 269 1567 iu
285 1547 385 1566 abbatiam

204 1580 274 1604 erigit:

221 2350 283 2377 Eique
301 2351 344 2370 unit
356 2350 393 2369 bo-

214 2382 298 2407 spitate.

450 239 514 270 144

396 312 458 337 tera
481 302 682 349 sullragaute,
718 302 788 337 linis
825 302 999 357 pi·;aedictie
1039 303 1142 350 impo-

396 360 522 387 neretur
548 351 734 392 discordiae,
756 364 791 386 ac
814 352 859 387 via
887 351 1037 400 deinceps
1053 365 1142 398 prae-

396 401 484 436 tactis
504 400 743 436 discriminibus
766 402 934 446 tolleretur
951 402 990 437 de
1013 403 1140 437 fratrum

396 460 572 486 nostrorum
595 451 727 486 consilio
749 459 777 486 et
799 463 928 487 assensu
948 452 1141 499 praedictum

397 500 566 547 prioratum
595 513 665 535 cum
690 501 837 536 omnibus
860 501 1022 542 Ecclesiis,
1045 514 1144 536 mem-

396 550 470 591 bris,
493 550 615 585 iuribus
642 559 671 585 et
700 551 895 598 pertinentiis
916 552 982 586 suis
1004 552 1143 585 existen-

395 599 479 634 tibus
503 600 695 648 ubicumque
731 600 770 635 ab
800 602 884 636 omni
921 601 1074 648 spirituali
1115 609 1143 635 et

396 649 558 697 temporali
573 659 735 697 potestate,
751 651 979 694 iurisdictione,
994 650 1144 690 dominio,

395 698 604 740 subiectione,
632 700 710 739 iure,
738 700 915 735 obedientia
944 709 972 734 et
1005 700 1144 746 disposi-

397 750 480 784 tione
525 761 725 797 quacumque
768 750 917 797 praedicti
963 749 1143 784 monasterii

396 798 514 833 Montis
535 799 675 839 Maioris,
704 811 760 833 nec
782 812 843 834 non
867 800 986 834 abbatis
1013 807 1044 834 et
1070 812 1145 834 cou-

397 857 518 892 ventus‚
546 856 576 882 et
604 861 808 895 personarum
832 849 988 892 eiusdem,
1003 848 1042 883 de
1063 848 1146 895 Apo-

396 898 523 932 stolicae
544 897 639 933 Sedis
663 898 859 944 plenitudine
888 898 1059 953 potestatis,
1083 910 1146 932 om-

397 947 471 981 nino
493 946 642 981 duximus
669 947 884 991 eximendum,
908 948 1076 995 ipsumque
1109 947 1146 981 ab

396 997 442 1030 vis
467 996 670 1031 decernimus
697 1008 765 1031 esse
792 975 925 1031 liberiim
956 997 1080 1044 penitus
1117 1005 1147 1030 et

396 1053 590 1092 exemptum
619 1046 768 1092 priorem,
793 1058 942 1082 monacos
964 1054 992 1081 et
1021 1058 1149 1081 conver-

397 1107 459 1139 sos⁷
486 1103 517 1129 et
543 1095 619 1130 alios
637 1107 858 1143 quoscumque
886 1096 910 1131 si
934 1097 987 1144 qui
1011 1096 1146 1131 existant

398 1145 519 1191 inipso
546 1145 683 1192 prioratu
721 1158 776 1192 per
814 1146 957 1181 abbatem
999 1154 1029 1180 et
1069 1158 1148 1181 eon-

399 1202 525 1228 ventum
548 1194 690 1234 eosdem,
720 1195 765 1229 vel
789 1207 897 1230 eorum
923 1195 1068 1230 mandato
1091 1208 1145 1230 seu

397 1244 580 1279 auctoritate
599 1256 654 1292 per
690 1244 768 1279 alios
807 1245 935 1281 forsitan
980 1246 1148 1292 deputatos

397 1293 436 1327 ab
455 1305 492 1328 eo
510 1294 646 1329 totaliter
667 1294 889 1335 amovendum,
904 1296 1014 1342 eisque
1037 1295 1144 1342 priori⁷

398 1343 537 1378 monacis
568 1353 596 1378 et
620 1344 779 1378 conversis
807 1345 1086 1392 praecipiendum,
1117 1353 1149 1379 ut

398 1392 436 1427 ad
463 1392 582 1427 dietum
609 1394 834 1428 monasterium
859 1395 961 1430 redire
993 1402 1149 1438 curarent,

400 1442 472 1477 inibi
504 1442 640 1477 Domino
666 1443 821 1478 servituri.

448 1496 463 1535 ξ
491 1495 522 1527 5.
546 1492 586 1527 Et
612 1493 687 1540 quia
711 1493 880 1540 prioratum
904 1493 1052 1529 eumdem
1077 1506 1151 1541 pro-

402 1549 470 1589 pter
497 1542 594 1589 ipsius
612 1542 649 1577 B.
674 1543 802 1577 Antonii
839 1544 1059 1587 reverentiam,
1094 1556 1152 1578 cu-

403 1593 450 1625 ius
472 1591 605 1638 gloriosa
635 1593 747 1627 merita
791 1605 846 1640 per
885 1595 1046 1628 universas
1091 1593 1152 1627 Ec-

401 1641 513 1676 elesias
540 1641 568 1676 in
605 1642 699 1677 liuius
733 1641 828 1677 Orbis
867 1642 1033 1678 latitudine
1069 1655 1153 1677 con-

401 1692 524 1726 stitutas
545 1691 743 1726 manifestius
765 1692 978 1737 innotescunt,
1000 1693 1153 1739 cuiusque

401 1753 528 1789 eorpus,
547 1741 630 1775 sicut
657 1741 736 1776 sama
759 1741 893 1778 celebris
916 1743 999 1777 misit
1022 1743 1058 1777 ad
1096 1755 1155 1789 po-

402 1799 514 1835 steros⁷
542 1799 572 1826 et
596 1791 773 1836 innumera,
802 1805 882 1839 quae
918 1805 972 1840 per
1006 1792 1153 1827 eumdem

403 1840 556 1876 Sanctum
584 1840 700 1876 ibidem
723 1841 881 1877 Dominus
921 1842 1069 1878 miracula
1106 1843 1155 1876 iu-

404 1892 485 1938 giler
517 1899 676 1946 operatur,
709 1899 854 1947 patenter
898 1892 1080 1936 ostendunt,
1125 1893 1153 1926 in

405 1941 541 1988 prioratu
566 1941 634 1988 ipso
663 1941 806 1988 quiescit
849 1941 1015 1989 condignis
1054 1942 1155 1976 efferri

406 1990 589 2030 bonoribus
614 2002 675 2024 non
701 1999 761 2025 tam
790 1990 935 2038 dignum,
968 2004 1062 2039 quarn
1100 1991 1157 2026 de-

406 2041 506 2075 bitum
527 2040 756 2095 existimantes,
780 2042 954 2087 prioratum
988 2043 1091 2088 ipsum
1126 2041 1156 2076 in

406 2089 563 2125 abbatiam
591 2090 759 2130 ereximus
777 2090 815 2124 de
833 2090 1064 2138 praedictorum
1094 2091 1158 2125 fra-

408 2150 489 2174 trum
513 2139 657 2183 consilio⁷
705 2148 735 2174 et
777 2140 918 2175 eiusdem
960 2140 1158 2188 plenitudine

408 2190 582 2237 potestatis,
617 2197 702 2224 certo
733 2190 958 2225 canonicorum
995 2203 1049 2225 seu
1091 2190 1158 2224 sra-

409 2250 489 2275 trum
515 2239 589 2274 inibi
614 2251 748 2274 numero
771 2240 954 2275 constituto.

457 2291 523 2333 §4
542 2289 589 2324 Ac
617 2297 649 2323 ut
677 2289 884 2325 dissensionis
906 2298 936 2325 et
973 2290 1160 2325 aemulatio-

411 2340 458 2374 nis
482 2339 648 2375 cuiuslibet
672 2339 796 2374 occasio
819 2340 891 2375 inde
927 2340 1160 2388 praecideretur

411 2390 550 2430 omnino,
574 2389 765 2436 praedictum
786 2389 940 2437 hospitale
962 2402 1032 2425 eum
1061 2390 1159 2425 omni-

412 2440 469 2473 bus
488 2439 639 2475 membris
653 2440 730 2484 suis,
754 2440 783 2473 in
803 2439 1057 2487 quibuscumque
1070 2453 1162 2474 muu-

411 2489 441 2523 di
470 2489 612 2536 partibus
639 2489 827 2533 constitutis,
853 2502 1027 2537 eorumque
1061 2490 1161 2537 perti-

413 2539 526 2573 nentiis
559 2548 587 2573 et
627 2540 771 2581 iuribus,
806 2539 864 2587 ipsi
893 2540 1088 2574 subiecimus
1132 2548 1159 2573 et

415 2589 572 2624 univimus
594 2589 747 2624 abbatiae.

461 2642 475 2681 ,ξ
502 2642 535 2674 5.
560 2640 751 2673 Auctoritate
774 2640 941 2686 apostoliea
975 2647 1160 2678 statuentes,

992 249 1175 270 nt't.1.Aftttt'tt
1206 249 1272 270 Bou
1277 249 1338 270 ANtt
1343 249 1365 270 Μ

1948 250 1996 276 An.
2015 249 2044 276 (ἶ.
2064 249 2128 275 1997

1184 311 1216 337 ut
1244 303 1357 338 locus
1351 314 1417 349 ipse
1440 303 1492 349 qui
1519 302 1675 348 prioratus
1698 303 1728 336 in
1756 309 1844 338 antea
1881 304 1932 339 di-
1962 311 2034 332 ΛΜΗ·
2060 310 2100 329 ¹⁰
2091 315 2129 336 2

1182 353 1322 394 celiatur
1343 352 1419 387 foret
1441 360 1471 386 et
1498 351 1708 399 appellaretur
1730 352 1769 388 de
1810 361 1932 389 caetero
1948 345 1980 393 ἓξ
1985 326 2132 393 ‚pisimmii'i'iff

1183 403 1317 443 abbatia,
1340 410 1369 436 et
1395 402 1413 436 ii
1442 402 1494 448 qui
1518 409 1687 449 praeesseut
1729 401 1845 445 eidem,
1874 416 1932 437 no·
1949 408 2018 432 vem

1184 465 1254 487 men
1299 464 1423 499 semper
1467 459 1495 485 et
1535 451 1717 496 dignitatem
1755 451 1934 487 obtinerent

1183 502 1314 542 abbatis,
1350 511 1377 536 et
1411 500 1563 537 abbatiam
1607 502 1705 548 ipsam
1739 514 1775 536 ac
1815 501 1934 537 dietum

1185 552 1336 598 hospitale
1366 552 1423 586 sibi
1470 551 1591 586 unitum
1640 551 1734 585 simul
1775 552 1935 598 perpetuis

1185 601 1298 636 suturis
1321 601 1531 649 temporibus,
1554 601 1781 636 constitutione
1799 602 1844 636 vel
1861 613 1935 636 con-

1185 651 1352 686 suetudine
1379 651 1489 698 quavis
1513 663 1573 686 non
1603 651 1747 687 obstante
1770 652 1937 696 contraria,

1185 701 1408 746 gubernarent,
1438 714 1494 736 nec
1517 702 1656 748 magistri
1681 701 1727 736 vel
1756 701 1875 736 domini
1900 701 1938 736 de

1186 760 1320 791 caetero,
1343 750 1399 785 sed
1418 750 1554 786 abbates
1579 751 1758 786 monasterii
1800 752 1833 786 S.
1870 751 1939 786 An—

1187 800 1264 835 tonii
1289 799 1507 835 tantummodo
1530 801 1775 856 appellarentur.

1236 850 1256 893 g
1279 850 1310 883 6.
1339 849 1466 891 Quibus
1507 851 1645 885 universi
1684 850 1794 886 fratres
1829 851 1939 898 bospi—

1187 899 1258 933 talis
1293 906 1323 932 et
1366 898 1580 933 membrorum
1616 900 1825 944 eorumdem,
1859 912 1939 948 quos

1187 948 1357 983 canonicos
1380 960 1436 982 seu
1465 947 1574 983 fratres
1596 949 1776 984 monasterii
1803 949 1837 985 S.
1878 950 1938 985 An-

1189 998 1263 1032 tonii
1293 997 1437 1032 volumus
1472 996 1511 1032 de
1533 1006 1655 1033 caetero
1679 999 1865 1046 nuncupari,
1883 1012 1939 1046 pa-

1189 1054 1291 1082 rerent
1330 1046 1491 1082 humiliter
1527 1047 1555 1081 in
1587 1047 1734 1083 omnibus
1773 1056 1804 1082 et
1836 1048 1941 1084 inten-

1189 1097 1312 1132 derent.

1237 1149 1308 1189 57.
1331 1146 1489 1193 Quodque
1533 1146 1563 1180 in
1596 1145 1708 1181 eodem
1752 1148 1942 1182 monasterio
1972 1157 2005 1178 Eis
2048 1157 2139 1192 rezulein

1189 1195 1222 1230 S.
1246 1196 1388 1240 Antonii,
1411 1204 1440 1230 et
1465 1195 1622 1242 hospitali,
1651 1208 1685 1230 ac
1714 1196 1866 1231 membris
1885 1197 1944 1232 eis-
1957 1189 1990 1240 εἲ
2006 1188 2019 1209 ³
2043 1190 2141 1214 'Qum

1190 1246 1273 1284 dem,
1296 1246 1333 1280 Β.
1357 1245 1525 1292 Augustini
1554 1244 1660 1292 regula
1689 1255 1878 1287 servaretur,
1914 1255 1944 1281 et

1190 1295 1365 1331 secundum
1399 1307 1466 1329 earn
1503 1294 1577 1329 dieti
1613 1294 1710 1330 abbas
1743 1304 1773 1331 et
1800 1296 1942 1331 canonici

1190 1358 1243 1380 seu
1268 1345 1377 1380 fratres
1401 1353 1555 1392 perpetuo
1579 1345 1681 1379 vivere
1704 1354 1897 1381 tenerentur.

1239 1396 1308 1438 §8.
1332 1395 1480 1430 Habitum
1496 1407 1569 1430 vero
1592 1407 1663 1429 cum
1695 1395 1836 1442 signoT‚
1858 1395 1942 1443 quod

1193 1445 1364 1491 potentiam
1414 1452 1536 1486 ιοοιιιιῐ
1579 1445 1610 1479 in
1651 1444 1802 1480 bonorem
1844 1445 1945 1501 ipsius

1193 1494 1228 1528 Β.
1257 1494 1385 1530 Antonii
1414 1503 1474 1529 tam
1516 1494 1624 1535 abbas⁷
1662 1507 1755 1542 quam
1798 1495 1941 1530 canonici

1192 1557 1246 1579 seu
1274 1544 1382 1579 fratres
1419 1543 1571 1591 praefati,
1600 1544 1684 1579 iuxta
1715 1556 1832 1579 morem
1866 1545 1945 1580 soli-

1194 1603 1258 1629 tum
1283 1594 1382 1641 ipsius
1410 1593 1586 1641 hospitalis,
1609 1606 1737 1641 semper
1773 1604 1803 1630 et
1827 1594 1945 1642 ubique

1196 1652 1367 1692 portarent.

1243 1698 1257 1737 §
1279 1698 1311 1728 9.
1340 1694 1446 1741 Ipsum
1475 1705 1602 1740 quoque
1623 1694 1847 1728 monasterium
1871 1706 1943 1728 eum

1195 1743 1342 1790 hospitali
1365 1743 1535 1790 praedicto
1559 1751 1589 1778 et
1612 1743 1760 1778 omnibus
1784 1743 1945 1785 membris,

1196 1793 1346 1828 aelionis
1374 1794 1439 1828 suis
1481 1793 1689 1828 existentibus
1728 1793 1946 1840 ubicumque

1196 1852 1226 1878 et
1249 1842 1406 1888 abbatem,
1435 1842 1605 1878 canonicos
1637 1855 1690 1878 seu
1716 1843 1824 1878 fratres
1860 1844 1947 1878 eius-

1196 1893 1267 1927 dem
1297 1906 1381 1928 nunc
1405 1900 1587 1940 praesentes
1609 1901 1702 1940 atque
1737 1892 1872 1937 futuros,
1911 1894 1949 1927 ab

1197 1943 1283 1977 omni
1314 1942 1532 1977 iurisdictione
1555 1954 1590 1977 ae
1624 1942 1766 1977 dominio
1798 1941 1952 1989 arehiepi-

1197 1993 1297 2040 scopi
1322 1992 1463 2040 episcopi
1487 2001 1516 2026 et
1544 1992 1692 2027 ordinarii
1716 1992 1950 2039 cuiuscumque

1199 2055 1327 2077 omnino
1350 2042 1498 2077 (luximus
1525 2042 1703 2077 eximenda
1735 2041 1951 2076 Decernentes

1199 2104 1233 2127 ea
1255 2092 1361 2127 omnia
1388 2091 1567 2126 immediate
1595 2091 1653 2126 soli
1687 2091 1852 2126 dumtaxat
1891 2090 1952 2126 Ro-

1199 2154 1292 2176 mano
1315 2141 1460 2177 Pontifici
1485 2141 1661 2176 subiacere.

1248 2197 1263 2233 g*
1288 2193 1344 2226 to.
1375 2191 1414 2225 Et
1438 2191 1510 2238 quia
1534 2200 1598 2225 erat
1622 2191 1770 2238 aequitati
1785 2200 1815 2225 et
1838 2191 1949 2226 rationi

1199 2242 1404 2283 conveniens,
1423 2249 1454 2276 ut
1493 2241 1686 2288 praedictum
1724 2242 1948 2276 monasterium

1200 2291 1315 2325 Montis
1342 2290 1480 2332 Maioris,
1509 2291 1600 2325 nobis
1633 2299 1662 2325 et
1697 2290 1856 2326 Ecclesiae
1877 2290 1951 2325 Ro-

1201 2353 1310 2375 manae
1333 2341 1514 2375 immediate
1541 2340 1732 2383 subiectum,
1755 2350 1782 2375 et
1805 2341 1948 2376 abbatem

1201 2399 1230 2425 et
1252 2399 1442 2425 conventum
1472 2391 1612 2425 ciusdem
1646 2392 1692 2426 sie
1728 2390 1865 2438 benigno
1902 2404 1951 2425 re-

1201 2441 1396 2488 spiceremus
1443 2441 1580 2485 affectu,
1632 2441 1716 2489 quod
1767 2441 1926 2488 exemptio
1944 2469 1952 2484 ,

1201 2490 1317 2524 amotio
1343 2499 1369 2525 et
1399 2491 1468 2530 alia,
1492 2504 1571 2538 quae
1601 2492 1629 2526 in
1673 2492 1808 2525 favorem
1839 2503 1951 2525 mona-

1202 2541 1286 2574 sterii
1316 2540 1348 2575 S.
1378 2542 1504 2575 Antonii
1533 2550 1561 2575 et
1586 2541 1747 2588 hospitalis
1775 2540 1952 2588 praedicto-

1203 2602 1285 2631 rum,
1307 2598 1335 2624 et
1360 2599 1487 2638 propter
1506 2591 1622 2625 bonum
1647 2591 1732 2638 pacis
1754 2599 1784 2624 et
1820 2602 1953 2625 concor-

1203 2640 1272 2674 ‹liae
1299 2653 1354 2687 per
1378 2653 1434 2675 nos
1462 2642 1600 2676 ordinata
1624 2649 1724 2682 erant,
1748 2641 1777 2675 in
1813 2641 1950 2688 ipsorum

1967 862 1981 880 (ἰ
1984 868 2002 881 ιιι
2040 861 2138 881 obediunt

1954 892 2050 913 monachi

1972 1406 2000 1426 Η..
2004 1408 2068 1427 bitum
2098 1411 2143 1426 cum

1959 1444 2018 1463 tigno
2046 1436 2061 1457 T
2080 1441 2144 1463 prae-

1959 1470 2032 1491 scribit

1975 1704 2131 1726 Μαιιιιςιειίιιιιι,

1960 1736 2055 1755 abbatem
2068 1751 2072 1759 ,
2102 1737 2136 1754 ete

1960 1767 1999 1787 soli
2010 1764 2144 1787 sunnenno-

1960 1804 2020 1818 mano
2040 1797 2143 1817 Poutxttci.

1994 2202 2121 2222 >luna³texio

1965 2233 2041 2254 Montis
2065 2232 2147 2253 Maioris

1965 2267 1989 2286 de
2041 2272 2052 2284 n
2062 2265 2148 2285 innullis

1965 2300 2087 2323 rompensat
2110 2296 2149 2316 bo-

1965 2334 1995 2348 nis
