2274 3265
143 261 192 286 Αη.
211 261 239 285 tl.
258 261 324 286 ¹400

169 1154 197 1175 De
230 1155 326 1174 cusi-ntia

143 1186 230 1205 viarum.

161 2496 189 2518 Du
223 2497 333 2517 citationi-

340 314 410 357 sati,
438 321 539 348 rector
575 313 620 347 vel
649 313 796 348 olliciales
819 313 876 359 ipsi
901 323 1008 348 contra
1037 326 1093 347 cu—

340 363 447 397 stodes
469 371 522 397 aut
561 362 710 397 officiales
739 363 967 409 praedictarum
1003 374 1092 397 com-

341 412 528 447 munitatum
554 412 599 446 vel
622 412 750 446 alterius
780 424 900 451 earum,
920 410 1092 446 dummodo

341 462 452 496 rectori
477 461 523 495 vel
546 461 666 496 ossiciali
690 461 865 496 eonstiterit
892 460 1092 508 supradictis,

340 511 425 557 quod
440 511 621 546 carumdem
638 512 901 545 communitatum
916 518 946 544 et
960 510 1092 544 alicuius

342 573 478 607 ipsarum
515 560 664 594 custodes
694 560 738 594 vel
767 560 916 595 officiales
946 559 1092 597 existant,

341 610 542 656 aliquatenus
564 621 625 643 non
652 609 833 656 procedant.
853 609 885 644 Si
910 621 980 643 vero
1003 609 1092 655 quis-

342 660 422 705 piam
446 660 485 694 (le
507 659 619 706 quovis
646 658 760 693 delicto
782 659 904 693 delatus
926 658 962 692 ad
980 658 1093 693 decla-

341 708 474 742 randum
499 708 601 743 sorum
630 720 684 755 per
710 720 744 742 se
780 709 824 742 vel
855 721 908 755 per
938 720 1093 754 procura-

341 767 439 791 torem
455 758 674 804 exceptionem
699 768 848 803 opponat,
866 759 968 805 ipsum
992 757 1090 791 audiri

342 807 566 853 praecipimus,
590 815 682 853 prout
705 806 743 840 de
761 807 829 842 inre
842 807 937 842 suerit
959 806 1093 840 audien-

340 857 412 899 dus,
435 856 493 890 nisi
517 867 666 890 excessus
689 856 766 890 adeo
788 857 929 900 evidens,
945 864 1093 902 tantaque

340 918 430 939 rasus
457 905 630 939 enormitas
653 905 779 949 fuerint,
796 906 880 953 quod
905 905 990 940 aliud
1014 917 1094 939 sua-

340 954 427 989 (leret
461 953 651 988 faciendum.
676 953 833 989 Volumus
859 955 970 995 etiam,
1008 954 1093 1001 quod

341 1016 397 1051 pro
425 1003 539 1038 delicto
568 1003 620 1037 [ilii
651 1004 825 1050 portionem
855 1005 930 1038 iuris
965 1012 1094 1038 naturae

341 1052 478 1087 debitam
503 1060 590 1100 pater
605 1053 678 1087 dare
695 1060 815 1087 tantum
833 1062 862 1087 et
883 1066 943 1087 non
959 1053 1095 1099 amplius

343 1103 524 1143 retineatur,
548 1102 679 1149 ipsaque
704 1103 799 1149 patris
823 1103 886 1137 filio
910 1103 1092 1149 imputetur.

341 1151 523 1190 Caeterum,
551 1152 576 1184 si
605 1152 713 1186 civitas
737 1152 782 1186 vel
806 1160 941 1186 castrum
967 1152 1094 1198 provin-

341 1201 396 1235 ciae
408 1201 489 1235 cirea
505 1202 622 1234 viarum
640 1213 694 1235 seu
715 1209 879 1235 stratarum
907 1201 1094 1239 custodiam,

341 1250 589 1284 sollicitudinem
617 1249 763 1284 adhibeat
786 1250 980 1296 diligentem,
1004 1251 1096 1284 nolu-

342 1312 412 1333 mus
440 1299 489 1333 illa
526 1311 580 1346 per
615 1299 716 1346 ipsius
745 1300 923 1344 provinciae
958 1307 1096 1333 rectores

342 1349 387 1382 vel
416 1348 564 1383 officiales
588 1360 697 1382 eorum
722 1349 886 1382 occasione
910 1348 1094 1382 buiusmodi

340 1397 579 1452 quomodolibet
601 1398 770 1431 molestari.
791 1396 871 1431 Cum
895 1405 998 1430 autem
1021 1409 1095 1443 pro-

342 1448 461 1481 vinciae
478 1456 591 1483 rector
609 1446 844 1480 velofliciales
839 1446 938 1492 ipsius
961 1446 1096 1480 alicuius

342 1496 497 1543 recipiunt
517 1496 646 1542 pignora
670 1503 778 1529 contra
806 1507 899 1542 quem
927 1494 1095 1529 intendunt

342 1545 526 1591 procedere,
538 1545 666 1591 pignora
679 1544 789 1578 eadem
803 1544 839 1578 ad
855 1544 953 1591 ipsius
966 1545 1095 1578 rectoris

342 1594 523 1628 mandatum
548 1606 645 1641 penes
661 1593 809 1628 officiales
826 1594 943 1628 iuratos
962 1594 1096 1628 civitatis

343 1643 389 1676 vel
413 1645 529 1682 castri,
552 1644 644 1678 cuius
666 1652 712 1677 est
736 1643 836 1677 incola
879 1643 916 1683 is,
944 1643 1096 1677 adversus

341 1705 434 1739 quem
458 1695 572 1739 agitur,
594 1693 709 1740 deponi
729 1692 876 1727 volumus
890 1693 1095 1727 custodienda

343 1755 397 1788 per
424 1755 489 1782 eos,
514 1755 551 1776 ne
576 1742 626 1776 illa
648 1742 778 1776 distrahi
818 1743 862 1776 vel
891 1742 989 1776 amitti
1017 1754 1096 1777 cou-

343 1792 453 1837 tingat:
475 1792 533 1826 nisi
556 1792 657 1826 forsan
683 1804 832 1826 excessus
854 1792 1026 1826 enormitas
1049 1791 1095 1825 vel

341 1841 475 1887 qualitas
497 1841 712 1887 delinquentis
734 1841 817 1875 aliud
843 1841 907 1875 fieri
931 1840 1095 1875 suaderet:

342 1891 520 1924 citationem
545 1902 616 1924 vero
631 1890 667 1923 ad
686 1889 819 1924 bancum
838 1890 968 1924 rectoris
985 1890 1095 1924 saetam

343 1939 463 1973 nullius
485 1952 554 1973 esse
578 1939 689 1973 valoris
717 1939 862 1973 volumus
898 1939 943 1972 vel
968 1939 1096 1984 vigoris,

343 1988 395 2022 sed
428 2002 482 2036 per
504 1989 576 2022 inde
600 1988 762 2028 habeatur,
785 2000 821 2022 ac
843 1989 868 2022 si
893 1988 970 2022 sacta
994 1988 1097 2021 nnlla-

344 2047 436 2072 tenus
459 2039 624 2072 extitisset.
648 2038 754 2084 Super
782 2038 862 2072 sarto
895 2045 998 2071 autem
1026 2049 1098 2083 gra-

342 2087 425 2121 sciae
452 2087 489 2121 ad
518 2087 620 2121 locum
645 2087 674 2120 in
697 2087 871 2121 Romanam
887 2086 1034 2129 Curiam,
1050 2086 1097 2120 vel

344 2136 394 2170 ubi
412 2145 563 2171 rectorem
579 2137 680 2183 ipsum
694 2137 807 2170 morari
822 2136 1098 2181 con'tige1·it‚del‘e-

343 2186 471 2226 rendae,
489 2199 526 2220 ne
547 2186 631 2220 fraus
653 2194 702 2219 aut
724 2186 816 2219 dolus
836 2186 866 2219 in
883 2185 942 2219 boc
956 2185 1098 2219 vendicet

344 2235 404 2269 sibi
428 2235 548 2278 locum,
572 2235 736 2281 providere
772 2234 976 2279 intendimus,
1006 2243 1097 2281 prout

345 2284 518 2319 viderimus
530 2284 689 2331 expedire,
704 2285 844 2318 volentes
859 2285 991 2318 omnino
1013 2284 1096 2331 quod

345 2334 418 2380 ‹rpiis
443 2346 499 2380 pro
522 2334 627 2380 aliquo
650 2334 764 2368 delicto
781 2341 984 2368 turonensem
1000 2346 1096 2367 unum

346 2392 528 2428 argenteum
558 2392 702 2417 teneatur
729 2383 850 2417 solvere
877 2383 1009 2426 citatori,
1041 2382 1096 2416 sed

348 2434 377 2466 in
403 2433 461 2467 boc
489 2433 685 2467 consuetudo
712 2441 854 2466 servetur
886 2432 1025 2478 antiqua.
1050 2432 1096 2466 Ad

349 2483 424 2516 baec
447 2494 542 2528 super
564 2482 699 2516 citandis
733 2482 919 2515 mulieribus
946 2481 983 2515 ad
1008 2482 1100 2515 testi-

349 2532 489 2565 monium
520 2531 749 2578 perhibendum
779 2531 824 2564 vel
849 2531 885 2564 ad
911 2531 1100 2577 responden-

347 2582 422 2614 dum
447 2593 543 2627 super
572 2580 787 2626 inquisitionis
825 2592 861 2614 ac
887 2581 1100 2614 accusationis

349 2630 482 2677 negocio
525 2630 782 2664 constitutionem
826 2638 961 2664 nostram
976 2657 985 2673 ,
1019 2641 1101 2676 quae

953 257 1143 281 noNtFAClus
1167 257 1200 279 tx
1225 257 1272 279 ΙῚ).

1766 249 1829 279 631

1534 312 1746 360 praecipimus
1768 313 1886 348 obser-

1137 362 1210 401 vati
1234 374 1269 396 ac
1292 363 1430 396 notirios
1459 362 1624 408 utriusque
1653 362 1782 397 rectoris
1809 374 1887 397 cou-

1136 419 1238 446 tentos
1266 424 1334 445 esse
1361 411 1590 458 scripturarum
1618 424 1747 446 suarum
1776 411 1888 447 salario

1135 469 1298 495 consueto.
1316 460 1349 494 Si
1365 461 1435 507 quis
1453 470 1556 495 autem
1574 474 1630 507 pro
1646 461 1758 507 quovis
1774 461 1888 496 delicto

1134 510 1259 553 citatus,
1279 523 1333 557 per
1348 522 1380 544 se
1401 509 1445 543 vel
1471 522 1526 556 per
1542 519 1776 557 procuratorem
1800 523 1889 545 com-

1136 569 1270 605 pareret,
1283 567 1313 593 et
1326 560 1367 594 rei
1385 559 1474 594 fictae
1490 559 1536 593 vel
1551 559 1703 593 iudicatae
1719 560 1889 595 solutionis

1135 617 1189 642 ant
1212 608 1431 643 transactionis
1454 609 1672 654 exceptionem
1695 617 1847 656 opponat
1862 610 1887 642 si

1135 658 1192 692 de
1186 671 1252 705 ipsa
1270 658 1446 693 constiterit
1462 657 1667 712 respondere,
1682 670 1742 692 non
1761 667 1891 704 cogatur

1136 708 1275 742 invitus:
1305 708 1471 763 pecuniam
1496 707 1638 754 insuper,
1661 719 1740 754 quae
1764 708 1890 751 citatus,

1135 758 1199 792 sive
1227 758 1362 792 clericus
1384 757 1494 792 existat
1529 764 1583 790 aut
1610 756 1720 800 laicus,
1743 757 1795 803 qui
1820 757 1893 791 [ide-

1137 808 1461 854 iussores,antequam
1478 806 1650 846 recederet,
1664 806 1751 840 iuxta
1767 806 1893 841 manda-

1137 865 1201 891 tum
1226 857 1286 891 sibi
1310 857 1425 891 factum
1443 855 1667 902 exliibuit,per
1687 856 1891 902 portatarinm

1137 907 1183 940 vel
1209 907 1424 953 personarium
1444 905 1573 940 rectoris
1594 905 1735 940 eiusdem
1761 917 1816 951 pro
1845 906 1893 939 in-

1138 956 1229 991 troitu
1260 955 1305 990 vel
1343 968 1473 1002 egressu
1511 955 1654 1000 exigatur
1697 966 1731 989 ac
1780 955 1804 988 si
1841 954 1893 988 ci-

1138 1014 1221 1040 tatus
1256 1005 1375 1052 ipsein
1406 1003 1614 1050 compedibus
1649 1003 1814 1048 extitisset,
1839 1003 1894 1038 ul-

1138 1055 1235 1089 terius
1257 1055 1336 1101 exigi
1361 1054 1579 1101 probibemus.
1599 1052 1763 1088 Praeterea
1782 1053 1807 1088 si
1827 1052 1894 1087 cle,-

1138 1104 1222 1138 ricus
1240 1116 1343 1139 coram
1368 1103 1522 1150 spirituali
1540 1102 1587 1136 vel
1601 1103 1755 1137 saeculari
1779 1103 1893 1137 citatus

1139 1153 1243 1188 iudice
1262 1154 1299 1187 ad
1325 1161 1445 1200 portam
1465 1152 1613 1187 Roccbae
1635 1151 1798 1187 cultellum
1828 1152 1893 1186 vult

1140 1214 1266 1248 ponere,
1295 1212 1328 1237 ut
1364 1210 1411 1237 est
1434 1214 1541 1246 moris,
1578 1202 1765 1247 portatarius
1800 1213 1894 1236 causa

1138 1251 1328 1286 custodiae
1323 1263 1428 1298 ipsum
1454 1251 1541 1297 petit,
1557 1259 1587 1285 et
1616 1259 1776 1297 receptum
1800 1251 1894 1306 spiri-

1139 1301 1210 1334 tuali
1240 1300 1340 1335 defert
1362 1300 1478 1338 eidem,
1500 1301 1553 1347 qui
1587 1300 1703 1334 clerico
1732 1300 1893 1347 praecipit

1140 1357 1172 1383 ut
1200 1350 1343 1395 vaginam
1381 1348 1527 1395 praebeat
1563 1349 1728 1389 deserenti,
1762 1361 1838 1383 eum
1862 1362 1892 1383 m

1138 1398 1344 1444 quadraginta
1372 1397 1483 1431 solidis
1506 1405 1649 1432 monetae
1671 1399 1829 1432 currentis
1845 1398 1894 1431 ni-

1141 1447 1311 1482 bilominus
1329 1446 1583 1489 condemnando,
1607 1447 1743 1493 receptis
1766 1455 1894 1494 propter

1140 1496 1199 1531 boc
1219 1496 1458 1531 fideiussoribus
1473 1496 1512 1530 ab
1528 1496 1652 1536 eodcm;
1667 1505 1697 1531 et
1715 1508 1786 1530 cum
1807 1496 1894 1530 cleri-

1138 1558 1194 1580 cus
1214 1546 1279 1592 ipse
1308 1547 1401 1580 instat
1423 1545 1459 1579 ad
1487 1546 1634 1588 reditum,
1658 1545 1740 1580 idem
1758 1553 1896 1592 portata-

1140 1596 1204 1629 rius
1230 1595 1269 1630 ab
1297 1596 1365 1642 ipso
1388 1595 1536 1629 salarium
1565 1595 1661 1640 exigit
1690 1608 1746 1642 pro
1774 1594 1892 1629 cultelli

1138 1644 1282 1679 custodia
1305 1644 1482 1684 memorati,
1506 1656 1596 1691 qnae,
1620 1652 1727 1691 utpote
1750 1644 1893 1684 insolita,

1141 1706 1302 1741 nunquam
1340 1694 1378 1728 de
1413 1701 1536 1728 caetero
1571 1693 1636 1727 lieri
1672 1693 1890 1740 probibemus.

1140 1743 1238 1779 Porro
1264 1743 1445 1790 spirituales
1472 1752 1502 1778 et
1529 1743 1706 1777 saeculares
1734 1751 1892 1777 rectorum

1140 1795 1277 1839 ipsorum
1293 1792 1413 1826 indices
1431 1792 1607 1826 volentibus
1618 1792 1655 1826 ad
1672 1792 1788 1827 Sedem
1806 1792 1894 1839 Apo-

1140 1842 1281 1877 stolicam
1305 1842 1475 1889 appellare,
1498 1854 1534 1876 ac
1557 1842 1687 1876 notariis
1713 1855 1793 1889 quos
1817 1843 1893 1876 tales

1141 1901 1304 1938 propterea
1332 1903 1440 1925 secum
1470 1891 1592 1925 ducunt
1619 1903 1729 1936 graves
1757 1892 1893 1925 carceris

1142 1942 1241 1974 minas
1261 1941 1415 1975 incutiunt
1432 1953 1439 1981 ;
1464 1941 1694 1987 praecipientes
1710 1940 1770 1974 illis
1784 1941 1892 1975 distri-

1140 1991 1223 2024 ctius
1247 2003 1285 2024 ue
1314 1989 1473 2033 recedant,
1500 1998 1530 2023 et
1558 1989 1764 2024 nibilominus
1785 1990 1824 2024 ab
1846 1991 1892 2024 eis

1142 2039 1369 2074 litleiussoriam
1390 2038 1520 2084 exigunt
1535 2039 1714 2073 cautionem
1728 2039 1767 2073 ab
1779 2039 1890 2074 eodem
1923 2056 1935 2075 ·,

1142 2089 1172 2123 in
1201 2089 1359 2123 solutione
1401 2088 1561 2121 custodiae
1590 2100 1625 2122 ac
1663 2089 1892 2135 scripturarum

1142 2155 1202 2176 non
1232 2142 1391 2177 modicum
1428 2141 1673 2188 praegravando,
1697 2154 1776 2188 quae
1803 2142 1893 2176 simi-

1142 2196 1212 2231 liter
1229 2204 1399 2243 perpetuae
1415 2196 1616 2242 prohibitioni
1633 2195 1833 2235 subiicimuS,
1856 2209 1894 2230 ne

1143 2251 1273 2284 ulterius
1295 2258 1498 2285 attententur.
1515 2249 1646 2284 Praefati
1661 2262 1789 2296 quoque
1812 2249 1895 2284 iudi-

1141 2316 1193 2338 ces
1215 2316 1311 2350 super
1333 2304 1468 2350 antiquis
1490 2303 1706 2338 determinatis
1732 2312 1761 2337 et
1784 2303 1894 2350 sopitis

1141 2357 1382 2404 quaestionibus
1409 2359 1474 2391 sive
1501 2357 1606 2391 causis
1644 2358 1749 2404 plures
1777 2357 1894 2391 faciunt

1144 2412 1259 2446 iniuste
1283 2411 1382 2455 citari,
1402 2419 1432 2444 et
1456 2420 1487 2445 ut
1516 2424 1604 2445 suam
1627 2422 1775 2445 excusam
1803 2409 1895 2444 exhi-

1143 2465 1246 2509 beant,
1265 2474 1295 2499 et
1314 2478 1370 2512 pro
1394 2465 1579 2499 invenienda
1609 2477 1720 2499 causae
1743 2463 1895 2498 determi-

1143 2521 1268 2554 natione
1285 2522 1314 2554 in
1332 2532 1478 2565 processu
1498 2520 1562 2553 sive
1578 2519 1754 2566 subscripta
1783 2517 1893 2553 decem

1143 2574 1188 2607 vel
1212 2586 1266 2608 sex
1289 2574 1406 2608 solidos
1428 2574 1464 2607 ad
1490 2575 1595 2608 minus
1617 2573 1790 2616 exsolvant,
1813 2585 1894 2608 com·

1145 2627 1262 2674 pellunt
1289 2627 1431 2671 eosdem,
1465 2636 1494 2662 et
1513 2629 1537 2662 si
1557 2628 1669 2662 citatus
1686 2627 1894 2672 liberationis,

1135 325 1230 359 snper
1259 313 1317 348 boc
1341 312 1504 367 loquitur

1903 259 1941 285 An
1970 258 1999 285 C.
2019 258 2087 285 l'tOO

1928 1993 2067 2020 Appellantes

1907 2029 1949 2044 nou
1974 2025 2094 2045 molestan-
