2274 3265
218 261 267 286 An.
283 262 300 284 Γ.
333 261 398 286 ἱδίγὶ

223 1252 323 1272 Reriores
352 1252 391 1272 hu-

207 1277 296 1303 iusi-rodi
308 1289 392 1310 provin-

208 1321 286 1334 ‘tarum
326 1319 390 1340 saepe

207 1346 346 1365 thesaurariis
357 1347 390 1365 in-

205 1375 261 1395 festi.

221 2201 337 2227 Quidquam

209 2233 348 2251 thesaurariis
368 2237 391 2251 e-

210 2264 279 2288 xigere
313 2263 391 2282 eisdem

210 2298 289 2313 vetatur
305 2293 340 2313 <uh
353 2300 392 2319 pm-

211 2331 235 2344 na
251 2326 389 2344 excommuni-

211 2358 308 2375 rationis.

464 251 531 282 [102

748 314 830 348 xvt.

416 387 552 419 Hectores
572 387 816 430 provinciartmi„
830 387 1000 425 civitatum,
1018 388 1165 420 aliorum-

461 447 517 479 que
538 435 674 468 locorum
700 436 785 468 Rom.
818 436 966 469 Ecclesiae
992 437 1165 469 immediate

461 484 662 517 subiectorum
701 497 720 518 a
755 486 954 518 thesaurariis
988 486 1163 519 earunulem

458 534 689 578 provinciarum
717 535 801 568 ultra
814 535 946 568 debitum
972 535 1093 579 aliquid
1111 545 1164 578 per

461 583 638 616 violentiam
664 590 873 628 extorquentes
906 585 953 617 vel
979 585 1060 617 alias
1086 595 1163 627 quo-

461 633 623 666 modolibet
657 634 820 677 exigentem,
837 631 1163 667 essz'communi‘cati'onis

459 682 581 715 vinculo
604 682 807 720 innodantur,
832 683 952 727 suisque
973 682 1082 727 officiis
1095 682 1162 726 pri-

459 737 574 764 vantur
595 733 649 774 (l).

681 810 803 840 sutum
811 809 896 840 RIUM

411 869 548 900 {tet-tores
569 871 738 901 huiusmodi
756 872 973 910 provinciarum
994 881 1081 910 saepe
1101 871 1161 910 tlic-

450 914 592 944 saurariis
610 914 718 944 infesti.
734 932 772 937 -
789 915 955 954 Quidquam
975 925 989 944 a
1011 916 1163 944 thesaura-

449 958 501 987 riis
524 958 639 995 exigere
662 959 773 988 eisdem
795 963 907 988 vetatur
925 959 980 987 sub
1005 969 1096 998 poena
1114 970 1162 989 ex-

447 1002 736 1032 communicationis.
758 1019 797 1023 -—
815 1001 981 1032 Clausulac.

469 1076 589 1105 Clemens
608 1076 750 1112 episcopus
769 1084 866 1105 servus
884 1084 1024 1106 servorum
1042 1078 1103 1111 Dei,

564 1126 598 1153 ad
627 1125 752 1154 suturam
775 1126 816 1154 rei
835 1126 1002 1155 memoriam.

457 1196 585 1232 Molesta
622 1197 714 1232 nobis
763 1197 934 1232 multorum
971 1198 1080 1233 relatio
1123 1199 1161 1233 ad

409 1256 548 1281 nostrum
574 1246 992 1294 perduxitauditum,quod
1017 1249 1160 1283 nonnulli

409 1303 546 1330 rectores
587 1296 839 1343 provinciarum,
876 1297 1035 1332 civitatum
1069 1307 1161 1345 atquc

408 1353 562 1380 terrarum
585 1345 621 1380 ad
645 1345 821 1380 Romanam
855 1346 1031 1381 Ecclesiam
1057 1347 1161 1382 inimc-

407 1394 488 1429 diate
511 1395 722 1442 spectantium
747 1395 826 1430 lines
847 1408 933 1439 suos,
961 1396 1077 1443 quibus
1101 1410 1161 1432 nou

407 1445 545 1479 contenti
560 1452 646 1486 suut,
662 1445 863 1489 excedentes,
891 1446 1071 1492 frequenter
1094 1447 1163 1481 tlie—

406 1494 556 1528 saurariis
580 1494 811 1540 provinciarum
835 1494 988 1542 ipsarum,
1012 1496 1089 1530 ultra
1104 1497 1162 1531 sti-

406 1543 518 1589 pendia
540 1543 708 1578 constituta
744 1544 799 1582 eis,
829 1545 993 1591 pecunias,
1023 1558 1101 1591 quas
1125 1545 1164 1580 de

407 1597 497 1632 bonis
529 1610 565 1632 ac
601 1598 722 1633 iuribus
748 1599 785 1633 ad
815 1599 956 1634 eamdem
986 1599 1161 1635 Ecclesiam

407 1651 652 1697 pertinentibus,
667 1664 702 1686 ac
717 1651 795 1686 alias
810 1652 848 1686 ad
866 1652 1041 1688 Ecclesiam
1064 1654 1162 1700 ipsam

405 1713 583 1751 spectantes
612 1715 806 1752 receperant,
833 1707 959 1753 exigere
991 1719 1025 1741 ac
1052 1717 1163 1742 extor-

405 1771 501 1805 quere
518 1772 571 1806 per
585 1760 766 1794 violentiam
782 1768 855 1794 sunt
871 1762 992 1795 conati:
1013 1762 1164 1809 quodque

406 1813 614 1848 tliesaurarios
639 1814 741 1861 ipsos,
758 1814 783 1848 si
801 1815 986 1850 corumdem
1005 1825 1162 1851 rectorum

407 1878 468 1901 non
491 1868 700 1904 satisfecerint
723 1869 802 1903 circa
820 1868 849 1902 id
867 1869 1037 1910 voluntati,
1058 1871 1164 1906 multis

406 1919 579 1956 affecerunt
607 1922 731 1958 iniuriis
758 1932 787 1958 ct
815 1924 1035 1968 contumeliis,
1062 1934 1091 1958 ot
1115 1926 1164 1960 in-

407 1976 528 2011 terdum
577 1977 707 2011 ulterius
746 1985 934 2012 attentantes
982 1980 1164 2014 carceribus

407 2030 625 2077 manciparunt
663 2043 725 2066 non
753 2032 824 2066 sine
850 2033 936 2078 gravi
971 2035 1162 2069 contumelia

406 2092 435 2118 et
462 2084 656 2131 praeiudicio
678 2086 839 2122 Ecclesiae
860 2096 1063 2122 memoratae.

455 2138 648 2174 Huiusmodi
686 2141 781 2187 igitur
821 2150 979 2177 rectorum
1017 2154 1163 2177 coercere

381 2207 391 2219 a
409 2192 439 2227 in
463 2192 522 2228 hac
545 2202 630 2240 parte
658 2195 845 2230 temeritatis
867 2196 1029 2231 audaciam
1061 2197 1164 2232 inten-

408 2246 529 2290 dentes,
540 2247 691 2284 omnibus
705 2257 734 2283 et
749 2250 883 2296 singulis
898 2250 1073 2285 rectoribus
1087 2251 1164 2297 ipsis

409 2301 628 2346 praesentibus
649 2310 679 2337 et
707 2302 821 2338 futuris
842 2304 1015 2338 districtius
1045 2305 1164 2340 inbibe—

409 2367 490 2397 mus,
519 2367 557 2390 nc
585 2369 639 2402 per
665 2368 698 2390 se
722 2357 769 2390 vol
803 2357 912 2395 alium.
935 2371 989 2393 seu
1013 2359 1092 2393 alios
1115 2360 1164 2393 ‹li-

410 2416 493 2443 recte
522 2409 566 2443 vel
609 2409 774 2451 indirecte,
812 2411 938 2458 publice
966 2413 1012 2446 vel
1041 2413 1164 2449 occulte

409 2463 480 2497 talia
496 2463 535 2497 dc
558 2472 680 2499 caetero
696 2472 858 2504 attentare,
883 2474 936 2500 aut
959 2466 1163 2502 thesaurariis

411 2516 537 2562 ipsis,in
554 2529 633 2564 quos
646 2518 763 2553 nullam
781 2519 1032 2555 iurisdictionem
1047 2521 1163 2556 babere

410 2578 529 2605 certum
566 2580 624 2611 est,
664 2585 837 2620 corumque
878 2574 1083 2609 familiaribus
1125 2588 1162 2610 cx

446 2640 484 2675 (i)
501 2641 538 2667 Ex
561 2642 663 2677 Regest.
683 2643 707 2669 in
725 2643 833 2670 Archiv.
858 2644 941 2671 Vatic.

1011 262 1046 283 υἷ’
1053 261 1109 283 ΜΛ
1116 261 1146 283 ΙΕΙ
1154 261 1196 283 [Μ
1226 259 1387 281 liturnum

1208 313 1377 360 quibusvis
1391 312 1495 347 causis
1513 324 1567 346 scu
1591 312 1813 347 occasionibus
1830 312 1960 348 iniurias

1208 368 1345 413 irrogare
1362 373 1571 413 praesumant:
1587 365 1779 400 contrarium
1797 378 1868 401 vero
1882 379 1959 413 prin-

1206 429 1368 455 sumcntcs
1382 427 1720 454 excommunicationis
1735 428 1892 454 sententia
1918 433 1962 455 m-

1208 474 1373 511 nodamus,
1397 482 1428 507 ct
1455 473 1577 512 officiis,
1603 485 1684 519 (elnac
1713 481 1873 513 exercent,
1893 474 1960 520 pri-

1207 537 1292 562 vatos
1319 539 1389 561 csse
1412 526 1559 561 volumus
1587 539 1624 561 eo
1660 526 1739 573 ipso.
1774 526 1838 561 Res
1877 528 1959 561 enim

1206 581 1373 627 perniciosi
1398 580 1570 615 admodum
1599 589 1646 615 est
1681 580 1831 627 exempli,
1858 581 1882 615 si
1917 581 1960 621 bi,

1205 635 1256 681 qui
1285 635 1322 669 ad
1362 634 1547 680 corrigenda
1583 634 1655 669 vitia
1688 634 1823 669 aliorum
1867 635 1959 681 positi

1205 696 1289 727 sunt,
1304 697 1333 723 ct
1349 689 1378 722 iu
1398 689 1548 722 virtuosis
1570 688 1722 735 operibus
1746 688 1867 723 vivendi
1886 701 1960 723 nor-

1206 754 1287 776 mam
1316 742 1431 777 debent
1459 742 1527 776 aliis
1550 742 1779 785 demonstrare,
1805 741 1958 789 inquinati

1205 796 1304 836 vitiis,
1327 796 1486 831 actionum
1510 808 1640 831 suarum
1664 796 1809 843 exemplo
1832 795 1959 831 incenti-

1206 863 1276 885 vum
1307 850 1459 897 praebent
1482 851 1552 885 aliis
1567 849 1788 898 delinquendi.

1254 905 1335 939 Nulli
1351 917 1426 951 ergo
1446 904 1576 939 omnino
1595 904 1757 939 bominum
1775 904 1959 939 liceatbauc

1206 959 1350 1005 pagiuam
1376 967 1552 993 nostrarum
1582 958 1791 1002 inhibitionis,
1819 958 1960 993 innoda-

1205 1012 1298 1046 tionis
1324 1025 1360 1047 ac
1387 1012 1556 1046 voluntatis
1576 1012 1747 1058 infringere
1769 1020 1822 1046 etc.

1254 1066 1368 1100 Datum
1386 1065 1468 1112 apud
1487 1065 1599 1099 Villam
1621 1065 1738 1100 Noram
1759 1065 1959 1101 Aveuionen.

1204 1120 1359 1154 dioecesis
1393 1127 1503 1154 octavo
1540 1119 1610 1153 idus
1647 1120 1733 1159 maii,
1758 1120 1960 1166 pontificatus

1206 1175 1303 1208 nostri
1333 1187 1417 1208 anno
1439 1187 1472 1209 x.

1265 1231 1324 1261 Dat.
1344 1232 1390 1261 die
1414 1232 1430 1261 8
1455 1232 1522 1261 maii
1551 1232 1633 1267 1352,
1657 1231 1760 1270 pontis.
1779 1241 1856 1261 auno
1875 1241 1902 1262 x.

1409 1419 1689 1469 lNNOGENTlUS
1715 1420 1756 1468 Vl

1478 1515 1571 1545 l'APA
1591 1516 1692 1546 CXClX

1350 1581 1443 1613 Αηηο
1466 1580 1596 1613 Domini
1622 1580 1813 1614 MCCCLII.

1225 1658 1241 1680 *t

1210 1660 1407 1745 btepbanus
1429 1699 1564 1743 Alberti,
1588 1701 1683 1747 patria
1713 1700 1961 1745 Lemovicensis,

1207 1757 1237 1791 in
1262 1757 1330 1791 loco
1363 1757 1401 1792 de
1434 1757 1540 1793 Monte
1565 1758 1650 1793 dicto
1679 1767 1781 1798 uatus,
1823 1760 1959 1806 primum

1206 1816 1374 1863 episcopus
1406 1816 1645 1857 Noviomensis,
1673 1817 1757 1852 unde
1792 1818 1962 1853 translatus

1206 1882 1251 1908 est
1274 1874 1311 1908 ad
1336 1875 1511 1909 Ecclesiam
1553 1875 1862 1915 Claromontensem,
1890 1889 1961 1911 mox

1206 1932 1239 1968 S.
1253 1933 1339 1967 RE.
1358 1933 1521 1981 presbyter
1535 1933 1702 1968 cardinalis
1718 1934 1823 1969 tit.Ss.
1836 1934 1963 1970 loannis

1206 1999 1236 2025 et
1254 1991 1356 2032 Pauli,
1375 2005 1411 2026 ac
1429 1991 1630 2039 postmodum
1654 1991 1813 2028 Ostiensis
1837 1993 1963 2041 episco-

1207 2062 1278 2096 pus.
1291 2050 1412 2085 electus
1435 2058 1481 2085 est
1500 2050 1666 2085 Romanus
1681 2050 1825 2086 Pontifex
1848 2052 1899 2087 die
1918 2055 1962 2086 18

1208 2108 1325 2143 mensis
1341 2108 1520 2144 decembris
1536 2109 1607 2144 anni
1636 2111 1739 2149 1352,
1758 2118 1789 2146 et
1808 2109 1963 2146 Innocen-

1207 2167 1269 2201 tius
1292 2166 1333 2201 Vl
1363 2167 1514 2214 appellari
1539 2168 1653 2203 voluit:
1672 2178 1842 2203 coronatus
1858 2176 1961 2204 autem

1206 2232 1252 2259 est
1275 2225 1325 2260 die
1349 2227 1394 2260 50
1415 2226 1557 2261 eiusdem
1580 2227 1710 2261 mensis.
1727 2226 1817 2262 Sedit
1833 2227 1864 2262 in
1881 2239 1964 2274 pon-

1208 2283 1324 2318 tificatu
1346 2297 1446 2318 annos
1470 2296 1516 2322 ix,
1545 2297 1671 2320 menses
1693 2297 1766 2329 vni,
1789 2285 1857 2320 dies
1879 2298 1963 2330 xxv,

1207 2342 1434 2387 imperantibus
1451 2343 1479 2376 in
1497 2342 1628 2377 Oriente
1641 2343 1758 2378 Ioanne
1776 2343 1963 2391 Palaeologo,

1205 2408 1234 2432 et
1257 2399 1374 2435 Ioanne
1396 2400 1630 2440 Cantacuzeno,
1646 2401 1676 2435 in
1695 2401 1870 2436 Occidente
1889 2415 1963 2437 vero

1206 2457 1320 2492 Carolo
1344 2458 1394 2492 lv.
1413 2459 1501 2493 Obiit
1525 2459 1575 2494 die
1605 2462 1649 2493 12
1671 2459 1862 2506 septembris
1887 2461 1962 2495 anni

1209 2518 1219 2548 vl
1232 2517 1314 2555 562,
1330 2525 1359 2550 ct
1373 2517 1516 2564 sepultus
1535 2525 1581 2552 cst
1604 2518 1768 2553 Avenionc
1784 2518 1813 2553 in
1830 2519 1961 2554 ccclesia

1206 2573 1320 2608 Beatae
1356 2574 1471 2610 Mariae
1499 2575 1537 2610 de
1573 2575 1686 2611 Douis.
1715 2576 1843 2612 Vacavit
1870 2577 1963 2612 sedes

1206 2644 1346 2666 mensem
1377 2645 1487 2677 unmn⁷
1510 2633 1578 2668 dics
1604 2645 1674 2668 xvi.

1977 258 2025 284 An.
2044 257 2071 283 C.
2092 257 2160 283 ¹552

2008 916 2126 936 filaus-11⁵0.
