<?xml version="1.0" encoding="UTF-8"?>
<!DOCTYPE html PUBLIC "-//W3C//DTD XHTML 1.0 Transitional//EN"
    "http://www.w3.org/TR/xhtml1/DTD/xhtml1-transitional.dtd">
<html xmlns="http://www.w3.org/1999/xhtml" xml:lang="en" lang="en">
 <head>
  <title>
</title>
<meta http-equiv="Content-Type" content="text/html;charset=utf-8" />
  <meta name='ocr-system' content='tesseract 3.04.00' />
  <meta name='ocr-capabilities' content='ocr_page ocr_carea ocr_par ocr_line ocrx_word'/>
</head>
<body>
  <div class='ocr_page' id='page_1' title='image "./bullarumdiplomat04cath/bullarumdiplomat04cath_0137.png"; bbox 0 0 2274 3265; ppageno 0'>
   <div class='ocr_carea' id='block_1_1' title="bbox 5 1919 10 2050">
    <p class='ocr_par' dir='ltr' id='par_1_1' title="bbox 0 1919 10 2050">
     <span class='ocr_line' id='line_1_1' title="bbox 5 1919 10 2050; baseline 0 0"><span class='ocrx_word' id='word_1_1' title='bbox 5 1919 10 2050; x_wconf 74' lang='lat' dir='ltr'>l</span> 
     </span>
    </p>
   </div>
   <div class='ocr_carea' id='block_1_2' title="bbox 79 291 260 320">
    <p class='ocr_par' dir='ltr' id='par_1_2' title="bbox 79 291 260 320">
     <span class='ocr_line' id='line_1_2' title="bbox 79 291 260 320; baseline -0.017 0"><span class='ocrx_word' id='word_1_2' title='bbox 79 293 128 320; x_wconf 84' lang='grc' dir='ltr'>Αιι.</span> <span class='ocrx_word' id='word_1_3' title='bbox 150 293 179 320; x_wconf 91' lang='lat' dir='ltr'>C.</span> <span class='ocrx_word' id='word_1_4' title='bbox 194 291 260 318; x_wconf 72' lang='lat'>¹295</span> 
     </span>
    </p>
   </div>
   <div class='ocr_carea' id='block_1_3' title="bbox 81 646 265 728">
    <p class='ocr_par' dir='ltr' id='par_1_3' title="bbox 81 646 264 728">
     <span class='ocr_line' id='line_1_3' title="bbox 95 646 264 666; baseline -0.006 0"><span class='ocrx_word' id='word_1_5' title='bbox 95 646 169 666; x_wconf 75' lang='lat' dir='ltr'>Eadem</span> <span class='ocrx_word' id='word_1_6' title='bbox 195 648 264 665; x_wconf 71' lang='lat' dir='ltr'>suit-i-</span> 
     </span>
     <span class='ocr_line' id='line_1_4' title="bbox 81 677 265 697; baseline -0.006 0"><span class='ocrx_word' id='word_1_7' title='bbox 81 681 143 697; x_wconf 83' lang='lat' dir='ltr'>uutur</span> <span class='ocrx_word' id='word_1_8' title='bbox 163 677 187 696; x_wconf 82' lang='lat' dir='ltr'>‹le</span> <span class='ocrx_word' id='word_1_9' title='bbox 210 677 265 696; x_wconf 74' lang='lat' dir='ltr'>ludi-</span> 
     </span>
     <span class='ocr_line' id='line_1_5' title="bbox 82 708 264 728; baseline -0.013 0"><span class='ocrx_word' id='word_1_10' title='bbox 82 708 140 728; x_wconf 72' lang='lat' dir='ltr'>cibus</span> <span class='ocrx_word' id='word_1_11' title='bbox 165 708 189 727; x_wconf 80' lang='lat' dir='ltr'>de</span> <span class='ocrx_word' id='word_1_12' title='bbox 214 708 264 726; x_wconf 78' lang='lat' dir='ltr'>sliu-</span> 
     </span>
    </p>
   </div>
   <div class='ocr_carea' id='block_1_4' title="bbox 82 739 233 766">
    <p class='ocr_par' dir='ltr' id='par_1_4' title="bbox 82 739 233 766">
     <span class='ocr_line' id='line_1_6' title="bbox 82 739 233 766; baseline -0.007 -8"><span class='ocrx_word' id='word_1_13' title='bbox 82 739 130 766; x_wconf 78' lang='lat' dir='ltr'>phei</span> <span class='ocrx_word' id='word_1_14' title='bbox 147 739 233 758; x_wconf 70' lang='lat' dir='ltr'>iustitia.</span> 
     </span>
    </p>
   </div>
   <div class='ocr_carea' id='block_1_5' title="bbox 104 1890 273 1911">
    <p class='ocr_par' dir='ltr' id='par_1_5' title="bbox 104 1890 273 1911">
     <span class='ocr_line' id='line_1_7' title="bbox 104 1890 273 1911; baseline 0 -1"><span class='ocrx_word' id='word_1_15' title='bbox 104 1890 162 1911; x_wconf 62' lang='lat' dir='ltr'>Atiae</span> <span class='ocrx_word' id='word_1_16' title='bbox 185 1890 209 1910; x_wconf 72' lang='lat' dir='ltr'>ad</span> <span class='ocrx_word' id='word_1_17' title='bbox 230 1895 273 1910; x_wconf 69' lang='lat' dir='ltr'>rem</span> 
     </span>
    </p>
   </div>
   <div class='ocr_carea' id='block_1_6' title="bbox 91 1921 250 1947">
    <p class='ocr_par' dir='ltr' id='par_1_6' title="bbox 91 1921 250 1947">
     <span class='ocr_line' id='line_1_8' title="bbox 91 1921 250 1947; baseline 0 -7"><span class='ocrx_word' id='word_1_18' title='bbox 91 1921 250 1947; x_wconf 73' lang='lat' dir='ltr'>dlspositiones</span> 
     </span>
    </p>
   </div>
   <div class='ocr_carea' id='block_1_7' title="bbox 871 284 1210 308">
    <p class='ocr_par' dir='ltr' id='par_1_7' title="bbox 871 284 1210 308">
     <span class='ocr_line' id='line_1_9' title="bbox 871 284 1210 308; baseline -0.009 0"><span class='ocrx_word' id='word_1_19' title='bbox 871 284 1059 308; x_wconf 74' lang='lat' dir='ltr'>BONiFAcms</span> <span class='ocrx_word' id='word_1_20' title='bbox 1081 284 1139 306; x_wconf 78' lang='lat' dir='ltr'>Vll!</span> <span class='ocrx_word' id='word_1_21' title='bbox 1165 284 1210 305; x_wconf 70' lang='lat' dir='ltr'>tw.</span> 
     </span>
    </p>
   </div>
   <div class='ocr_carea' id='block_1_8' title="bbox 276 341 1043 2766">
    <p class='ocr_par' dir='ltr' id='par_1_8' title="bbox 276 341 1025 578">
     <span class='ocr_line' id='line_1_10' title="bbox 276 341 1025 387; baseline -0.009 -8"><span class='ocrx_word' id='word_1_22' title='bbox 276 344 367 379; x_wconf 86' lang='lat' dir='ltr'>clesia</span> <span class='ocrx_word' id='word_1_23' title='bbox 396 342 629 382; x_wconf 81' lang='lat' dir='ltr'>canonicatum,</span> <span class='ocrx_word' id='word_1_24' title='bbox 657 341 704 375; x_wconf 89' lang='lat' dir='ltr'>vel</span> <span class='ocrx_word' id='word_1_25' title='bbox 734 341 764 374; x_wconf 90' lang='lat' dir='ltr'>in</span> <span class='ocrx_word' id='word_1_26' title='bbox 788 352 848 387; x_wconf 90' lang='lat' dir='ltr'>qua</span> <span class='ocrx_word' id='word_1_27' title='bbox 883 351 936 373; x_wconf 90' lang='lat' dir='ltr'>seu</span> <span class='ocrx_word' id='word_1_28' title='bbox 968 350 1025 372; x_wconf 88' lang='lat' dir='ltr'>cu-</span> 
     </span>
     <span class='ocr_line' id='line_1_11' title="bbox 278 392 1023 438; baseline -0.009 -10"><span class='ocrx_word' id='word_1_29' title='bbox 278 395 325 428; x_wconf 85' lang='lat' dir='ltr'>ius</span> <span class='ocrx_word' id='word_1_30' title='bbox 348 393 483 429; x_wconf 85' lang='lat' dir='ltr'>dioecesi</span> <span class='ocrx_word' id='word_1_31' title='bbox 507 392 691 438; x_wconf 82' lang='lat' dir='ltr'>dignitatem</span> <span class='ocrx_word' id='word_1_32' title='bbox 731 398 783 425; x_wconf 88' lang='lat' dir='ltr'>aut</span> <span class='ocrx_word' id='word_1_33' title='bbox 824 395 1023 437; x_wconf 88' lang='lat' dir='ltr'>personatum</span> 
     </span>
     <span class='ocr_line' id='line_1_12' title="bbox 277 438 1025 490; baseline -0.007 -14"><span class='ocrx_word' id='word_1_34' title='bbox 277 445 431 485; x_wconf 61' lang='lat' dir='ltr'>ohtOnent,</span> <span class='ocrx_word' id='word_1_35' title='bbox 463 442 583 490; x_wconf 76' lang='lat' dir='ltr'>possint</span> <span class='ocrx_word' id='word_1_36' title='bbox 605 440 643 476; x_wconf 93' lang='lat' dir='ltr'>de</span> <span class='ocrx_word' id='word_1_37' title='bbox 673 440 805 486; x_wconf 84' lang='lat' dir='ltr'>negotiis</span> <span class='ocrx_word' id='word_1_38' title='bbox 832 438 890 474; x_wconf 91' lang='lat' dir='ltr'>sibi</span> <span class='ocrx_word' id='word_1_39' title='bbox 932 450 1025 472; x_wconf 90' lang='lat' dir='ltr'>com-</span> 
     </span>
     <span class='ocr_line' id='line_1_13' title="bbox 279 488 1025 539; baseline -0.008 -12"><span class='ocrx_word' id='word_1_40' title='bbox 279 494 383 528; x_wconf 90' lang='lat' dir='ltr'>missis</span> <span class='ocrx_word' id='word_1_41' title='bbox 410 502 600 539; x_wconf 84' lang='lat' dir='ltr'>cognoscere</span> <span class='ocrx_word' id='word_1_42' title='bbox 645 490 689 525; x_wconf 88' lang='lat' dir='ltr'>vel</span> <span class='ocrx_word' id='word_1_43' title='bbox 723 489 801 524; x_wconf 81' lang='lat' dir='ltr'>ferre</span> <span class='ocrx_word' id='word_1_44' title='bbox 841 488 1025 524; x_wconf 71' lang='lat' dir='ltr'><strong>sententiam</strong></span> 
     </span>
     <span class='ocr_line' id='line_1_14' title="bbox 278 551 472 578; baseline 0.005 -3"><span class='ocrx_word' id='word_1_45' title='bbox 278 551 384 578; x_wconf 69' lang='lat' dir='ltr'>contra</span> <span class='ocrx_word' id='word_1_46' title='bbox 407 555 472 577; x_wconf 88' lang='lat' dir='ltr'>cos</span> 
     </span>
    </p>

    <p class='ocr_par' dir='ltr' id='par_1_9' title="bbox 280 587 1037 1818">
     <span class='ocr_line' id='line_1_15' title="bbox 328 587 1028 645; baseline -0.009 -18.991"><span class='ocrx_word' id='word_1_47' title='bbox 328 592 347 639; x_wconf 65' lang='lat' dir='ltr'>g</span> <span class='ocrx_word' id='word_1_48' title='bbox 375 597 407 627; x_wconf 74' lang='lat'>4.</span> <span class='ocrx_word' id='word_1_49' title='bbox 430 591 607 626; x_wconf 82' lang='lat' dir='ltr'>Adiicimus</span> <span class='ocrx_word' id='word_1_50' title='bbox 630 590 758 645; x_wconf 80' lang='lat' dir='ltr'>insuper</span> <span class='ocrx_word' id='word_1_51' title='bbox 784 596 933 623; x_wconf 88' lang='lat' dir='ltr'>statutum</span> <span class='ocrx_word' id='word_1_52' title='bbox 967 587 1028 621; x_wconf 90' lang='lat' dir='ltr'>hu-</span> 
     </span>
     <span class='ocr_line' id='line_1_16' title="bbox 282 637 1027 687; baseline -0.005 -13"><span class='ocrx_word' id='word_1_53' title='bbox 282 642 430 686; x_wconf 83' lang='lat' dir='ltr'>iusmodi,</span> <span class='ocrx_word' id='word_1_54' title='bbox 456 649 488 675; x_wconf 91' lang='grc' dir='ltr'>ιιι</span> <span class='ocrx_word' id='word_1_55' title='bbox 520 640 651 684; x_wconf 87' lang='lat' dir='ltr'>iudices</span> <span class='ocrx_word' id='word_1_56' title='bbox 687 639 740 687; x_wconf 89' lang='lat' dir='ltr'>qui</span> <span class='ocrx_word' id='word_1_57' title='bbox 778 640 807 673; x_wconf 89' lang='lat' dir='ltr'>in</span> <span class='ocrx_word' id='word_1_58' title='bbox 846 638 955 672; x_wconf 80' lang='lat' dir='ltr'>litteris</span> <span class='ocrx_word' id='word_1_59' title='bbox 989 637 1027 671; x_wconf 70' lang='lat' dir='ltr'>«le</span> 
     </span>
     <span class='ocr_line' id='line_1_17' title="bbox 281 688 1028 747; baseline -0.005 -22"><span class='ocrx_word' id='word_1_60' title='bbox 281 692 420 747; x_wconf 79' lang='lat' dir='ltr'><strong>simplici</strong></span> <span class='ocrx_word' id='word_1_61' title='bbox 438 690 552 726; x_wconf 89' lang='lat' dir='ltr'>iustitia</span> <span class='ocrx_word' id='word_1_62' title='bbox 580 689 810 733; x_wconf 89' lang='lat' dir='ltr'>conceduntur,</span> <span class='ocrx_word' id='word_1_63' title='bbox 837 689 898 723; x_wconf 89' lang='lat' dir='ltr'>sint</span> <span class='ocrx_word' id='word_1_64' title='bbox 921 688 950 722; x_wconf 90' lang='lat' dir='ltr'>in</span> <span class='ocrx_word' id='word_1_65' title='bbox 970 688 1028 722; x_wconf 92' lang='lat' dir='ltr'>ali-</span> 
     </span>
     <span class='ocr_line' id='line_1_18' title="bbox 281 738 1029 776; baseline -0.005 -1"><span class='ocrx_word' id='word_1_66' title='bbox 281 743 373 776; x_wconf 87' lang='lat' dir='ltr'>cuius</span> <span class='ocrx_word' id='word_1_67' title='bbox 394 741 525 776; x_wconf 87' lang='lat' dir='ltr'>civitatis</span> <span class='ocrx_word' id='word_1_68' title='bbox 552 739 692 775; x_wconf 82' lang='lat' dir='ltr'>Ecclesia</span> <span class='ocrx_word' id='word_1_69' title='bbox 730 738 898 774; x_wconf 74' lang='lat' dir='ltr'>cathedrali</span> <span class='ocrx_word' id='word_1_70' title='bbox 934 749 1029 772; x_wconf 87' lang='lat' dir='ltr'>cano-</span> 
     </span>
     <span class='ocr_line' id='line_1_19' title="bbox 282 788 1027 838; baseline -0.005 -13"><span class='ocrx_word' id='word_1_71' title='bbox 282 792 355 835; x_wconf 88' lang='lat' dir='ltr'>nici,</span> <span class='ocrx_word' id='word_1_72' title='bbox 378 791 424 825; x_wconf 89' lang='lat' dir='ltr'>vel</span> <span class='ocrx_word' id='word_1_73' title='bbox 459 799 657 838; x_wconf 91' lang='lat' dir='ltr'>personatum</span> <span class='ocrx_word' id='word_1_74' title='bbox 694 801 748 824; x_wconf 88' lang='lat' dir='ltr'>seu</span> <span class='ocrx_word' id='word_1_75' title='bbox 783 788 965 835; x_wconf 83' lang='lat' dir='ltr'>dignitatem</span> <span class='ocrx_word' id='word_1_76' title='bbox 999 788 1027 821; x_wconf 90' lang='lat' dir='ltr'>in</span> 
     </span>
     <span class='ocr_line' id='line_1_20' title="bbox 281 837 1031 875; baseline -0.004 -1"><span class='ocrx_word' id='word_1_77' title='bbox 281 840 388 875; x_wconf 86' lang='lat' dir='ltr'>eadem</span> <span class='ocrx_word' id='word_1_78' title='bbox 423 840 546 874; x_wconf 90' lang='lat' dir='ltr'>civitate</span> <span class='ocrx_word' id='word_1_79' title='bbox 584 839 629 874; x_wconf 88' lang='lat' dir='ltr'>vel</span> <span class='ocrx_word' id='word_1_80' title='bbox 665 839 734 874; x_wconf 88' lang='lat' dir='ltr'>eius</span> <span class='ocrx_word' id='word_1_81' title='bbox 773 838 908 873; x_wconf 88' lang='lat' dir='ltr'>dioecesi</span> <span class='ocrx_word' id='word_1_82' title='bbox 948 837 1031 872; x_wconf 92' lang='lat' dir='ltr'>obti-</span> 
     </span>
     <span class='ocr_line' id='line_1_21' title="bbox 282 887 1030 936; baseline -0.001 -14"><span class='ocrx_word' id='word_1_83' title='bbox 282 898 403 925; x_wconf 83' lang='lat' dir='ltr'>nentes:</span> <span class='ocrx_word' id='word_1_84' title='bbox 430 897 514 924; x_wconf 80' lang='lat' dir='ltr'>extra</span> <span class='ocrx_word' id='word_1_85' title='bbox 537 901 629 936; x_wconf 89' lang='lat' dir='ltr'>quam</span> <span class='ocrx_word' id='word_1_86' title='bbox 657 889 812 923; x_wconf 88' lang='lat' dir='ltr'>civitatem</span> <span class='ocrx_word' id='word_1_87' title='bbox 854 887 898 922; x_wconf 70' lang='lat' dir='ltr'>tel</span> <span class='ocrx_word' id='word_1_88' title='bbox 936 887 1030 922; x_wconf 91' lang='lat' dir='ltr'>dioe-</span> 
     </span>
     <span class='ocr_line' id='line_1_22' title="bbox 280 937 1029 986; baseline -0.003 -14"><span class='ocrx_word' id='word_1_89' title='bbox 280 939 376 974; x_wconf 81' lang='lat' dir='ltr'>cesim</span> <span class='ocrx_word' id='word_1_90' title='bbox 400 939 520 986; x_wconf 90' lang='lat' dir='ltr'>aliquos</span> <span class='ocrx_word' id='word_1_91' title='bbox 547 938 583 972; x_wconf 87' lang='lat' dir='ltr'>ad</span> <span class='ocrx_word' id='word_1_92' title='bbox 613 937 764 973; x_wconf 90' lang='lat' dir='ltr'>iudicium</span> <span class='ocrx_word' id='word_1_93' title='bbox 800 949 928 972; x_wconf 85' lang='lat' dir='ltr'>evocare</span> <span class='ocrx_word' id='word_1_94' title='bbox 969 949 1029 970; x_wconf 91' lang='lat' dir='ltr'>non</span> 
     </span>
     <span class='ocr_line' id='line_1_23' title="bbox 282 986 1030 1035; baseline -0.003 -14"><span class='ocrx_word' id='word_1_95' title='bbox 282 989 411 1029; x_wconf 70' lang='lat' dir='ltr'>valeant,</span> <span class='ocrx_word' id='word_1_96' title='bbox 435 1000 492 1023; x_wconf 91' lang='lat' dir='ltr'>nec</span> <span class='ocrx_word' id='word_1_97' title='bbox 520 987 690 1035; x_wconf 86' lang='lat' dir='ltr'>procedere</span> <span class='ocrx_word' id='word_1_98' title='bbox 722 994 828 1022; x_wconf 89' lang='lat' dir='ltr'>contra</span> <span class='ocrx_word' id='word_1_99' title='bbox 865 986 944 1027; x_wconf 78' lang='lat' dir='ltr'>illos,</span> <span class='ocrx_word' id='word_1_100' title='bbox 978 986 1030 1033; x_wconf 85' lang='lat' dir='ltr'>qui</span> 
     </span>
     <span class='ocr_line' id='line_1_24' title="bbox 281 1035 1030 1072; baseline -0.003 -1"><span class='ocrx_word' id='word_1_101' title='bbox 281 1038 320 1071; x_wconf 84' lang='lat' dir='ltr'>de</span> <span class='ocrx_word' id='word_1_102' title='bbox 347 1038 472 1072; x_wconf 83' lang='lat' dir='ltr'>civitate</span> <span class='ocrx_word' id='word_1_103' title='bbox 494 1038 539 1072; x_wconf 86' lang='lat' dir='ltr'>vel</span> <span class='ocrx_word' id='word_1_104' title='bbox 571 1037 705 1072; x_wconf 87' lang='lat' dir='ltr'>dioecesi</span> <span class='ocrx_word' id='word_1_105' title='bbox 728 1049 790 1072; x_wconf 91' lang='lat' dir='ltr'>non</span> <span class='ocrx_word' id='word_1_106' title='bbox 829 1035 944 1071; x_wconf 79' lang='lat' dir='ltr'>fuerint</span> <span class='ocrx_word' id='word_1_107' title='bbox 977 1048 1030 1070; x_wconf 89' lang='lat' dir='ltr'>su-</span> 
     </span>
     <span class='ocr_line' id='line_1_25' title="bbox 283 1086 1030 1134; baseline -0.001 -14"><span class='ocrx_word' id='word_1_108' title='bbox 283 1088 442 1134; x_wconf 75' lang='lat' dir='ltr'>pradictis3</span> <span class='ocrx_word' id='word_1_109' title='bbox 484 1087 560 1121; x_wconf 84' lang='lat' dir='ltr'>infra</span> <span class='ocrx_word' id='word_1_110' title='bbox 605 1099 698 1133; x_wconf 91' lang='lat' dir='ltr'>quam</span> <span class='ocrx_word' id='word_1_111' title='bbox 738 1086 831 1121; x_wconf 83' lang='lat' dir='ltr'>etiam</span> <span class='ocrx_word' id='word_1_112' title='bbox 874 1086 1030 1120; x_wconf 74' lang='lat' dir='ltr'>civitatem</span> 
     </span>
     <span class='ocr_line' id='line_1_26' title="bbox 283 1134 1032 1182; baseline -0.001 -13"><span class='ocrx_word' id='word_1_113' title='bbox 283 1137 443 1171; x_wconf 74' lang='lat' dir='ltr'>dumtaxat</span> <span class='ocrx_word' id='word_1_114' title='bbox 465 1137 504 1171; x_wconf 87' lang='lat' dir='ltr'>de</span> <span class='ocrx_word' id='word_1_115' title='bbox 527 1136 705 1171; x_wconf 82' lang='lat' dir='ltr'>commissis</span> <span class='ocrx_word' id='word_1_116' title='bbox 727 1135 784 1170; x_wconf 89' lang='lat' dir='ltr'>sibi</span> <span class='ocrx_word' id='word_1_117' title='bbox 810 1135 941 1182; x_wconf 80' lang='lat' dir='ltr'>negotiis</span> <span class='ocrx_word' id='word_1_118' title='bbox 967 1134 1032 1168; x_wconf 88' lang='lat' dir='ltr'>sive</span> 
     </span>
     <span class='ocr_line' id='line_1_27' title="bbox 284 1185 1032 1234; baseline -0.004 -13"><span class='ocrx_word' id='word_1_119' title='bbox 284 1187 387 1221; x_wconf 71' lang='lat' dir='ltr'>causis</span> <span class='ocrx_word' id='word_1_120' title='bbox 424 1185 627 1234; x_wconf 78' lang='lat' dir='ltr'>personaliter</span> <span class='ocrx_word' id='word_1_121' title='bbox 663 1186 782 1232; x_wconf 80' lang='lat' dir='ltr'>possint</span> <span class='ocrx_word' id='word_1_122' title='bbox 818 1196 1032 1231; x_wconf 76' lang='lat' dir='ltr'>cognoscere,</span> 
     </span>
     <span class='ocr_line' id='line_1_28' title="bbox 284 1235 1035 1282; baseline -0.003 -13"><span class='ocrx_word' id='word_1_123' title='bbox 284 1248 317 1270; x_wconf 85' lang='lat' dir='ltr'>ac</span> <span class='ocrx_word' id='word_1_124' title='bbox 346 1237 429 1271; x_wconf 86' lang='lat' dir='ltr'>vices</span> <span class='ocrx_word' id='word_1_125' title='bbox 451 1248 523 1271; x_wconf 91' lang='lat' dir='ltr'>suas</span> <span class='ocrx_word' id='word_1_126' title='bbox 545 1235 648 1282; x_wconf 89' lang='lat' dir='ltr'>quoad</span> <span class='ocrx_word' id='word_1_127' title='bbox 681 1235 892 1281; x_wconf 80' lang='lat' dir='ltr'>cognitionem</span> <span class='ocrx_word' id='word_1_128' title='bbox 928 1245 1035 1268; x_wconf 86' lang='lat' dir='ltr'>causa-</span> 
     </span>
     <span class='ocr_line' id='line_1_29' title="bbox 286 1283 1032 1323; baseline -0.005 -3"><span class='ocrx_word' id='word_1_129' title='bbox 286 1298 354 1320; x_wconf 78' lang='lat' dir='ltr'>rum</span> <span class='ocrx_word' id='word_1_130' title='bbox 384 1285 492 1320; x_wconf 86' lang='lat' dir='ltr'>talium</span> <span class='ocrx_word' id='word_1_131' title='bbox 533 1285 774 1320; x_wconf 91' lang='lat' dir='ltr'>commissarum</span> <span class='ocrx_word' id='word_1_132' title='bbox 809 1283 952 1323; x_wconf 81' lang='lat' dir='ltr'>eisdem,</span> <span class='ocrx_word' id='word_1_133' title='bbox 987 1283 1032 1316; x_wconf 88' lang='lat' dir='ltr'>vel</span> 
     </span>
     <span class='ocr_line' id='line_1_30' title="bbox 286 1332 1034 1381; baseline -0.003 -13"><span class='ocrx_word' id='word_1_134' title='bbox 286 1335 475 1381; x_wconf 81' lang='lat' dir='ltr'>prolationes</span> <span class='ocrx_word' id='word_1_135' title='bbox 502 1334 808 1370; x_wconf 86' lang='lat' dir='ltr'>interlocutoriarum</span> <span class='ocrx_word' id='word_1_136' title='bbox 827 1334 872 1368; x_wconf 88' lang='lat' dir='ltr'>vel</span> <span class='ocrx_word' id='word_1_137' title='bbox 890 1332 1034 1367; x_wconf 80' lang='lat' dir='ltr'>diffiniti-</span> 
     </span>
     <span class='ocr_line' id='line_1_31' title="bbox 286 1383 1031 1437; baseline -0.001 -20"><span class='ocrx_word' id='word_1_138' title='bbox 286 1396 392 1419; x_wconf 58' lang='lat' dir='ltr'>iarum</span> <span class='ocrx_word' id='word_1_139' title='bbox 421 1385 661 1429; x_wconf 87' lang='lat' dir='ltr'>sententiarum,</span> <span class='ocrx_word' id='word_1_140' title='bbox 692 1392 745 1418; x_wconf 90' lang='lat' dir='ltr'>aut</span> <span class='ocrx_word' id='word_1_141' title='bbox 782 1383 932 1437; x_wconf 85' lang='lat' dir='ltr'>ipsarum</span> <span class='ocrx_word' id='word_1_142' title='bbox 960 1394 1031 1416; x_wconf 85' lang='lat' dir='ltr'>exe-</span> 
     </span>
     <span class='ocr_line' id='line_1_32' title="bbox 285 1431 1034 1488; baseline -0.004 -21"><span class='ocrx_word' id='word_1_143' title='bbox 285 1434 427 1469; x_wconf 84' lang='lat' dir='ltr'>cutiones</span> <span class='ocrx_word' id='word_1_144' title='bbox 448 1434 644 1469; x_wconf 87' lang='lat' dir='ltr'>committere</span> <span class='ocrx_word' id='word_1_145' title='bbox 667 1440 838 1488; x_wconf 76' lang='lat' dir='ltr'>nequeant,</span> <span class='ocrx_word' id='word_1_146' title='bbox 875 1432 932 1467; x_wconf 87' lang='lat' dir='ltr'>nisi</span> <span class='ocrx_word' id='word_1_147' title='bbox 974 1431 1034 1470; x_wconf 82' lang='lat' dir='ltr'>his</span> 
     </span>
     <span class='ocr_line' id='line_1_33' title="bbox 285 1480 1037 1530; baseline -0.003 -13"><span class='ocrx_word' id='word_1_148' title='bbox 285 1484 337 1530; x_wconf 78' lang='lat' dir='ltr'>qui</span> <span class='ocrx_word' id='word_1_149' title='bbox 363 1484 391 1518; x_wconf 88' lang='lat' dir='ltr'>in</span> <span class='ocrx_word' id='word_1_150' title='bbox 420 1484 559 1519; x_wconf 89' lang='lat' dir='ltr'>eiusdem</span> <span class='ocrx_word' id='word_1_151' title='bbox 583 1483 718 1519; x_wconf 87' lang='lat' dir='ltr'>civitatis</span> <span class='ocrx_word' id='word_1_152' title='bbox 736 1481 906 1518; x_wconf 74' lang='lat' dir='ltr'>cathedrali</span> <span class='ocrx_word' id='word_1_153' title='bbox 930 1480 1037 1516; x_wconf 89' lang='lat' dir='ltr'>Eccle-</span> 
     </span>
     <span class='ocr_line' id='line_1_34' title="bbox 285 1530 1034 1580; baseline -0.001 -14"><span class='ocrx_word' id='word_1_154' title='bbox 285 1535 328 1567; x_wconf 83' lang='lat' dir='ltr'>sia</span> <span class='ocrx_word' id='word_1_155' title='bbox 352 1534 585 1574; x_wconf 86' lang='lat' dir='ltr'>canonicatum,</span> <span class='ocrx_word' id='word_1_156' title='bbox 614 1532 660 1568; x_wconf 86' lang='lat' dir='ltr'>vel</span> <span class='ocrx_word' id='word_1_157' title='bbox 685 1535 714 1567; x_wconf 87' lang='lat' dir='ltr'>in</span> <span class='ocrx_word' id='word_1_158' title='bbox 740 1532 815 1580; x_wconf 89' lang='lat' dir='ltr'>ipsis</span> <span class='ocrx_word' id='word_1_159' title='bbox 839 1532 962 1566; x_wconf 87' lang='lat' dir='ltr'>civitate</span> <span class='ocrx_word' id='word_1_160' title='bbox 986 1530 1034 1565; x_wconf 90' lang='lat' dir='ltr'>vel</span> 
     </span>
     <span class='ocr_line' id='line_1_35' title="bbox 286 1581 1034 1630; baseline 0 -15"><span class='ocrx_word' id='word_1_161' title='bbox 286 1583 419 1618; x_wconf 85' lang='lat' dir='ltr'>dioecesi</span> <span class='ocrx_word' id='word_1_162' title='bbox 444 1583 627 1630; x_wconf 83' lang='lat' dir='ltr'>dignitatem</span> <span class='ocrx_word' id='word_1_163' title='bbox 655 1582 812 1626; x_wconf 83' lang='lat' dir='ltr'>obtinent,</span> <span class='ocrx_word' id='word_1_164' title='bbox 843 1593 896 1616; x_wconf 89' lang='lat' dir='ltr'>seu</span> <span class='ocrx_word' id='word_1_165' title='bbox 942 1581 1034 1616; x_wconf 89' lang='lat' dir='ltr'>etiam</span> 
     </span>
     <span class='ocr_line' id='line_1_36' title="bbox 288 1631 1036 1678; baseline -0.001 -12"><span class='ocrx_word' id='word_1_166' title='bbox 288 1641 501 1678; x_wconf 81' lang='lat' dir='ltr'>personatum,</span> <span class='ocrx_word' id='word_1_167' title='bbox 523 1632 578 1668; x_wconf 90' lang='lat' dir='ltr'>sed</span> <span class='ocrx_word' id='word_1_168' title='bbox 602 1644 659 1667; x_wconf 91' lang='lat' dir='ltr'>nec</span> <span class='ocrx_word' id='word_1_169' title='bbox 681 1632 736 1667; x_wconf 88' lang='lat' dir='ltr'>alia</span> <span class='ocrx_word' id='word_1_170' title='bbox 776 1631 875 1666; x_wconf 86' lang='lat' dir='ltr'>media</span> <span class='ocrx_word' id='word_1_171' title='bbox 913 1642 1036 1675; x_wconf 85' lang='lat' dir='ltr'>causae,</span> 
     </span>
     <span class='ocr_line' id='line_1_37' title="bbox 287 1682 1037 1718; baseline -0.003 -2"><span class='ocrx_word' id='word_1_172' title='bbox 287 1683 434 1718; x_wconf 79' lang='lat' dir='ltr'>articulos</span> <span class='ocrx_word' id='word_1_173' title='bbox 456 1684 502 1717; x_wconf 84' lang='lat' dir='ltr'>vel</span> <span class='ocrx_word' id='word_1_174' title='bbox 526 1683 699 1717; x_wconf 89' lang='lat' dir='ltr'>ministeria</span> <span class='ocrx_word' id='word_1_175' title='bbox 720 1690 803 1716; x_wconf 90' lang='lat' dir='ltr'>certa</span> <span class='ocrx_word' id='word_1_176' title='bbox 819 1682 938 1716; x_wconf 90' lang='lat' dir='ltr'>minora</span> <span class='ocrx_word' id='word_1_177' title='bbox 955 1692 1037 1715; x_wconf 93' lang='lat' dir='ltr'>com</span> 
     </span>
     <span class='ocr_line' id='line_1_38' title="bbox 288 1731 1034 1780; baseline -0.004 -13"><span class='ocrx_word' id='word_1_178' title='bbox 288 1733 409 1768; x_wconf 91' lang='lat' dir='ltr'>mittere</span> <span class='ocrx_word' id='word_1_179' title='bbox 437 1733 538 1773; x_wconf 81' lang='lat' dir='ltr'>liceat,</span> <span class='ocrx_word' id='word_1_180' title='bbox 562 1733 620 1768; x_wconf 92' lang='lat' dir='ltr'>nisi</span> <span class='ocrx_word' id='word_1_181' title='bbox 645 1732 789 1780; x_wconf 86' lang='lat' dir='ltr'>personis</span> <span class='ocrx_word' id='word_1_182' title='bbox 822 1732 954 1766; x_wconf 79' lang='lat' dir='ltr'>civitatis</span> <span class='ocrx_word' id='word_1_183' title='bbox 990 1731 1034 1764; x_wconf 73' lang='lat' dir='ltr'>vel</span> 
     </span>
     <span class='ocr_line' id='line_1_39' title="bbox 287 1782 653 1818; baseline 0 -2"><span class='ocrx_word' id='word_1_184' title='bbox 287 1784 440 1818; x_wconf 84' lang='lat' dir='ltr'>dioecesis</span> <span class='ocrx_word' id='word_1_185' title='bbox 459 1782 653 1818; x_wconf 87' lang='lat' dir='ltr'>earumdem.</span> 
     </span>
    </p>

    <p class='ocr_par' dir='ltr' id='par_1_10' title="bbox 288 1831 1043 2724">
     <span class='ocr_line' id='line_1_40' title="bbox 336 1831 1035 1887; baseline -0.004 -19"><span class='ocrx_word' id='word_1_186' title='bbox 336 1833 356 1880; x_wconf 66' lang='lat' dir='ltr'>S</span> <span class='ocrx_word' id='word_1_187' title='bbox 392 1835 423 1867; x_wconf 82' lang='lat'>5.</span> <span class='ocrx_word' id='word_1_188' title='bbox 463 1832 543 1868; x_wconf 90' lang='lat' dir='ltr'>Cum</span> <span class='ocrx_word' id='word_1_189' title='bbox 572 1841 678 1868; x_wconf 90' lang='lat' dir='ltr'>autem</span> <span class='ocrx_word' id='word_1_190' title='bbox 720 1840 827 1866; x_wconf 90' lang='lat' dir='ltr'>contra</span> <span class='ocrx_word' id='word_1_191' title='bbox 864 1831 1035 1887; x_wconf 80' lang='lat' dir='ltr'>capitulum</span> 
     </span>
     <span class='ocr_line' id='line_1_41' title="bbox 288 1881 1036 1920; baseline 0 -4"><span class='ocrx_word' id='word_1_192' title='bbox 288 1883 475 1918; x_wconf 88' lang='lat' dir='ltr'>cathedralis</span> <span class='ocrx_word' id='word_1_193' title='bbox 522 1882 679 1917; x_wconf 82' lang='lat' dir='ltr'>Ecclesiae</span> <span class='ocrx_word' id='word_1_194' title='bbox 709 1882 843 1916; x_wconf 88' lang='lat' dir='ltr'>alicuius</span> <span class='ocrx_word' id='word_1_195' title='bbox 881 1881 1036 1920; x_wconf 83' lang='lat' dir='ltr'>civitatis</span> 
     </span>
     <span class='ocr_line' id='line_1_42' title="bbox 289 1931 1039 1986; baseline -0.001 -21"><span class='ocrx_word' id='word_1_196' title='bbox 289 1933 334 1966; x_wconf 67' lang='grc' dir='ltr'>ιρι</span> <span class='ocrx_word' id='word_1_197' title='bbox 362 1933 539 1978; x_wconf 79' lang='lat' dir='ltr'>singulares</span> <span class='ocrx_word' id='word_1_198' title='bbox 567 1943 716 1979; x_wconf 86' lang='lat' dir='ltr'>personas</span> <span class='ocrx_word' id='word_1_199' title='bbox 732 1931 851 1986; x_wconf 70' lang='lat' dir='ltr'>ipsius,</span> <span class='ocrx_word' id='word_1_200' title='bbox 879 1938 933 1966; x_wconf 85' lang='lat' dir='ltr'>aut</span> <span class='ocrx_word' id='word_1_201' title='bbox 961 1943 1039 1966; x_wconf 90' lang='lat' dir='ltr'>con-</span> 
     </span>
     <span class='ocr_line' id='line_1_43' title="bbox 290 1981 1037 2029; baseline -0.001 -14"><span class='ocrx_word' id='word_1_202' title='bbox 290 1990 334 2016; x_wconf 87' lang='lat' dir='ltr'>tra</span> <span class='ocrx_word' id='word_1_203' title='bbox 374 1982 591 2017; x_wconf 90' lang='lat' dir='ltr'>immediatum</span> <span class='ocrx_word' id='word_1_204' title='bbox 632 1981 827 2029; x_wconf 71' lang='lat' dir='ltr'>superiorem</span> <span class='ocrx_word' id='word_1_205' title='bbox 872 1981 1037 2028; x_wconf 86' lang='lat' dir='ltr'>ipsorum</span> 
     </span>
     <span class='ocr_line' id='line_1_44' title="bbox 291 2030 1039 2079; baseline -0.001 -14"><span class='ocrx_word' id='word_1_206' title='bbox 291 2039 399 2079; x_wconf 82' lang='lat' dir='ltr'>utpote</span> <span class='ocrx_word' id='word_1_207' title='bbox 427 2031 648 2079; x_wconf 82' lang='lat' dir='ltr'>patriarcham,</span> <span class='ocrx_word' id='word_1_208' title='bbox 671 2031 847 2078; x_wconf 85' lang='lat' dir='ltr'>primatem,</span> <span class='ocrx_word' id='word_1_209' title='bbox 880 2030 1039 2076; x_wconf 88' lang='lat' dir='ltr'>archiepi—</span> 
     </span>
     <span class='ocr_line' id='line_1_45' title="bbox 290 2080 1039 2137; baseline -0.003 -21"><span class='ocrx_word' id='word_1_210' title='bbox 290 2093 422 2128; x_wconf 86' lang='lat' dir='ltr'>scopum</span> <span class='ocrx_word' id='word_1_211' title='bbox 443 2081 488 2116; x_wconf 91' lang='lat' dir='ltr'>vel</span> <span class='ocrx_word' id='word_1_212' title='bbox 508 2082 695 2137; x_wconf 81' lang='lat' dir='ltr'>episcopum</span> <span class='ocrx_word' id='word_1_213' title='bbox 715 2080 897 2115; x_wconf 86' lang='lat' dir='ltr'>huiusmodi</span> <span class='ocrx_word' id='word_1_214' title='bbox 921 2080 1039 2115; x_wconf 83' lang='lat' dir='ltr'>litterae</span> 
     </span>
     <span class='ocr_line' id='line_1_46' title="bbox 291 2130 1039 2178; baseline -0.001 -13"><span class='ocrx_word' id='word_1_215' title='bbox 291 2131 329 2167; x_wconf 88' lang='lat' dir='ltr'>de</span> <span class='ocrx_word' id='word_1_216' title='bbox 351 2130 483 2177; x_wconf 88' lang='lat' dir='ltr'>simplici</span> <span class='ocrx_word' id='word_1_217' title='bbox 507 2131 623 2166; x_wconf 84' lang='lat' dir='ltr'>iustitia</span> <span class='ocrx_word' id='word_1_218' title='bbox 646 2132 864 2178; x_wconf 81' lang='lat' dir='ltr'>impetrantur,</span> <span class='ocrx_word' id='word_1_219' title='bbox 892 2142 1039 2177; x_wconf 85' lang='lat' dir='ltr'>expresse</span> 
     </span>
     <span class='ocr_line' id='line_1_47' title="bbox 291 2180 1040 2228; baseline -0.001 -14"><span class='ocrx_word' id='word_1_220' title='bbox 291 2181 491 2228; x_wconf 88' lang='lat' dir='ltr'>impetratore</span> <span class='ocrx_word' id='word_1_221' title='bbox 514 2181 654 2220; x_wconf 89' lang='lat' dir='ltr'>v,olente</span> <span class='ocrx_word' id='word_1_222' title='bbox 678 2180 810 2215; x_wconf 88' lang='lat' dir='ltr'>concedi</span> <span class='ocrx_word' id='word_1_223' title='bbox 836 2187 980 2226; x_wconf 86' lang='lat' dir='ltr'>poterunt</span> <span class='ocrx_word' id='word_1_224' title='bbox 997 2192 1040 2213; x_wconf 91' lang='grc' dir='ltr'>ιιι-</span> 
     </span>
     <span class='ocr_line' id='line_1_48' title="bbox 291 2230 1040 2278; baseline 0 -14"><span class='ocrx_word' id='word_1_225' title='bbox 291 2230 379 2265; x_wconf 80' lang='lat' dir='ltr'>dices</span> <span class='ocrx_word' id='word_1_226' title='bbox 401 2231 509 2265; x_wconf 87' lang='lat' dir='ltr'>talium</span> <span class='ocrx_word' id='word_1_227' title='bbox 534 2230 719 2269; x_wconf 87' lang='lat' dir='ltr'>litterarum</span> <span class='ocrx_word' id='word_1_228' title='bbox 742 2231 793 2278; x_wconf 88' lang='lat' dir='ltr'>qui</span> <span class='ocrx_word' id='word_1_229' title='bbox 817 2230 848 2264; x_wconf 91' lang='lat' dir='ltr'>in</span> <span class='ocrx_word' id='word_1_230' title='bbox 878 2230 942 2277; x_wconf 87' lang='lat' dir='ltr'>ipsa</span> <span class='ocrx_word' id='word_1_231' title='bbox 987 2241 1040 2264; x_wconf 82' lang='lat' dir='ltr'>ca—</span> 
     </span>
     <span class='ocr_line' id='line_1_49' title="bbox 294 2279 1039 2322; baseline -0.003 -8"><span class='ocrx_word' id='word_1_232' title='bbox 294 2280 423 2315; x_wconf 89' lang='lat' dir='ltr'>thedrali</span> <span class='ocrx_word' id='word_1_233' title='bbox 466 2279 606 2315; x_wconf 83' lang='lat' dir='ltr'>Ecclesia</span> <span class='ocrx_word' id='word_1_234' title='bbox 643 2282 861 2315; x_wconf 84' lang='lat' dir='ltr'>canonicatum</span> <span class='ocrx_word' id='word_1_235' title='bbox 903 2279 1039 2322; x_wconf 85' lang='lat' dir='ltr'>habeut,</span> 
     </span>
     <span class='ocr_line' id='line_1_50' title="bbox 295 2329 1039 2377; baseline -0.001 -14"><span class='ocrx_word' id='word_1_236' title='bbox 295 2331 338 2364; x_wconf 85' lang='lat' dir='ltr'>vel</span> <span class='ocrx_word' id='word_1_237' title='bbox 363 2338 563 2377; x_wconf 86' lang='lat' dir='ltr'>personatum</span> <span class='ocrx_word' id='word_1_238' title='bbox 592 2342 646 2365; x_wconf 92' lang='lat' dir='ltr'>seu</span> <span class='ocrx_word' id='word_1_239' title='bbox 682 2330 867 2376; x_wconf 80' lang='lat' dir='ltr'>dignitatem</span> <span class='ocrx_word' id='word_1_240' title='bbox 906 2330 935 2363; x_wconf 89' lang='lat' dir='ltr'>in</span> <span class='ocrx_word' id='word_1_241' title='bbox 976 2329 1039 2362; x_wconf 83' lang='lat' dir='ltr'>eis-</span> 
     </span>
     <span class='ocr_line' id='line_1_51' title="bbox 293 2378 1043 2423; baseline -0.003 -10"><span class='ocrx_word' id='word_1_242' title='bbox 293 2379 363 2414; x_wconf 90' lang='lat' dir='ltr'>dem</span> <span class='ocrx_word' id='word_1_243' title='bbox 387 2380 509 2414; x_wconf 87' lang='lat' dir='ltr'>civitate</span> <span class='ocrx_word' id='word_1_244' title='bbox 533 2391 588 2414; x_wconf 89' lang='lat' dir='ltr'>seu</span> <span class='ocrx_word' id='word_1_245' title='bbox 611 2379 759 2420; x_wconf 71' lang='lat' dir='ltr'>dioecesi3</span> <span class='ocrx_word' id='word_1_246' title='bbox 787 2380 847 2423; x_wconf 85' lang='lat' dir='ltr'>vcl,</span> <span class='ocrx_word' id='word_1_247' title='bbox 870 2379 893 2413; x_wconf 81' lang='lat' dir='ltr'>si</span> <span class='ocrx_word' id='word_1_248' title='bbox 926 2378 1043 2413; x_wconf 84' lang='lat' dir='ltr'>malue-</span> 
     </span>
     <span class='ocr_line' id='line_1_52' title="bbox 295 2428 1041 2476; baseline -0.001 -13"><span class='ocrx_word' id='word_1_249' title='bbox 295 2431 332 2464; x_wconf 78' lang='lat' dir='ltr'>rit</span> <span class='ocrx_word' id='word_1_250' title='bbox 353 2430 545 2476; x_wconf 78' lang='lat' dir='ltr'>impetrator,</span> <span class='ocrx_word' id='word_1_251' title='bbox 580 2428 792 2463; x_wconf 89' lang='lat' dir='ltr'>concedantur</span> <span class='ocrx_word' id='word_1_252' title='bbox 827 2429 957 2473; x_wconf 85' lang='lat' dir='ltr'>iudices,</span> <span class='ocrx_word' id='word_1_253' title='bbox 988 2429 1041 2474; x_wconf 84' lang='lat' dir='ltr'>qui</span> 
     </span>
     <span class='ocr_line' id='line_1_53' title="bbox 294 2477 1043 2513; baseline 0 0"><span class='ocrx_word' id='word_1_254' title='bbox 294 2480 513 2513; x_wconf 77' lang='lat' dir='ltr'>canonicatum</span> <span class='ocrx_word' id='word_1_255' title='bbox 538 2478 673 2513; x_wconf 86' lang='lat' dir='ltr'>habeant</span> <span class='ocrx_word' id='word_1_256' title='bbox 708 2479 737 2513; x_wconf 91' lang='lat' dir='ltr'>in</span> <span class='ocrx_word' id='word_1_257' title='bbox 778 2479 944 2513; x_wconf 81' lang='lat' dir='ltr'>cathedrali</span> <span class='ocrx_word' id='word_1_258' title='bbox 981 2477 1043 2513; x_wconf 90' lang='lat' dir='ltr'>Ec-</span> 
     </span>
     <span class='ocr_line' id='line_1_54' title="bbox 295 2527 1041 2575; baseline -0.001 -13"><span class='ocrx_word' id='word_1_259' title='bbox 295 2529 387 2563; x_wconf 82' lang='lat' dir='ltr'>clesia</span> <span class='ocrx_word' id='word_1_260' title='bbox 411 2529 554 2567; x_wconf 85' lang='lat' dir='ltr'>civitatis,</span> <span class='ocrx_word' id='word_1_261' title='bbox 584 2527 630 2562; x_wconf 77' lang='lat' dir='ltr'>vel</span> <span class='ocrx_word' id='word_1_262' title='bbox 668 2537 868 2575; x_wconf 81' lang='lat' dir='ltr'>personatum</span> <span class='ocrx_word' id='word_1_263' title='bbox 902 2540 956 2562; x_wconf 87' lang='lat' dir='ltr'>seu</span> <span class='ocrx_word' id='word_1_264' title='bbox 992 2527 1041 2561; x_wconf 90' lang='lat' dir='ltr'>di-</span> 
     </span>
     <span class='ocr_line' id='line_1_55' title="bbox 295 2577 1043 2625; baseline -0.003 -13"><span class='ocrx_word' id='word_1_265' title='bbox 295 2580 445 2625; x_wconf 80' lang='lat' dir='ltr'>gnitatem</span> <span class='ocrx_word' id='word_1_266' title='bbox 470 2580 500 2613; x_wconf 89' lang='lat' dir='ltr'>in</span> <span class='ocrx_word' id='word_1_267' title='bbox 523 2578 632 2613; x_wconf 88' lang='lat' dir='ltr'>eadem</span> <span class='ocrx_word' id='word_1_268' title='bbox 662 2579 784 2612; x_wconf 84' lang='lat' dir='ltr'>civitate</span> <span class='ocrx_word' id='word_1_269' title='bbox 807 2578 852 2611; x_wconf 79' lang='lat' dir='ltr'>vel</span> <span class='ocrx_word' id='word_1_270' title='bbox 875 2578 942 2612; x_wconf 82' lang='lat' dir='ltr'>eius</span> <span class='ocrx_word' id='word_1_271' title='bbox 960 2577 1043 2612; x_wconf 83' lang='lat' dir='ltr'>dioe-</span> 
     </span>
     <span class='ocr_line' id='line_1_56' title="bbox 296 2627 1043 2668; baseline -0.001 -6"><span class='ocrx_word' id='word_1_272' title='bbox 296 2630 357 2662; x_wconf 89' lang='lat' dir='ltr'>cesi</span> <span class='ocrx_word' id='word_1_273' title='bbox 396 2629 516 2668; x_wconf 74' lang='lat' dir='ltr'>vicinis,</span> <span class='ocrx_word' id='word_1_274' title='bbox 546 2628 705 2663; x_wconf 86' lang='lat' dir='ltr'>continuis</span> <span class='ocrx_word' id='word_1_275' title='bbox 745 2640 798 2662; x_wconf 87' lang='lat' dir='ltr'>seu</span> <span class='ocrx_word' id='word_1_276' title='bbox 841 2627 1043 2662; x_wconf 83' lang='lat' dir='ltr'>conterminis</span> 
     </span>
     <span class='ocr_line' id='line_1_57' title="bbox 296 2677 1043 2724; baseline -0.004 -11"><span class='ocrx_word' id='word_1_277' title='bbox 296 2678 409 2713; x_wconf 83' lang='lat' dir='ltr'>civitati</span> <span class='ocrx_word' id='word_1_278' title='bbox 438 2678 486 2713; x_wconf 74' lang='lat' dir='ltr'>vel</span> <span class='ocrx_word' id='word_1_279' title='bbox 509 2678 644 2712; x_wconf 79' lang='lat' dir='ltr'>dioecesi</span> <span class='ocrx_word' id='word_1_280' title='bbox 668 2677 804 2717; x_wconf 76' lang='lat' dir='ltr'>illorum,</span> <span class='ocrx_word' id='word_1_281' title='bbox 827 2686 931 2711; x_wconf 89' lang='lat' dir='ltr'>contra</span> <span class='ocrx_word' id='word_1_282' title='bbox 952 2689 1043 2724; x_wconf 74' lang='lat' dir='ltr'>quos,</span> 
     </span>
    </p>

    <p class='ocr_par' dir='ltr' id='par_1_11' title="bbox 376 2735 903 2766">
     <span class='ocr_line' id='line_1_58' title="bbox 376 2735 903 2766; baseline -0.004 -1"><span class='ocrx_word' id='word_1_283' title='bbox 376 2736 450 2766; x_wconf 71' lang='lat' dir='ltr'>Ball.</span> <span class='ocrx_word' id='word_1_284' title='bbox 474 2736 548 2765; x_wconf 80' lang='grc' dir='ltr'>Πυιιι.</span> <span class='ocrx_word' id='word_1_285' title='bbox 577 2735 630 2764; x_wconf 81' lang='lat' dir='ltr'>t&#39;ol.</span> <span class='ocrx_word' id='word_1_286' title='bbox 654 2735 698 2763; x_wconf 72' lang='lat' dir='ltr'>lt‘.</span> <span class='ocrx_word' id='word_1_287' title='bbox 870 2735 903 2763; x_wconf 82' lang='lat'>17</span> 
     </span>
    </p>
   </div>
   <div class='ocr_carea' id='block_1_9' title="bbox 1046 452 1055 1081">
    <p class='ocr_par' dir='ltr' id='par_1_12' title="bbox 1046 452 1055 1081">
     <span class='ocr_line' id='line_1_59' title="bbox 1046 452 1055 1081; baseline 0 0"><span class='ocrx_word' id='word_1_288' title='bbox 1046 452 1055 1081; x_wconf 95' lang='lat' dir='ltr'> </span> 
     </span>
    </p>
   </div>
   <div class='ocr_carea' id='block_1_10' title="bbox 1697 272 1764 305">
    <p class='ocr_par' dir='ltr' id='par_1_13' title="bbox 1697 272 1764 305">
     <span class='ocr_line' id='line_1_60' title="bbox 1697 272 1764 305; baseline 0.015 -1"><span class='ocrx_word' id='word_1_289' title='bbox 1697 272 1764 305; x_wconf 71' lang='lat'>129</span> 
     </span>
    </p>
   </div>
   <div class='ocr_carea' id='block_1_11' title="bbox 1068 337 1824 1271">
    <p class='ocr_par' dir='ltr' id='par_1_14' title="bbox 1068 337 1818 623">
     <span class='ocr_line' id='line_1_61' title="bbox 1068 337 1814 385; baseline -0.001 -13"><span class='ocrx_word' id='word_1_290' title='bbox 1068 348 1098 372; x_wconf 86' lang='grc' dir='ltr'>ιιι</span> <span class='ocrx_word' id='word_1_291' title='bbox 1123 337 1342 385; x_wconf 86' lang='lat' dir='ltr'>praemittitur,</span> <span class='ocrx_word' id='word_1_292' title='bbox 1364 338 1574 372; x_wconf 80' lang='lat' dir='ltr'>talesiudices</span> <span class='ocrx_word' id='word_1_293' title='bbox 1598 337 1814 384; x_wconf 86' lang='lat' dir='ltr'>impetrantur:</span> 
     </span>
     <span class='ocr_line' id='line_1_62' title="bbox 1068 386 1816 423; baseline 0 -2"><span class='ocrx_word' id='word_1_294' title='bbox 1068 389 1097 422; x_wconf 89' lang='lat' dir='ltr'>in</span> <span class='ocrx_word' id='word_1_295' title='bbox 1121 388 1181 423; x_wconf 91' lang='lat' dir='ltr'>hoc</span> <span class='ocrx_word' id='word_1_296' title='bbox 1208 387 1299 422; x_wconf 89' lang='lat' dir='ltr'>etiam</span> <span class='ocrx_word' id='word_1_297' title='bbox 1340 400 1413 422; x_wconf 86' lang='lat' dir='ltr'>casu</span> <span class='ocrx_word' id='word_1_298' title='bbox 1456 387 1562 422; x_wconf 91' lang='lat' dir='ltr'>nullus</span> <span class='ocrx_word' id='word_1_299' title='bbox 1603 395 1688 422; x_wconf 81' lang='lat' dir='ltr'>extra</span> <span class='ocrx_word' id='word_1_300' title='bbox 1717 386 1816 423; x_wconf 82' lang='lat' dir='ltr'>dictas</span> 
     </span>
     <span class='ocr_line' id='line_1_63' title="bbox 1068 437 1816 474; baseline -0.001 -2"><span class='ocrx_word' id='word_1_301' title='bbox 1068 439 1210 474; x_wconf 77' lang='lat' dir='ltr'>civitates</span> <span class='ocrx_word' id='word_1_302' title='bbox 1240 437 1285 472; x_wconf 83' lang='lat' dir='ltr'>vel</span> <span class='ocrx_word' id='word_1_303' title='bbox 1309 437 1470 474; x_wconf 84' lang='lat' dir='ltr'>dioeceses</span> <span class='ocrx_word' id='word_1_304' title='bbox 1496 438 1533 473; x_wconf 90' lang='lat' dir='ltr'>ad</span> <span class='ocrx_word' id='word_1_305' title='bbox 1563 437 1712 473; x_wconf 86' lang='lat' dir='ltr'>iudicium</span> <span class='ocrx_word' id='word_1_306' title='bbox 1741 449 1816 472; x_wconf 89' lang='lat' dir='ltr'>evo-</span> 
     </span>
     <span class='ocr_line' id='line_1_64' title="bbox 1069 486 1816 535; baseline -0.001 -14"><span class='ocrx_word' id='word_1_307' title='bbox 1069 497 1168 533; x_wconf 83' lang='lat' dir='ltr'>cetur,</span> <span class='ocrx_word' id='word_1_308' title='bbox 1197 499 1253 522; x_wconf 89' lang='lat' dir='ltr'>nec</span> <span class='ocrx_word' id='word_1_309' title='bbox 1280 488 1467 535; x_wconf 80' lang='lat' dir='ltr'>procedatur</span> <span class='ocrx_word' id='word_1_310' title='bbox 1499 495 1605 522; x_wconf 87' lang='lat' dir='ltr'>contra</span> <span class='ocrx_word' id='word_1_311' title='bbox 1647 500 1724 531; x_wconf 89' lang='lat' dir='ltr'>eos,</span> <span class='ocrx_word' id='word_1_312' title='bbox 1763 486 1816 534; x_wconf 87' lang='lat' dir='ltr'>qui</span> 
     </span>
     <span class='ocr_line' id='line_1_65' title="bbox 1070 536 1818 573; baseline -0.001 -1"><span class='ocrx_word' id='word_1_313' title='bbox 1070 550 1132 572; x_wconf 91' lang='lat' dir='ltr'>non</span> <span class='ocrx_word' id='word_1_314' title='bbox 1156 538 1271 572; x_wconf 79' lang='lat' dir='ltr'>fuerint</span> <span class='ocrx_word' id='word_1_315' title='bbox 1293 537 1332 572; x_wconf 89' lang='lat' dir='ltr'>de</span> <span class='ocrx_word' id='word_1_316' title='bbox 1351 536 1528 573; x_wconf 84' lang='lat' dir='ltr'>civitatibus</span> <span class='ocrx_word' id='word_1_317' title='bbox 1549 538 1594 572; x_wconf 89' lang='lat' dir='ltr'>vel</span> <span class='ocrx_word' id='word_1_318' title='bbox 1617 536 1818 572; x_wconf 83' lang='lat' dir='ltr'>dioecesibus</span> 
     </span>
     <span class='ocr_line' id='line_1_66' title="bbox 1072 588 1262 623; baseline -0.005 -1"><span class='ocrx_word' id='word_1_319' title='bbox 1072 588 1262 623; x_wconf 86' lang='lat' dir='ltr'>memoratis.</span> 
     </span>
    </p>

    <p class='ocr_par' dir='ltr' id='par_1_15' title="bbox 1070 637 1824 1271">
     <span class='ocr_line' id='line_1_67' title="bbox 1119 637 1819 685; baseline -0.001 -13"><span class='ocrx_word' id='word_1_320' title='bbox 1119 638 1138 685; x_wconf 69' lang='lat' dir='ltr'>S</span> <span class='ocrx_word' id='word_1_321' title='bbox 1166 639 1197 672; x_wconf 88' lang='grc'>6.</span> <span class='ocrx_word' id='word_1_322' title='bbox 1224 637 1269 672; x_wconf 89' lang='lat' dir='ltr'>De</span> <span class='ocrx_word' id='word_1_323' title='bbox 1292 638 1406 678; x_wconf 76' lang='lat' dir='ltr'>causis,</span> <span class='ocrx_word' id='word_1_324' title='bbox 1429 637 1611 672; x_wconf 84' lang='lat' dir='ltr'>auctoritate</span> <span class='ocrx_word' id='word_1_325' title='bbox 1634 646 1662 671; x_wconf 87' lang='lat' dir='ltr'>et</span> <span class='ocrx_word' id='word_1_326' title='bbox 1686 637 1819 685; x_wconf 80' lang='lat' dir='ltr'>negotiis</span> 
     </span>
     <span class='ocr_line' id='line_1_68' title="bbox 1070 686 1820 731; baseline 0 -10"><span class='ocrx_word' id='word_1_327' title='bbox 1070 688 1129 723; x_wconf 85' lang='lat' dir='ltr'>sihi</span> <span class='ocrx_word' id='word_1_328' title='bbox 1154 688 1331 723; x_wconf 86' lang='lat' dir='ltr'>commissis</span> <span class='ocrx_word' id='word_1_329' title='bbox 1360 688 1388 722; x_wconf 91' lang='lat' dir='ltr'>in</span> <span class='ocrx_word' id='word_1_330' title='bbox 1413 688 1549 731; x_wconf 86' lang='lat' dir='ltr'>civitate,</span> <span class='ocrx_word' id='word_1_331' title='bbox 1573 688 1602 721; x_wconf 91' lang='lat' dir='ltr'>in</span> <span class='ocrx_word' id='word_1_332' title='bbox 1631 687 1721 721; x_wconf 82' lang='lat' dir='ltr'>cuius</span> <span class='ocrx_word' id='word_1_333' title='bbox 1756 686 1820 721; x_wconf 87' lang='lat' dir='ltr'>Ec—</span> 
     </span>
     <span class='ocr_line' id='line_1_69' title="bbox 1071 737 1819 783; baseline -0.003 -11"><span class='ocrx_word' id='word_1_334' title='bbox 1071 739 1163 773; x_wconf 82' lang='lat' dir='ltr'>clesia</span> <span class='ocrx_word' id='word_1_335' title='bbox 1179 738 1347 773; x_wconf 80' lang='lat' dir='ltr'>cathedrali</span> <span class='ocrx_word' id='word_1_336' title='bbox 1371 738 1604 778; x_wconf 88' lang='lat' dir='ltr'>canonicatum,</span> <span class='ocrx_word' id='word_1_337' title='bbox 1624 737 1668 771; x_wconf 80' lang='lat' dir='ltr'>vel</span> <span class='ocrx_word' id='word_1_338' title='bbox 1695 737 1723 771; x_wconf 93' lang='lat' dir='ltr'>in</span> <span class='ocrx_word' id='word_1_339' title='bbox 1747 748 1819 783; x_wconf 89' lang='lat' dir='ltr'>qua,</span> 
     </span>
     <span class='ocr_line' id='line_1_70' title="bbox 1071 786 1821 835; baseline -0.003 -13"><span class='ocrx_word' id='word_1_340' title='bbox 1071 801 1125 822; x_wconf 85' lang='lat' dir='ltr'>seu</span> <span class='ocrx_word' id='word_1_341' title='bbox 1155 789 1244 823; x_wconf 89' lang='lat' dir='ltr'>cuius</span> <span class='ocrx_word' id='word_1_342' title='bbox 1271 788 1418 833; x_wconf 85' lang='lat' dir='ltr'>dioecesi,</span> <span class='ocrx_word' id='word_1_343' title='bbox 1452 795 1654 835; x_wconf 86' lang='lat' dir='ltr'>personatum</span> <span class='ocrx_word' id='word_1_344' title='bbox 1691 786 1735 821; x_wconf 80' lang='lat' dir='ltr'>vel</span> <span class='ocrx_word' id='word_1_345' title='bbox 1772 786 1821 820; x_wconf 91' lang='lat' dir='ltr'>di-</span> 
     </span>
     <span class='ocr_line' id='line_1_71' title="bbox 1071 837 1820 885; baseline -0.001 -14"><span class='ocrx_word' id='word_1_346' title='bbox 1071 839 1220 885; x_wconf 80' lang='lat' dir='ltr'>gnitatem</span> <span class='ocrx_word' id='word_1_347' title='bbox 1245 838 1396 881; x_wconf 87' lang='lat' dir='ltr'>obtinent,</span> <span class='ocrx_word' id='word_1_348' title='bbox 1426 837 1584 872; x_wconf 85' lang='lat' dir='ltr'>dumtaxat</span> <span class='ocrx_word' id='word_1_349' title='bbox 1619 843 1820 883; x_wconf 85' lang='lat' dir='ltr'>cognoscant;</span> 
     </span>
     <span class='ocr_line' id='line_1_72' title="bbox 1074 887 1820 936; baseline -0.005 -13"><span class='ocrx_word' id='word_1_350' title='bbox 1074 902 1130 924; x_wconf 77' lang='lat' dir='ltr'>nec</span> <span class='ocrx_word' id='word_1_351' title='bbox 1152 888 1256 936; x_wconf 82' lang='lat' dir='ltr'>quoad</span> <span class='ocrx_word' id='word_1_352' title='bbox 1294 889 1506 935; x_wconf 84' lang='lat' dir='ltr'>cognitionem</span> <span class='ocrx_word' id='word_1_353' title='bbox 1540 887 1579 922; x_wconf 88' lang='lat' dir='ltr'>de</span> <span class='ocrx_word' id='word_1_354' title='bbox 1619 887 1753 934; x_wconf 84' lang='lat' dir='ltr'>negotiis</span> <span class='ocrx_word' id='word_1_355' title='bbox 1791 894 1820 920; x_wconf 88' lang='lat' dir='ltr'>et</span> 
     </span>
     <span class='ocr_line' id='line_1_73' title="bbox 1073 936 1821 986; baseline -0.005 -13"><span class='ocrx_word' id='word_1_356' title='bbox 1073 940 1176 974; x_wconf 84' lang='lat' dir='ltr'>causis</span> <span class='ocrx_word' id='word_1_357' title='bbox 1209 939 1284 986; x_wconf 83' lang='lat' dir='ltr'>ipsis</span> <span class='ocrx_word' id='word_1_358' title='bbox 1324 938 1531 985; x_wconf 88' lang='lat' dir='ltr'>prolationem</span> <span class='ocrx_word' id='word_1_359' title='bbox 1570 936 1821 971; x_wconf 84' lang='lat' dir='ltr'>interlocutoria-</span> 
     </span>
     <span class='ocr_line' id='line_1_74' title="bbox 1075 986 1820 1023; baseline -0.005 0"><span class='ocrx_word' id='word_1_360' title='bbox 1075 1001 1141 1023; x_wconf 90' lang='lat' dir='ltr'>rum</span> <span class='ocrx_word' id='word_1_361' title='bbox 1166 988 1212 1023; x_wconf 80' lang='lat' dir='ltr'>vel</span> <span class='ocrx_word' id='word_1_362' title='bbox 1242 987 1476 1022; x_wconf 72' lang='lat' dir='ltr'>diffinitiiaium</span> <span class='ocrx_word' id='word_1_363' title='bbox 1512 986 1737 1021; x_wconf 80' lang='lat' dir='ltr'>sententiarum</span> <span class='ocrx_word' id='word_1_364' title='bbox 1775 986 1820 1019; x_wconf 88' lang='lat' dir='ltr'>vel</span> 
     </span>
     <span class='ocr_line' id='line_1_75' title="bbox 1074 1033 1821 1093; baseline -0.005 -21"><span class='ocrx_word' id='word_1_365' title='bbox 1074 1039 1292 1074; x_wconf 71' lang='lat' dir='ltr'>executionem</span> <span class='ocrx_word' id='word_1_366' title='bbox 1335 1037 1475 1093; x_wconf 81' lang='lat' dir='ltr'>ipsarum</span> <span class='ocrx_word' id='word_1_367' title='bbox 1510 1036 1629 1084; x_wconf 86' lang='lat' dir='ltr'>possint</span> <span class='ocrx_word' id='word_1_368' title='bbox 1673 1035 1736 1080; x_wconf 91' lang='lat' dir='ltr'>alii,</span> <span class='ocrx_word' id='word_1_369' title='bbox 1775 1033 1821 1069; x_wconf 89' lang='lat' dir='ltr'>vel</span> 
     </span>
     <span class='ocr_line' id='line_1_76' title="bbox 1075 1083 1821 1133; baseline -0.003 -12"><span class='ocrx_word' id='word_1_370' title='bbox 1075 1089 1142 1123; x_wconf 85' lang='lat' dir='ltr'>aliis</span> <span class='ocrx_word' id='word_1_371' title='bbox 1164 1088 1360 1122; x_wconf 79' lang='lat' dir='ltr'>committere</span> <span class='ocrx_word' id='word_1_372' title='bbox 1383 1089 1466 1121; x_wconf 87' lang='lat' dir='ltr'>vices</span> <span class='ocrx_word' id='word_1_373' title='bbox 1493 1098 1576 1127; x_wconf 79' lang='lat' dir='ltr'>suas,</span> <span class='ocrx_word' id='word_1_374' title='bbox 1596 1085 1649 1133; x_wconf 89' lang='lat' dir='ltr'>qui</span> <span class='ocrx_word' id='word_1_375' title='bbox 1680 1085 1710 1119; x_wconf 94' lang='lat' dir='ltr'>in</span> <span class='ocrx_word' id='word_1_376' title='bbox 1744 1083 1821 1119; x_wconf 82' lang='lat' dir='ltr'>eius-</span> 
     </span>
     <span class='ocr_line' id='line_1_77' title="bbox 1074 1134 1823 1174; baseline -0.007 -2"><span class='ocrx_word' id='word_1_377' title='bbox 1074 1137 1144 1172; x_wconf 86' lang='lat' dir='ltr'>dem</span> <span class='ocrx_word' id='word_1_378' title='bbox 1168 1137 1300 1172; x_wconf 87' lang='lat' dir='ltr'>civitatis</span> <span class='ocrx_word' id='word_1_379' title='bbox 1328 1136 1498 1171; x_wconf 82' lang='lat' dir='ltr'>cathedrali</span> <span class='ocrx_word' id='word_1_380' title='bbox 1522 1135 1662 1174; x_wconf 87' lang='lat' dir='ltr'>Ecclesia</span> <span class='ocrx_word' id='word_1_381' title='bbox 1693 1134 1823 1169; x_wconf 84' lang='lat' dir='ltr'>canoni—</span> 
     </span>
     <span class='ocr_line' id='line_1_78' title="bbox 1075 1186 1822 1233; baseline -0.005 -12"><span class='ocrx_word' id='word_1_382' title='bbox 1075 1196 1193 1231; x_wconf 88' lang='lat' dir='ltr'>catum,</span> <span class='ocrx_word' id='word_1_383' title='bbox 1233 1186 1279 1221; x_wconf 78' lang='lat' dir='ltr'>vel</span> <span class='ocrx_word' id='word_1_384' title='bbox 1311 1186 1494 1233; x_wconf 84' lang='lat' dir='ltr'>dignitatem</span> <span class='ocrx_word' id='word_1_385' title='bbox 1529 1198 1584 1220; x_wconf 91' lang='lat' dir='ltr'>seu</span> <span class='ocrx_word' id='word_1_386' title='bbox 1623 1191 1822 1230; x_wconf 85' lang='lat' dir='ltr'>personatum</span> 
     </span>
     <span class='ocr_line' id='line_1_79' title="bbox 1076 1234 1824 1271; baseline -0.004 -1"><span class='ocrx_word' id='word_1_387' title='bbox 1076 1237 1105 1270; x_wconf 89' lang='lat' dir='ltr'>in</span> <span class='ocrx_word' id='word_1_388' title='bbox 1129 1237 1252 1271; x_wconf 83' lang='lat' dir='ltr'>civitate</span> <span class='ocrx_word' id='word_1_389' title='bbox 1272 1248 1307 1270; x_wconf 86' lang='lat' dir='ltr'>ac</span> <span class='ocrx_word' id='word_1_390' title='bbox 1334 1236 1470 1271; x_wconf 87' lang='lat' dir='ltr'>dioecesi</span> <span class='ocrx_word' id='word_1_391' title='bbox 1499 1247 1560 1269; x_wconf 89' lang='lat' dir='ltr'>non</span> <span class='ocrx_word' id='word_1_392' title='bbox 1588 1234 1730 1269; x_wconf 81' lang='lat' dir='ltr'>obtinent</span> <span class='ocrx_word' id='word_1_393' title='bbox 1769 1245 1824 1267; x_wconf 86' lang='lat' dir='ltr'>su-</span> 
     </span>
    </p>
   </div>
   <div class='ocr_carea' id='block_1_12' title="bbox 1077 1285 1827 1333">
    <p class='ocr_par' dir='ltr' id='par_1_16' title="bbox 1077 1285 1827 1333">
     <span class='ocr_line' id='line_1_80' title="bbox 1077 1285 1827 1333; baseline -0.003 -14"><span class='ocrx_word' id='word_1_394' title='bbox 1077 1286 1236 1333; x_wconf 81' lang='lat' dir='ltr'>pradictis,</span> <span class='ocrx_word' id='word_1_395' title='bbox 1263 1285 1318 1319; x_wconf 76' lang='lat' dir='ltr'>sed</span> <span class='ocrx_word' id='word_1_396' title='bbox 1343 1298 1399 1320; x_wconf 88' lang='lat' dir='ltr'>nec</span> <span class='ocrx_word' id='word_1_397' title='bbox 1421 1285 1477 1320; x_wconf 87' lang='lat' dir='ltr'>alia</span> <span class='ocrx_word' id='word_1_398' title='bbox 1507 1285 1608 1319; x_wconf 84' lang='lat' dir='ltr'>media</span> <span class='ocrx_word' id='word_1_399' title='bbox 1633 1295 1757 1324; x_wconf 77' lang='lat' dir='ltr'>causae,</span> <span class='ocrx_word' id='word_1_400' title='bbox 1780 1295 1827 1318; x_wconf 90' lang='lat' dir='ltr'>ar·</span> 
     </span>
    </p>
   </div>
   <div class='ocr_carea' id='block_1_13' title="bbox 1076 1333 1830 2030">
    <p class='ocr_par' dir='ltr' id='par_1_17' title="bbox 1076 1333 1826 1583">
     <span class='ocr_line' id='line_1_81' title="bbox 1077 1333 1826 1370; baseline -0.005 0"><span class='ocrx_word' id='word_1_401' title='bbox 1077 1336 1188 1370; x_wconf 90' lang='lat' dir='ltr'>ticulos</span> <span class='ocrx_word' id='word_1_402' title='bbox 1212 1336 1256 1370; x_wconf 81' lang='lat' dir='ltr'>vel</span> <span class='ocrx_word' id='word_1_403' title='bbox 1289 1335 1459 1370; x_wconf 85' lang='lat' dir='ltr'>ministeria</span> <span class='ocrx_word' id='word_1_404' title='bbox 1484 1343 1564 1369; x_wconf 84' lang='lat' dir='ltr'>certa</span> <span class='ocrx_word' id='word_1_405' title='bbox 1588 1333 1709 1368; x_wconf 92' lang='lat' dir='ltr'>minora</span> <span class='ocrx_word' id='word_1_406' title='bbox 1743 1344 1826 1367; x_wconf 90' lang='lat' dir='ltr'>com·</span> 
     </span>
     <span class='ocr_line' id='line_1_82' title="bbox 1078 1381 1826 1432; baseline -0.005 -12"><span class='ocrx_word' id='word_1_407' title='bbox 1078 1387 1200 1421; x_wconf 85' lang='lat' dir='ltr'>mittant</span> <span class='ocrx_word' id='word_1_408' title='bbox 1224 1385 1282 1420; x_wconf 89' lang='lat' dir='ltr'>nisi</span> <span class='ocrx_word' id='word_1_409' title='bbox 1307 1385 1450 1432; x_wconf 84' lang='lat' dir='ltr'>personis</span> <span class='ocrx_word' id='word_1_410' title='bbox 1471 1383 1603 1419; x_wconf 85' lang='lat' dir='ltr'>civitatis</span> <span class='ocrx_word' id='word_1_411' title='bbox 1634 1390 1663 1417; x_wconf 84' lang='lat' dir='ltr'>et</span> <span class='ocrx_word' id='word_1_412' title='bbox 1701 1381 1826 1417; x_wconf 86' lang='lat' dir='ltr'>dioece—</span> 
     </span>
     <span class='ocr_line' id='line_1_83' title="bbox 1076 1434 1825 1480; baseline -0.007 -10"><span class='ocrx_word' id='word_1_413' title='bbox 1076 1436 1120 1471; x_wconf 91' lang='lat' dir='ltr'>sis</span> <span class='ocrx_word' id='word_1_414' title='bbox 1148 1435 1343 1471; x_wconf 88' lang='lat' dir='ltr'>earumdem</span> <span class='ocrx_word' id='word_1_415' title='bbox 1371 1434 1582 1470; x_wconf 88' lang='lat' dir='ltr'>Decernimus</span> <span class='ocrx_word' id='word_1_416' title='bbox 1604 1443 1731 1480; x_wconf 88' lang='lat' dir='ltr'>quoque</span> <span class='ocrx_word' id='word_1_417' title='bbox 1750 1459 1759 1475; x_wconf 91' lang='lat'>,</span> <span class='ocrx_word' id='word_1_418' title='bbox 1793 1440 1825 1465; x_wconf 88' lang='lat' dir='ltr'>ut</span> 
     </span>
     <span class='ocr_line' id='line_1_84' title="bbox 1079 1479 1826 1533; baseline -0.008 -13"><span class='ocrx_word' id='word_1_419' title='bbox 1079 1486 1146 1533; x_wconf 80' lang='lat' dir='ltr'>ipso</span> <span class='ocrx_word' id='word_1_420' title='bbox 1175 1486 1242 1520; x_wconf 88' lang='lat' dir='ltr'>iure</span> <span class='ocrx_word' id='word_1_421' title='bbox 1265 1485 1304 1520; x_wconf 87' lang='lat' dir='ltr'>sit</span> <span class='ocrx_word' id='word_1_422' title='bbox 1332 1485 1453 1519; x_wconf 90' lang='lat' dir='ltr'>irritum</span> <span class='ocrx_word' id='word_1_423' title='bbox 1494 1491 1523 1518; x_wconf 90' lang='lat' dir='ltr'>et</span> <span class='ocrx_word' id='word_1_424' title='bbox 1563 1483 1655 1517; x_wconf 90' lang='lat' dir='ltr'>inane</span> <span class='ocrx_word' id='word_1_425' title='bbox 1689 1495 1713 1516; x_wconf 82' lang='lat' dir='ltr'>st</span> <span class='ocrx_word' id='word_1_426' title='bbox 1750 1479 1826 1528; x_wconf 91' lang='lat' dir='ltr'>quid</span> 
     </span>
     <span class='ocr_line' id='line_1_85' title="bbox 1078 1531 1746 1583; baseline -0.008 -13"><span class='ocrx_word' id='word_1_427' title='bbox 1078 1544 1183 1570; x_wconf 70' lang='lat' dir='ltr'>contr-1</span> <span class='ocrx_word' id='word_1_428' title='bbox 1209 1535 1379 1583; x_wconf 84' lang='lat' dir='ltr'>praemissa</span> <span class='ocrx_word' id='word_1_429' title='bbox 1403 1533 1569 1580; x_wconf 84' lang='lat' dir='ltr'>contigerit</span> <span class='ocrx_word' id='word_1_430' title='bbox 1591 1531 1746 1567; x_wconf 87' lang='lat' dir='ltr'>attentari.</span> 
     </span>
    </p>

    <p class='ocr_par' dir='ltr' id='par_1_18' title="bbox 1079 1580 1829 1933">
     <span class='ocr_line' id='line_1_86' title="bbox 1127 1580 1828 1631; baseline -0.007 -12"><span class='ocrx_word' id='word_1_431' title='bbox 1127 1584 1211 1620; x_wconf 87' lang='lat' dir='ltr'>Nulli</span> <span class='ocrx_word' id='word_1_432' title='bbox 1251 1597 1325 1631; x_wconf 82' lang='lat' dir='ltr'>eigo</span> <span class='ocrx_word' id='word_1_433' title='bbox 1365 1584 1493 1618; x_wconf 87' lang='lat' dir='ltr'>omnino</span> <span class='ocrx_word' id='word_1_434' title='bbox 1535 1582 1698 1617; x_wconf 90' lang='lat' dir='ltr'>hominum</span> <span class='ocrx_word' id='word_1_435' title='bbox 1738 1580 1828 1615; x_wconf 87' lang='lat' dir='ltr'>liceat</span> 
     </span>
     <span class='ocr_line' id='line_1_87' title="bbox 1080 1631 1828 1683; baseline -0.005 -14"><span class='ocrx_word' id='word_1_436' title='bbox 1080 1635 1159 1669; x_wconf 91' lang='lat' dir='ltr'>hanc</span> <span class='ocrx_word' id='word_1_437' title='bbox 1186 1636 1333 1683; x_wconf 80' lang='lat' dir='ltr'>paginam</span> <span class='ocrx_word' id='word_1_438' title='bbox 1363 1633 1458 1668; x_wconf 83' lang='lat' dir='ltr'>nostii</span> <span class='ocrx_word' id='word_1_439' title='bbox 1482 1632 1587 1668; x_wconf 88' lang='lat' dir='ltr'>statuti</span> <span class='ocrx_word' id='word_1_440' title='bbox 1617 1640 1644 1667; x_wconf 91' lang='lat' dir='ltr'>et</span> <span class='ocrx_word' id='word_1_441' title='bbox 1675 1631 1828 1666; x_wconf 87' lang='lat' dir='ltr'>coustitu-</span> 
     </span>
     <span class='ocr_line' id='line_1_88' title="bbox 1080 1679 1829 1732; baseline -0.005 -14"><span class='ocrx_word' id='word_1_442' title='bbox 1080 1685 1174 1720; x_wconf 88' lang='lat' dir='ltr'>tionis</span> <span class='ocrx_word' id='word_1_443' title='bbox 1204 1684 1387 1732; x_wconf 83' lang='lat' dir='ltr'>infringere,</span> <span class='ocrx_word' id='word_1_444' title='bbox 1416 1683 1462 1718; x_wconf 84' lang='lat' dir='ltr'>vel</span> <span class='ocrx_word' id='word_1_445' title='bbox 1491 1682 1518 1717; x_wconf 92' lang='lat' dir='ltr'>ei</span> <span class='ocrx_word' id='word_1_446' title='bbox 1542 1694 1619 1717; x_wconf 91' lang='lat' dir='ltr'>ausu</span> <span class='ocrx_word' id='word_1_447' title='bbox 1663 1679 1829 1716; x_wconf 88' lang='lat' dir='ltr'>temerario</span> 
     </span>
     <span class='ocr_line' id='line_1_89' title="bbox 1079 1732 1828 1782; baseline -0.008 -12"><span class='ocrx_word' id='word_1_448' title='bbox 1079 1735 1244 1776; x_wconf 85' lang='lat' dir='ltr'>contraire;</span> <span class='ocrx_word' id='word_1_449' title='bbox 1267 1735 1292 1770; x_wconf 86' lang='lat' dir='ltr'>si</span> <span class='ocrx_word' id='word_1_450' title='bbox 1322 1735 1394 1782; x_wconf 76' lang='lat' dir='ltr'>quis</span> <span class='ocrx_word' id='word_1_451' title='bbox 1434 1742 1537 1768; x_wconf 86' lang='lat' dir='ltr'>autem</span> <span class='ocrx_word' id='word_1_452' title='bbox 1582 1732 1642 1767; x_wconf 84' lang='lat' dir='ltr'>hoc</span> <span class='ocrx_word' id='word_1_453' title='bbox 1677 1738 1828 1766; x_wconf 84' lang='lat' dir='ltr'>attentare</span> 
     </span>
     <span class='ocr_line' id='line_1_90' title="bbox 1081 1781 1829 1841; baseline -0.007 -21"><span class='ocrx_word' id='word_1_454' title='bbox 1081 1786 1342 1841; x_wconf 73' lang='lat' dir='ltr'>praesumpserit,</span> <span class='ocrx_word' id='word_1_455' title='bbox 1385 1783 1633 1830; x_wconf 80' lang='lat' dir='ltr'>indignationem</span> <span class='ocrx_word' id='word_1_456' title='bbox 1682 1781 1829 1827; x_wconf 89' lang='lat' dir='ltr'>omnipo-</span> 
     </span>
     <span class='ocr_line' id='line_1_91' title="bbox 1080 1829 1829 1871; baseline -0.007 -1"><span class='ocrx_word' id='word_1_457' title='bbox 1080 1836 1172 1871; x_wconf 87' lang='lat' dir='ltr'>tentis</span> <span class='ocrx_word' id='word_1_458' title='bbox 1199 1829 1258 1870; x_wconf 76' lang='lat' dir='ltr'>De⁰i</span> <span class='ocrx_word' id='word_1_459' title='bbox 1290 1848 1326 1870; x_wconf 88' lang='lat' dir='ltr'>ac</span> <span class='ocrx_word' id='word_1_460' title='bbox 1358 1834 1520 1869; x_wconf 85' lang='lat' dir='ltr'>beatorum</span> <span class='ocrx_word' id='word_1_461' title='bbox 1556 1832 1640 1868; x_wconf 85' lang='lat' dir='ltr'>Petri</span> <span class='ocrx_word' id='word_1_462' title='bbox 1678 1839 1708 1866; x_wconf 91' lang='lat' dir='ltr'>et</span> <span class='ocrx_word' id='word_1_463' title='bbox 1739 1829 1829 1866; x_wconf 90' lang='lat' dir='ltr'>Pauli</span> 
     </span>
     <span class='ocr_line' id='line_1_92' title="bbox 1080 1883 1829 1933; baseline -0.01 -12"><span class='ocrx_word' id='word_1_464' title='bbox 1080 1886 1294 1933; x_wconf 85' lang='lat' dir='ltr'>apostolorum</span> <span class='ocrx_word' id='word_1_465' title='bbox 1318 1885 1386 1919; x_wconf 84' lang='lat' dir='ltr'>eius</span> <span class='ocrx_word' id='word_1_466' title='bbox 1409 1896 1441 1918; x_wconf 91' lang='lat' dir='ltr'>se</span> <span class='ocrx_word' id='word_1_467' title='bbox 1470 1883 1588 1918; x_wconf 70' lang='lat' dir='ltr'>noterit</span> <span class='ocrx_word' id='word_1_468' title='bbox 1617 1883 1829 1916; x_wconf 86' lang='lat' dir='ltr'>incursurum.</span> 
     </span>
    </p>

    <p class='ocr_par' dir='ltr' id='par_1_19' title="bbox 1082 1931 1830 2030">
     <span class='ocr_line' id='line_1_93' title="bbox 1129 1931 1830 1979; baseline -0.01 -8"><span class='ocrx_word' id='word_1_469' title='bbox 1129 1935 1243 1970; x_wconf 87' lang='lat' dir='ltr'>Datum</span> <span class='ocrx_word' id='word_1_470' title='bbox 1271 1934 1416 1970; x_wconf 89' lang='lat' dir='ltr'>laterani</span> <span class='ocrx_word' id='word_1_471' title='bbox 1446 1946 1475 1968; x_wconf 83' lang='lat' dir='ltr'>vr</span> <span class='ocrx_word' id='word_1_472' title='bbox 1499 1933 1569 1967; x_wconf 86' lang='lat' dir='ltr'>idus</span> <span class='ocrx_word' id='word_1_473' title='bbox 1597 1931 1716 1979; x_wconf 78' lang='lat' dir='ltr'>aprilis,</span> <span class='ocrx_word' id='word_1_474' title='bbox 1751 1943 1830 1977; x_wconf 89' lang='lat' dir='ltr'>pon—</span> 
     </span>
     <span class='ocr_line' id='line_1_94' title="bbox 1082 1983 1587 2030; baseline -0.008 -10"><span class='ocrx_word' id='word_1_475' title='bbox 1082 1985 1215 2021; x_wconf 82' lang='lat' dir='ltr'>tificatus</span> <span class='ocrx_word' id='word_1_476' title='bbox 1238 1985 1335 2020; x_wconf 89' lang='lat' dir='ltr'>nostri</span> <span class='ocrx_word' id='word_1_477' title='bbox 1364 1995 1446 2019; x_wconf 90' lang='lat' dir='ltr'>anno</span> <span class='ocrx_word' id='word_1_478' title='bbox 1476 1983 1587 2030; x_wconf 89' lang='lat' dir='ltr'>primo.</span> 
     </span>
    </p>
   </div>
   <div class='ocr_carea' id='block_1_14' title="bbox 1139 2043 1773 2086">
    <p class='ocr_par' dir='ltr' id='par_1_20' title="bbox 1139 2043 1773 2086">
     <span class='ocr_line' id='line_1_95' title="bbox 1139 2043 1773 2086; baseline -0.009 -9"><span class='ocrx_word' id='word_1_479' title='bbox 1139 2047 1200 2077; x_wconf 86' lang='lat' dir='ltr'>Dat.</span> <span class='ocrx_word' id='word_1_480' title='bbox 1217 2046 1263 2077; x_wconf 89' lang='lat' dir='ltr'>die</span> <span class='ocrx_word' id='word_1_481' title='bbox 1280 2047 1297 2076; x_wconf 85' lang='lat'>8</span> <span class='ocrx_word' id='word_1_482' title='bbox 1313 2045 1416 2086; x_wconf 82' lang='lat' dir='ltr'>aprilis</span> <span class='ocrx_word' id='word_1_483' title='bbox 1435 2045 1519 2081; x_wconf 70' lang='lat'>1295,</span> <span class='ocrx_word' id='word_1_484' title='bbox 1537 2043 1637 2083; x_wconf 80' lang='lat' dir='ltr'>pontif.</span> <span class='ocrx_word' id='word_1_485' title='bbox 1654 2052 1730 2073; x_wconf 81' lang='lat' dir='ltr'>anno</span> <span class='ocrx_word' id='word_1_486' title='bbox 1753 2051 1773 2072; x_wconf 85' lang='lat'>1.</span> 
     </span>
    </p>
   </div>
   <div class='ocr_carea' id='block_1_15' title="bbox 1382 2128 1523 2133">
    <p class='ocr_par' dir='ltr' id='par_1_21' title="bbox 1382 2128 1523 2133">
     <span class='ocr_line' id='line_1_96' title="bbox 1382 2128 1523 2133; baseline 0 0"><span class='ocrx_word' id='word_1_487' title='bbox 1382 2128 1523 2133; x_wconf 95' lang='lat' dir='ltr'> </span> 
     </span>
    </p>
   </div>
   <div class='ocr_carea' id='block_1_16' title="bbox 1425 2214 1462 2248">
    <p class='ocr_par' dir='ltr' id='par_1_22' title="bbox 1425 2214 1462 2248">
     <span class='ocr_line' id='line_1_97' title="bbox 1425 2214 1462 2248; baseline -0.027 0"><span class='ocrx_word' id='word_1_488' title='bbox 1425 2214 1462 2248; x_wconf 82' lang='lat' dir='ltr'>V.</span> 
     </span>
    </p>
   </div>
   <div class='ocr_carea' id='block_1_17' title="bbox 1085 2298 1830 2444">
    <p class='ocr_par' dir='ltr' id='par_1_23' title="bbox 1085 2298 1830 2444">
     <span class='ocr_line' id='line_1_98' title="bbox 1085 2298 1829 2342; baseline -0.015 -8"><span class='ocrx_word' id='word_1_489' title='bbox 1085 2302 1140 2334; x_wconf 73' lang='lat' dir='ltr'>Res</span> <span class='ocrx_word' id='word_1_490' title='bbox 1144 2299 1263 2333; x_wconf 78' lang='lat' dir='ltr'>tiluitur</span> <span class='ocrx_word' id='word_1_491' title='bbox 1283 2298 1349 2342; x_wconf 72' lang='lat' dir='ltr'>ieyi</span> <span class='ocrx_word' id='word_1_492' title='bbox 1373 2298 1570 2340; x_wconf 75' lang='lat' dir='ltr'>Arayonum</span> <span class='ocrx_word' id='word_1_493' title='bbox 1585 2303 1733 2337; x_wconf 74' lang='lat' dir='ltr'>reqnum,</span> <span class='ocrx_word' id='word_1_494' title='bbox 1770 2303 1829 2336; x_wconf 81' lang='lat' dir='ltr'>quo</span> 
     </span>
     <span class='ocr_line' id='line_1_99' title="bbox 1131 2341 1830 2391; baseline -0.014 -8"><span class='ocrx_word' id='word_1_495' title='bbox 1131 2361 1169 2383; x_wconf 70' lang='lat' dir='ltr'>ca:</span> <span class='ocrx_word' id='word_1_496' title='bbox 1206 2360 1299 2382; x_wconf 85' lang='lat' dir='ltr'>causa</span> <span class='ocrx_word' id='word_1_497' title='bbox 1337 2345 1543 2391; x_wconf 75' lang='lat' dir='ltr'>occupationis</span> <span class='ocrx_word' id='word_1_498' title='bbox 1582 2343 1668 2387; x_wconf 73' lang='lat' dir='ltr'>reyni</span> <span class='ocrx_word' id='word_1_499' title='bbox 1702 2341 1830 2375; x_wconf 78' lang='lat' dir='ltr'>Siciliae</span> 
     </span>
     <span class='ocr_line' id='line_1_100' title="bbox 1130 2398 1475 2444; baseline -0.012 -12"><span class='ocrx_word' id='word_1_500' title='bbox 1130 2406 1269 2444; x_wconf 80' lang='lat' dir='ltr'>privatus</span> <span class='ocrx_word' id='word_1_501' title='bbox 1297 2398 1397 2442; x_wconf 74' lang='lat' dir='ltr'>suerat</span> <span class='ocrx_word' id='word_1_502' title='bbox 1419 2398 1475 2438; x_wconf 81' lang='lat'>(1).</span> 
     </span>
    </p>
   </div>
   <div class='ocr_carea' id='block_1_18' title="bbox 1086 2471 1832 2619">
    <p class='ocr_par' dir='ltr' id='par_1_24' title="bbox 1086 2471 1832 2619">
     <span class='ocr_line' id='line_1_101' title="bbox 1354 2471 1568 2505; baseline -0.019 0"><span class='ocrx_word' id='word_1_503' title='bbox 1354 2471 1568 2505; x_wconf 71' lang='lat' dir='ltr'>SUMMARIUM</span> 
     </span>
     <span class='ocr_line' id='line_1_102' title="bbox 1086 2533 1831 2573; baseline -0.015 -1"><span class='ocrx_word' id='word_1_504' title='bbox 1086 2541 1270 2572; x_wconf 79' lang='lat' dir='ltr'>Prooemium.</span> <span class='ocrx_word' id='word_1_505' title='bbox 1290 2556 1327 2560; x_wconf 97' lang='lat'><strong>—</strong></span> <span class='ocrx_word' id='word_1_506' title='bbox 1352 2538 1375 2567; x_wconf 79' lang='lat' dir='ltr'>t.</span> <span class='ocrx_word' id='word_1_507' title='bbox 1405 2536 1507 2566; x_wconf 79' lang='lat' dir='ltr'>Petrus</span> <span class='ocrx_word' id='word_1_508' title='bbox 1530 2533 1692 2573; x_wconf 82' lang='lat' dir='ltr'>Aragoniae</span> <span class='ocrx_word' id='word_1_509' title='bbox 1715 2541 1764 2562; x_wconf 86' lang='lat' dir='ltr'>rex</span> <span class='ocrx_word' id='word_1_510' title='bbox 1786 2541 1831 2562; x_wconf 84' lang='lat' dir='ltr'>ex-</span> 
     </span>
     <span class='ocr_line' id='line_1_103' title="bbox 1125 2578 1832 2619; baseline -0.011 -4"><span class='ocrx_word' id='word_1_511' title='bbox 1125 2584 1367 2618; x_wconf 85' lang='lat' dir='ltr'>communicatus,</span> <span class='ocrx_word' id='word_1_512' title='bbox 1385 2589 1531 2619; x_wconf 71' lang='lat' dir='ltr'>regnoque</span> <span class='ocrx_word' id='word_1_513' title='bbox 1551 2579 1693 2618; x_wconf 87' lang='lat' dir='ltr'>privatus:</span> <span class='ocrx_word' id='word_1_514' title='bbox 1709 2595 1747 2600; x_wconf 95' lang='lat'>—-</span> <span class='ocrx_word' id='word_1_515' title='bbox 1763 2578 1832 2608; x_wconf 78' lang='lat' dir='ltr'>Ara—</span> 
     </span>
    </p>
   </div>
   <div class='ocr_carea' id='block_1_19' title="bbox 1121 2621 1832 2727">
    <p class='ocr_par' dir='ltr' id='par_1_25' title="bbox 1121 2621 1832 2727">
     <span class='ocr_line' id='line_1_104' title="bbox 1127 2621 1832 2667; baseline -0.013 -7"><span class='ocrx_word' id='word_1_516' title='bbox 1127 2630 1229 2667; x_wconf 66' lang='lat' dir='ltr'>goniae</span> <span class='ocrx_word' id='word_1_517' title='bbox 1252 2636 1394 2666; x_wconf 71' lang='lat' dir='ltr'>regnum,</span> <span class='ocrx_word' id='word_1_518' title='bbox 1417 2626 1525 2666; x_wconf 85' lang='lat' dir='ltr'>aliique</span> <span class='ocrx_word' id='word_1_519' title='bbox 1557 2623 1738 2663; x_wconf 84' lang='lat' dir='ltr'>principatus</span> <span class='ocrx_word' id='word_1_520' title='bbox 1764 2621 1832 2652; x_wconf 80' lang='lat' dir='ltr'>Phi-</span> 
     </span>
     <span class='ocr_line' id='line_1_105' title="bbox 1121 2687 1614 2727; baseline -0.012 -9"><span class='ocrx_word' id='word_1_521' title='bbox 1121 2692 1159 2727; x_wconf 73' lang='lat' dir='ltr'>(t)</span> <span class='ocrx_word' id='word_1_522' title='bbox 1175 2692 1214 2718; x_wconf 75' lang='lat' dir='ltr'>Ex</span> <span class='ocrx_word' id='word_1_523' title='bbox 1234 2692 1339 2725; x_wconf 70' lang='lat' dir='ltr'>Regest.</span> <span class='ocrx_word' id='word_1_524' title='bbox 1359 2690 1383 2716; x_wconf 92' lang='lat' dir='ltr'>in</span> <span class='ocrx_word' id='word_1_525' title='bbox 1402 2688 1512 2715; x_wconf 66' lang='lat' dir='ltr'>Archiv.</span> <span class='ocrx_word' id='word_1_526' title='bbox 1531 2687 1614 2713; x_wconf 70' lang='lat' dir='ltr'>Vatic.</span> 
     </span>
    </p>
   </div>
   <div class='ocr_carea' id='block_1_20' title="bbox 1829 280 1877 306">
    <p class='ocr_par' dir='ltr' id='par_1_26' title="bbox 1829 280 1877 306">
     <span class='ocr_line' id='line_1_106' title="bbox 1829 280 1877 306; baseline -0.042 0"><span class='ocrx_word' id='word_1_527' title='bbox 1829 280 1877 306; x_wconf 82' lang='grc' dir='ltr'>Αῐι.</span> 
     </span>
    </p>
   </div>
   <div class='ocr_carea' id='block_1_21' title="bbox 1875 1589 1984 1611">
    <p class='ocr_par' dir='ltr' id='par_1_27' title="bbox 1875 1589 1984 1611">
     <span class='ocr_line' id='line_1_107' title="bbox 1875 1589 1984 1611; baseline -0.009 -1"><span class='ocrx_word' id='word_1_528' title='bbox 1875 1589 1984 1611; x_wconf 68' lang='lat' dir='ltr'>Clausulae</span> 
     </span>
    </p>
   </div>
   <div class='ocr_carea' id='block_1_22' title="bbox 1897 278 2011 305">
    <p class='ocr_par' dir='ltr' id='par_1_28' title="bbox 1897 278 2011 305">
     <span class='ocr_line' id='line_1_108' title="bbox 1897 278 2011 305; baseline -0.009 0"><span class='ocrx_word' id='word_1_529' title='bbox 1897 278 1925 305; x_wconf 83' lang='lat' dir='ltr'>C.</span> <span class='ocrx_word' id='word_1_530' title='bbox 1947 278 2011 304; x_wconf 64' lang='lat'>12⁹5</span> 
     </span>
    </p>
   </div>
  </div>
 </body>
</html>
