2274 3265
469 277 537 308 520

467 343 488 388 5
514 343 565 375 ¹5.
595 341 670 376 ltem
698 341 783 396 quod
811 341 937 388 quando
973 350 1066 377 testes
1100 343 1161 377 sint

239 405 260 425 ιιι
284 406 339 425 ιιιιιι·
337 412 352 424 ιι
372 408 405 423 ιι
421 393 465 426 vel
494 391 607 426 suerint
643 391 673 425 in
696 391 780 426 curia
803 391 1000 426 examinandi
1033 394 1062 426 in
1087 405 1162 426 (au-

225 440 339 487 ι’ξηῖηἷ
335 441 392 485 Ῐ,,“
374 467 406 485 ,
403 442 479 480 sis,
501 453 582 487 quae
597 453 627 475 ιιι
645 440 758 488 palatio
773 441 971 481 xtnntannn
992 442 1020 475 in
1040 443 1162 488 punctis

226 502 245 517 ω
249 503 281 517 ¹0—
420 491 527 525 arduis
561 490 687 526 eosdem
724 498 818 526 testes
850 504 903 538 pei
932 503 964 525 sc
992 491 1065 526 dicti
1095 505 1162 526 exa-

421 541 541 575 minent
565 539 734 575 auditores.

467 590 487 637 5
516 593 570 625 16.
599 589 646 625 De
669 589 856 637 supradictis
877 603 1004 637 quoque
1033 590 1162 624 notariis

227 289 275 317 Αιι.
292 291 322 317 C.
340 289 405 315 1326
979 288 1161 311 Bruanium
1190 287 1349 310 ιιοιιιΛΝυιιι
1964 288 2014 314 An,
2031 287 2059 313 c,
2077 287 2144 313 4326

1204 343 1278 377 toris
1301 343 1361 376 mei
1386 341 1559 389 praesentia
1582 350 1609 375 ct
1633 341 1724 376 etiam
1751 342 1895 388 partium,
1923 343 1947 378 si

1205 392 1263 426 lioc
1295 399 1458 439 expectare
1486 390 1659 429 voluerint,
1690 391 1897 436 conscribam,
1919 401 1949 428 et

1205 450 1368 488 postquam
1393 441 1462 475 illos
1484 441 1716 487 conscripsero,
1744 453 1798 475 eos
1825 453 1946 477 necnon

1205 492 1411 525 instrumenta
1439 498 1469 525 et
1496 490 1600 525 omnia
1627 490 1685 524 alia
1713 499 1743 525 ct
1765 490 1888 538 singula
1917 491 1946 526 in

1204 541 1307 575 causis
1335 540 1509 587 producta,
1545 540 1595 574 nbi
1626 539 1794 586 requisitus
1827 539 1864 574 ab
1891 553 1949 575 au-

1204 589 1303 625 ditore
1321 590 1365 624 rel
1391 590 1544 637 partibus',
1572 602 1626 624 scu
1643 602 1748 624 earum
1761 590 1863 637 aliqua
1881 589 1949 625 fue-

239 647 316 667 2⁸⁰¹1=¹³¹i
357 647 406 688 ¹¹¹¹}-
419 639 602 675 eorumdem
649 640 826 675 auditorum
874 639 1083 674 scribentibus
1131 640 1160 673 in
1205 652 1254 678 ro,
1278 640 1307 673 in
1333 640 1497 686 registrum
1520 639 1650 674 lidclitor
1674 639 1810 685 redigam
1836 639 1884 673 vel
1904 652 1948 674 re-

224 678 405 735 fffsssuiiniffl'w
419 690 521 725 causis
543 689 604 724 illis
621 690 815 732 commissis,
835 689 982 724 similiter
996 689 1162 723 statuendo
1203 688 1266 734 digi
1290 689 1398 723 faciam
1422 689 1592 736 requisitus
1605 690 1643 724 al)
1660 689 1777 723 eisdem
1795 689 1947 736 partibus,

237 1245 350 1270 Antequam
367 1244 404 1263 ud-

222 1277 337 1299 ιιιιιιιιιιιιιι,
367 1277 404 1295 de-

223 1307 271 1326 lient
283 1308 403 1331 examinari,

235 1844 258 1864 Et
287 1844 404 1864 huiusmodi

223 1879 330 1902 praestare
347 1876 403 1895 tura-

224 1910 313 1926 mentum

418 749 447 774 et
465 739 640 775 ordinando
662 739 897 786 subiungimus,
924 739 1008 786 quod
1032 737 1163 784 diligen-

419 798 466 824 tes
486 798 517 825 et
542 797 650 824 attenti
684 797 817 824 existant
851 802 880 823 ιιι
910 800 1081 824 commisso
1117 802 1162 823 eis

417 839 519 874 officio
548 839 657 874 notarii
694 838 878 884 praelibato,
907 850 943 873 ac
977 837 1111 872 fideliter
1133 846 1163 873 et

418 887 549 924 sollicite
588 887 725 923 scribant
759 896 787 922 et
818 895 984 922 exerceant
1023 887 1160 921 officium

417 938 666 979 antedictum,et
684 939 767 984 quod
790 950 805 971 a
827 937 978 983 partibus,
996 936 1041 971 vel
1057 936 1162 983 aliquo

417 987 476 1022 alio
498 999 604 1022 earum
628 987 767 1031 nomine,
795 986 873 1021 niliil
888 987 1049 1032 recipiant,
1070 996 1159 1034 prout

417 1045 465 1072 est
499 1037 577 1071 infra
604 1036 809 1083 descriptum,
845 1044 980 1071 taxatum
1017 1044 1046 1071 et
1069 1036 1160 1071 etiam

417 1085 607 1122 ordinatum.
630 1085 829 1121 Contrarium
851 1097 921 1121 vero
941 1086 1090 1120 facientes
1107 1086 1163 1120 du-

418 1136 504 1184 plum
533 1136 698 1171 restituere
721 1143 895 1170 teneantur.

466 1186 486 1233 5
516 1188 570 1220 17.
604 1185 680 1220 Item
718 1185 802 1232 quod
842 1185 946 1220 nullus
979 1184 1160 1220 eorumdem

420 1235 609 1270 notariorum
635 1235 665 1269 in
693 1235 804 1270 eodem
833 1234 946 1281 palatio
980 1234 1096 1270 scribat
1131 1235 1160 1268 in

419 1285 520 1320 causis
548 1298 651 1320 coram
679 1284 783 1331 aliquo
811 1284 911 1331 ipsius
933 1284 1041 1319 Palatii
1069 1284 1161 1319 audi—

419 1344 495 1376 tore,
517 1335 576 1369 nisi
602 1334 700 1381 primo
729 1347 783 1381 per
806 1333 1093 1369 vieeeancellarium
1114 1334 1160 1369 vel

418 1385 511 1419 alium
534 1384 572 1420 de
594 1384 663 1419 eius
684 1383 811 1431 speciali
840 1383 998 1427 mandato,
1021 1384 1058 1418 de
1090 1384 1162 1419 lite-

421 1442 520 1469 ratura
547 1446 582 1469 ac
607 1434 760 1481 scriptura
787 1434 954 1468 sufficienti
984 1433 1021 1467 ad
1051 1433 1159 1468 liuius-

419 1483 503 1518 modi
551 1484 724 1519 notariatus
763 1483 899 1518 officium
950 1482 1160 1518 exercendum

419 1533 630 1574 examinatus;
658 1546 693 1568 ac
721 1533 760 1567 dc
784 1533 843 1567 rita
875 1541 903 1567 et
925 1533 1161 1567 conversatione

420 1583 517 1630 ipsius
540 1583 759 1618 informatione
782 1591 924 1629 recepta,
957 1595 1077 1617 necnon
1100 1595 1162 1629 ap—

420 1632 568 1679 probatus
595 1632 686 1667 fuerit
720 1645 775 1679 per
800 1632 963 1673 eumdem,
998 1644 1033 1666 ac
1067 1632 1160 1666 etiam

420 1683 629 1717 iuramentum
652 1683 682 1717 in
707 1694 802 1716 manu
818 1681 1062 1717 vicecancellarii
1080 1694 1162 1728 prae

418 1732 532 1767 stiterit
557 1732 588 1767 in
612 1732 669 1767 liac
691 1732 804 1767 forma:

466 1783 487 1829 5
515 1784 570 1816 118.
599 1782 665 1829 Ego
696 1781 733 1816 N.
762 1781 901 1816 notarius
932 1780 970 1815 N.
998 1780 1162 1824 auditoris,

419 1833 623 1867 commissum
649 1831 722 1866 mihi
745 1831 884 1866 officium
913 1831 1045 1866 sollicite
1074 1840 1103 1865 et
1127 1832 1164 1865 ti-

419 1881 531 1917 deliter
556 1881 720 1917 exercebo.
750 1881 776 1915 Α
800 1881 951 1928 partibus,
977 1893 1086 1916 causas
1109 1881 1163 1915 lia·

419 1931 568 1967 bentibus
591 1932 635 1967 vel
652 1930 815 1975 habituris,
839 1931 869 1965 in
892 1930 1007 1978 quibus
1026 1943 1096 1965 sum
1117 1930 1162 1965 rel

420 1982 509 2016 luero
531 1982 671 2017 notarius
698 1980 884 2028 deputatus,
916 1980 961 2015 vel
995 1980 1032 2015 ab
1055 1992 1163 2015 *aium

420 2031 533 2078 aliqua,
561 2043 615 2066 seu
643 2043 659 2066 a
681 2042 881 2078 quocumque
901 2030 973 2069 alio
988 2043 1095 2065 caium
1113 2043 1165 2065 uo-

421 2081 504 2116 mine
536 2081 646 2128 quoxis
667 2080 771 2115 colore
794 2092 849 2114 seu
874 2079 968 2115 modo
999 2079 1163 2127 quaesito,

422 2130 498 2165 niliil
526 2131 687 2178 recipiam,
710 2130 789 2165 ultra
813 2130 1002 2164 taxationem
1027 2141 1120 2176 per
1105 2129 1163 2164 SS.

421 2179 458 2215 D.
486 2180 525 2215 N.
552 2179 591 2214 D.
614 2180 761 2215 Ioannem
785 2179 873 2214 XXll
896 2179 1064 2214 Summum
1081 2178 1165 2213 Pon-

421 2230 536 2265 tificem
575 2242 671 2277 super
707 2229 765 2264 lioc
810 2228 995 2264 ordinatam.
1040 2228 1164 2262 Nullam

421 2292 548 2315 causam
583 2280 658 2314 milii
694 2279 846 2314 committi
879 2277 1052 2326 procurabo
1086 2277 1166 2312 scri-

423 2329 568 2371 bendam,
591 2341 648 2365 nec
660 2328 818 2365 adhibebo
838 2329 1016 2363 instantiam
1030 2328 1165 2374 aliquam

423 2379 452 2413 in
476 2379 534 2415 bac
556 2387 652 2427 parte.
675 2379 745 2414 Non
769 2391 821 2414 ero
844 2386 1004 2426 promotor
1023 2390 1076 2413 seu
1094 2390 1167 2424 pro-

423 2438 545 2465 curator
572 2430 602 2464 in
636 2429 758 2469 causis,
793 2441 874 2476 quae
896 2441 1000 2464 coram
1026 2427 1167 2462 auditore

424 2491 493 2514 meo
515 2480 689 2526 agitantur,
721 2491 775 2513 seu
799 2491 876 2526 quas
907 2478 1013 2525 agitari
1041 2477 1167 2512 contin-

1204 738 1250 772 vel
1291 750 1397 772 carum
1433 739 1535 785 aliqua
1571 740 1601 773 in
1637 738 1770 786 singulis
1806 739 1948 773 terminis

1203 788 1396 829 successive,
1419 796 1449 822 et
1467 788 1606 835 partibus
1627 789 1701 835 ipsis
1718 787 1854 836 coriam,
1876 801 1946 823 cum

1205 849 1258 884 pei
1280 837 1453 871 auditorem
1481 837 1605 873 decreta
1632 838 1737 881 fuerit,
1768 838 1835 872 sine
1865 838 1948 873 diffi-

1203 886 1316 921 cultate
1335 894 1365 921 et
1389 886 1496 921 frande
1512 899 1711 934 quacumque
1726 887 1849 930 faciam,
1865 887 1948 922 salvo

1205 948 1273 970 meo
1300 936 1411 970 salario
1447 949 1501 983 per
1537 938 1638 984 ipsum
1662 936 1824 972 dominum
1853 936 1949 972 Sum-

1204 998 1290 1020 mum
1310 985 1493 1020 Pontificem
1517 986 1690 1020 moderato.
1721 985 1850 1022 Secreta
1872 999 1948 1022 cau-

1203 1048 1254 1070 sae
1277 1043 1398 1070 secrete
1422 1035 1546 1080 tenebo,
1568 1044 1598 1070 et
1613 1036 1794 1082 praesertim
1817 1036 1947 1071 consilia

1203 1085 1380 1120 auditorum
1411 1093 1441 1119 ct
1473 1085 1671 1126 sententiam,
1699 1084 1827 1120 donec'
1821 1098 1887 1132 ipsa
1909 1086 1949 1120 sit

1205 1135 1333 1182 prolata.
1356 1133 1542 1181 Supradicta
1565 1135 1668 1170 omnia
1691 1143 1721 1169 et
1740 1134 1862 1181 singula
1878 1147 1950 1182 pro-

1203 1185 1292 1219 mitto
1319 1191 1349 1219 et
1376 1184 1443 1219 imo
1476 1184 1635 1220 attendere
1663 1192 1693 1219 et
1719 1196 1854 1225 servare,
1880 1184 1949 1219 sine

1203 1235 1289 1268 omni
1312 1233 1385 1268 dolo
1408 1242 1438 1268 et
1461 1234 1587 1275 fraude,
1614 1234 1659 1268 sic
1683 1247 1731 1269 me
1754 1233 1841 1269 Deus
1862 1233 1950 1268 adiu-

1204 1292 1262 1323 vet,
1286 1292 1315 1318 et
1342 1284 1419 1318 baec
1446 1295 1551 1319 sancta
1567 1283 1622 1318 Dei
1651 1283 1828 1330 Evangelia.

1251 1335 1270 1380 5
1295 1336 1349 1368 19.
1378 1333 1454 1367 ltem
1482 1333 1649 1368 statuimus
1675 1342 1706 1368 et
1735 1333 1827 1368 etiam
1862 1332 1949 1367 ordi-

1204 1395 1325 1423 namus,
1353 1382 1436 1429 quod
1460 1383 1565 1417 nullus
1593 1383 1781 1418 notariorum
1808 1383 1947 1430 ipsorum

1203 1445 1327 1467 causam
1363 1432 1498 1480 aliquam
1533 1432 1591 1467 sibi
1628 1432 1781 1467 committi
1808 1431 1947 1467 scriben-

1203 1481 1286 1526 dam,
1315 1495 1369 1528 pei·
1392 1494 1425 1516 se
1448 1481 1494 1517 vel
1517 1482 1611 1517 alium
1639 1490 1798 1529 procuret,
1821 1494 1875 1517 seu
1891 1481 1948 1517 ad—

1205 1531 1308 1566 hibeat
1335 1531 1510 1566 instantiam
1539 1532 1570 1566 in
1597 1531 1655 1566 liae
1680 1541 1774 1579 parte.

1253 1582 1272 1628 5
1298 1583 1356 1615 20.
1380 1582 1456 1616 Item
1480 1582 1562 1628 quod
1591 1581 1664 1616 dicti
1689 1581 1798 1616 notarii
1818 1592 1946 1616 omnem

1204 1631 1408 1675 modestiam,
1431 1631 1655 1666 honestatem
1650 1644 1679 1665 ιιι
1707 1630 1858 1666 omnibus
1880 1639 1949 1665 stu-

1204 1681 1297 1716 deant
1320 1659 1494 1715 obseiware.

1252 1731 1271 1777 5
1298 1732 1355 1764 Ἣ.
1382 1730 1540 1777 Quodque
1561 1729 1665 1765 nullus
1687 1729 1872 1765 eorumdem
1894 1742 1947 1764 no·

1205 1782 1365 1821 tariorum,
1400 1780 1453 1828 qui
1482 1793 1536 1827 per
1562 1780 1696 1828 aliquem
1724 1780 1879 1815 dictorum
1898 1793 1950 1814 ιιιι-

1205 1831 1340 1865 ditornm
1365 1831 1394 1864 in
1423 1831 1577 1865 notarium
1614 1838 1761 1877 receptus
1793 1830 1945 1871 extiterit,

1205 1880 1330 1915 alterius
1366 1879 1516 1914 auditoris
1557 1880 1696 1914 notarius
1736 1892 1804 1915 esse
1833 1879 1948 1922 valeat,

1205 1930 1355 1978 quamdiu
1378 1930 1435 1965 erit
1458 1929 1549 1977 primi
1572 1929 1722 1964 auditoris
1751 1929 1902 1964 notarius.

1253 1981 1354 2027 52⁹2.
1393 1979 1469 2014 Item
1504 1978 1586 2026 quod
1616 1978 1722 2014 nullus
1756 1979 1948 2014 notariorum

1207 2030 1347 2076 ipsorum
1375 2028 1583 2064 concubinam
1622 2038 1726 2063 tenere
1749 2037 1950 2076 praesumat,

1206 2088 1236 2114 et
1270 2080 1295 2114 si
1332 2078 1402 2126 quis
1433 2091 1541 2114 eorum
1575 2077 1613 2113 ad
1646 2090 1795 2126 praesens
1831 2086 1950 2113 teneret

1206 2129 1354 2176 aliquam,
1376 2141 1444 2163 eam
1467 2128 1624 2162 dimittere
1647 2136 1797 2163 teneatur.
1823 2128 1856 2163 Si
1878 2139 1950 2162 vero

1208 2178 1284 2213 infra
1312 2186 1381 2213 octo
1411 2177 1479 2212 dies
1511 2186 1580 2224 post
1615 2177 1856 2224 publicationem
1893 2185 1950 2211 sta-

1208 2229 1262 2262 tuti
1286 2237 1315 2262 et
1333 2227 1537 2262 ordinationis
1560 2228 1744 2274 praesentis,
1773 2228 1871 2274 ipsam
1887 2239 1948 2261 non

1207 2277 1379 2317 dimiserit,
1408 2276 1489 2311 illam
1513 2276 1559 2311 vel
1582 2277 1672 2311 aliam
1707 2277 1856 2324 deinceps
1889 2276 1951 2310 mi-

1209 2328 1292 2361 nimo
1329 2335 1559 2373 resumpturus,
1582 2335 1611 2361 ct
1634 2327 1785 2374 deinceps
1810 2328 1875 2374 ipse
1905 2325 1949 2360 vel

1209 2377 1257 2410 alii
1287 2377 1398 2424 roperti
1434 2376 1546 2410 luerint
1573 2377 1709 2423 aliquam
1747 2385 1872 2417 tenere,
1913 2375 1951 2410 ab

1208 2427 1309 2461 ollicio
1336 2426 1508 2461 notariatus
1531 2426 1561 2460 in
1597 2426 1679 2461 dicto
1716 2426 1828 2473 palatio
1863 2437 1952 2461 exer-

1209 2476 1308 2511 cendo
1332 2486 1483 2523 perpetuo
1511 2477 1573 2510 sint
1597 2476 1714 2523 privati.

1977 1342 2053 1361 Causas
2068 1347 2109 1361 nou
2119 1341 2148 1362 as-

1963 1373 2051 1393 torrent.

1963 1591 1994 1611 310
1998 1592 2085 1611 desitum
2103 1596 2147 1611 ser-

1962 1626 2019 1643 Y‘ssl..

1974 1742 2011 1762 Uni
2022 1745 2099 1762 tantum
2108 1748 2146 1762 ιιιι-

1964 1775 2025 1794 ditori
2064 1775 2144 1794 servire

1964 1806 2061 1826 debeant.

1985 1983 2125 2003 Concubitum

1965 2020 2005 2034 nnn
2033 2014 2146 2034 retineam.

423 2537 485 2575 get.
514 2529 549 2564 ln
572 2530 676 2564 causis
699 2529 879 2576 praedictis,
907 2530 936 2563 in
960 2527 1074 2575 quibus
1096 2539 1165 2561 sum

425 2580 469 2614 vel
498 2579 596 2624 suere,
625 2587 658 2614 ut
691 2578 874 2626 praefertur,
902 2578 1041 2612 notarius
1067 2576 1168 2623 ‹lepu-

425 2637 518 2669 tatus,
540 2641 650 2663 omnes
672 2637 760 2664 actus
782 2628 962 2663 iudiciarios
984 2626 1169 2662 substantia-

425 2678 494 2713 liter
517 2679 546 2712 ιιι
572 2679 705 2713 manuali
729 2691 782 2713 seu
817 2676 1000 2717 memoriali,
1025 2677 1054 2710 in
1079 2675 1167 2710 audi-

1257 2526 1318 2573 50
1298 2528 1354 2560 ..5.
1378 2525 1455 2561 ltem
1478 2525 1562 2573 quod
1588 2525 1713 2573 praefati
1738 2525 1860 2565 notarii,
1885 2538 1951 2573 pro
1983 2533 2150 2559 ‘murmurium

1211 2585 1345 2611 motoies
1366 2589 1421 2610 seu
1447 2585 1666 2631 procuratores
1684 2589 1713 2610 m
1730 2576 1852 2620 causis,
1874 2569 2152 2622 qiiaef1⁰12'”.i‚„⁸,¹¹¹⁵.g''..

1210 2638 1313 2661 coram
1336 2626 1477 2661 auditore
1511 2638 1568 2660 suo
1601 2626 1774 2671 amantur,
1805 2625 1834 2660 in
1870 2625 2046 2662 dict0¹“,·¹¹mr
2069 2627 2151 2652 ‘'mm‘'

1211 2676 1322 2722 palatio
1357 2688 1418 2710 non
1446 2675 1589 2710 existant.
1626 2675 1700 2710 Item
1730 2675 1813 2722 quod
1849 2674 1954 2709 nullus
1970 2659 2076 2681 'mmm'
2093 2660 2134 2678 ⁰¹⁶
