2274 3265
466 266 534 299 788

502 330 719 373 praelatorum
748 330 881 361 fratrum
907 329 1164 362 Praedicatorum

502 376 627 412 Ordinis
661 375 691 409 S.
724 376 894 415 Dominici,
930 377 1103 420 gratiisque
1138 384 1165 409 ct

503 425 674 470 privilegiis
708 425 850 458 eiusdem
872 424 1010 465 Ordinis,
1042 426 1115 460 567.

415 477 489 509 XIX.
527 473 693 512 Damnatio
728 474 833 515 legum
870 484 925 506 seu
961 483 1108 506 errorum
1136 475 1166 507 in

501 521 635 556 Saxonia
660 521 828 564 Speculmn.
852 521 1021 554 Somnum
1041 533 1166 555 nuncu-

503 575 670 615 patorum,
699 570 954 613 eorumdemque
979 571 1165 613 sequacium

502 630 575 653 cum
597 629 774 662 poenarum
797 618 1012 661 impositione,
1040 618 1113 652 573.

415 669 475 702 XX.
500 667 613 701 Clerici
634 666 790 709 illegitimi
812 677 875 699 non
902 666 1110 700 admittantur
1130 667 1167 697 ad

503 715 710 748 canonicatus
744 719 770 746 et
800 714 858 747 alia
895 714 1048 747 beneficia
1071 714 1167 746 trium

502 762 717 796 Ecclesiarum
734 762 997 805 patriarchalium
1016 763 1054 794 de
1071 762 1166 799 Urbe,

502 811 621 854 absque
663 809 792 853 speciali
838 809 927 841 Sedis
970 809 1169 852 Apostolicae.

502 859 751 902 dispensatione,
774 858 847 891 576.

533 906 648 940 Contra
684 906 842 949 praelatos
876 910 902 937 et
944 905 1022 938 alios
1059 906 1169 938 dantes

503 964 636 987 munera
658 964 713 986 seu
734 959 857 986 strenas
877 953 1004 986 nunciis
1018 953 1170 996 provisio-

502 1013 557 1035 nes
572 1002 786 1035 Ecclesiarum
802 1002 848 1034 vel
865 1001 1098 1034 beneficiorum
1110 1001 1169 1033 sibi

501 1061 518 1082 a
543 1050 623 1083 Sede
657 1050 838 1093 Apostolica
871 1049 1061 1081 collatorum
1087 1059 1168 1091 quo-

501 1097 677 1134 modolibet
696 1097 925 1133 deserentibus,
952 1096 1027 1130 577.

414 1146 503 1178 XXII.
527 1145 616 1184 Quod
645 1145 675 1177 in
698 1145 836 1179 Ecclesia
875 1145 905 1177 S.
940 1144 1097 1177 Ambrosii
1131 1145 1169 1176 ad

502 1194 620 1227 Nemus
638 1193 876 1231 Mediolanensi,
894 1193 934 1225 ob
960 1193 1169 1226 reverentiam

502 1242 645 1275 eiusdem
666 1241 784 1279 Sancti,
807 1242 920 1274 fratres
952 1241 982 1273 S.
1013 1241 1169 1274 Ambrosii

503 1290 726 1333 nuncupandi,
749 1290 807 1322 sub
823 1290 934 1332 regula
950 1289 980 1322 S.
1001 1289 1168 1332 Augustini

503 1339 683 1385 religiosam
704 1338 798 1371 vitam
833 1339 962 1378 ducant,
985 1337 1169 1371 Ambrosia-

504 1397 647 1430 numque
681 1386 821 1420 officium
863 1386 996 1419 recitare
1036 1386 1167 1429 possint,

417 1484 522 1517 XXIII.
558 1483 736 1516 Declaratio
772 1488 802 1516 et
839 1481 979 1515 extensio
1015 1482 1169 1525 privilegii

505 1531 716 1575 exemptionis
741 1543 756 1563 a
791 1531 949 1564 solutione
970 1530 1168 1563 decimarum

504 1580 758 1622 congregationis
779 1579 1012 1612 monachorum
1024 1578 1170 1612 Caelesti-

503 1638 619 1661 norum
658 1627 784 1661 Ordinis
804 1628 835 1660 S.
859 1627 1033 1667 Benedicti,
1055 1626 1130 1660 579.

416 908 490 940 xxi.

665 1741 844 1775 URBANUS
870 1742 903 1774 VI
911 1768 916 1773 .

417 1859 437 1890 I.
461 1857 639 1890 Iurisdictio
660 1856 827 1889 camerarii
853 1856 987 1889 Sanctae
1008 1856 1168 1889 Romanae

502 1905 662 1938 Ecclesiae
678 1905 852 1937 summarie
863 1914 1086 1947 quascumque
1098 1915 1169 1937 cau-

503 1964 552 1986 sas
567 1954 719 1986 interesse
741 1963 840 1986 rever.
865 1952 1017 1986 Gamerae
1038 1952 1169 1995 Aposto-

501 2002 581 2035 licae.
602 2001 844 2044 quomodolibet
864 2006 1095 2034 concernentes
1115 2013 1167 2033 co-

502 2050 688 2094 gnoscendi,
710 2049 784 2084 581.

414 2101 450 2132 II.
479 2100 718 2141 Maremagnum
739 2109 795 2132 seu
817 2099 1018 2142 privilegium
1041 2099 1168 2142 privile-

502 2148 561 2190 giis
595 2147 768 2180 conflatum
803 2157 860 2190 pro
888 2147 1006 2180 Ordine
1033 2148 1167 2180 fratrum

502 2193 673 2229 Servorum
695 2196 727 2227 B.
752 2195 868 2228 Mariae
890 2195 1036 2238 Virginis,
1060 2195 1134 2229 582.

415 2246 463 2278 III.
487 2244 788 2278 Confoederationes
808 2254 881 2276 cum
898 2245 1079 2283 haereticis,
1092 2256 1169 2288 qua-

502 2303 642 2336 cumque
670 2293 819 2326 firmitate
858 2293 1039 2329 roboratae.
1061 2295 1167 2327 nullae

502 2346 533 2375 et
552 2341 660 2374 irritae
680 2341 895 2380 declarantur,
923 2341 998 2375 584.

415 2391 461 2423 IV.
490 2391 615 2424 Erectio
649 2390 750 2424 Studii
789 2392 947 2433 generalis
980 2391 1012 2424 in
1046 2392 1169 2426 civitate

501 2437 799 2482 Quinquecclesien.
811 2441 901 2483 regni
912 2441 1085 2484 Hungariae
1095 2452 1168 2474 cum

501 2488 674 2531 privilegiis
700 2499 757 2531 pro
784 2489 969 2522 doctoribus
993 2494 1024 2522 et
1043 2490 1167 2522 schola-

502 2537 602 2577 ribus,
625 2543 783 2571 reservata
802 2538 962 2571 Ludovico
984 2538 1049 2581 regi
1076 2549 1167 2581 prae-

504 2586 647 2619 sentandi
674 2587 834 2627 facultate,
857 2586 931 2621 585.

416 2633 447 2665 Υ.
481 2635 699 2680 Lateranensis
736 2635 895 2670 Ecclesiae
930 2636 1105 2670 oblationes
1140 2637 1169 2669 in

1005 277 1141 300 BULLARI
1148 277 1191 299 UM
1216 276 1378 299 homanum

1299 330 1378 362 alios
1392 340 1489 372 quam
1511 329 1648 362 fabricae
1664 330 1808 371 eiusdem
1823 331 1960 364 basilica}

1299 388 1375 409 usus
1396 378 1536 410 converti
1554 377 1713 420 prohibet,
1735 376 1808 411 586.

1211 426 1254 456 vi.
1279 425 1368 462 Quod
1391 426 1502 457 fratres
1522 425 1687 468 hospitalis
1707 426 1811 459 Sancti
1837 426 1961 460 Ioanni-s

1300 473 1576 517 Ilierosolymitani
1606 485 1705 507 unum
1741 477 1962 517 tantummodo

1300 521 1328 553 in
1351 532 1463 554 eorum
1485 521 1602 555 Ordine
1623 521 1816 555 beneficium
1856 534 1963 566 acqui-

1300 580 1369 601 rere
1392 569 1512 612 possint
1531 570 1686 609 decernit,
1709 569 1783 603 587.

1211 617 1270 649 Vll.
1295 617 1408 649 Contra
1431 617 1582 651 officiales
1605 617 1702 651 laicos
1735 621 1964 661 quoquomodo

1301 676 1452 707 personas
1496 667 1725 699 ecclesiasticas
1764 667 1962 705 bannientes,

1301 715 1478 756 relegantes
1499 720 1553 748 aut,
1583 715 1829 758 proscribentes,
1852 715 1926 749 588.

1213 763 1284 793 x‘lll.
1313 763 1503 805 Reprobatio
1536 764 1705 806 pignorum
1728 775 1782 796 scu
1805 766 1964 810 sportula-

1301 822 1384 847 rum,
1408 812 1575 845 occasione
1597 812 1784 854 litigiorum.
1808 813 1965 846 iudicibus

1300 860 1522 894 ecclesiasticis
1543 861 1654 903 quovis
1685 862 1779 893 niodo
1813 862 1965 896 exhiben-

1301 907 1428 945 dorum,
1451 908 1525 942 589.

1213 954 1259 985 lx.
1291 955 1485 998 Approbatio
1506 962 1533 989 et
1557 958 1723 990 ratiticatio
1744 958 1869 990 Ordinis
1903 960 1965 991 sra-

1301 1007 1384 1035 trum
1406 1004 1512 1037 Sanrti
1533 1005 1621 1038 Pauli
1639 1005 1734 1038 Primi
1757 1006 1914 1040 Eremitae
1935 1008 1967 1039 in

1301 1051 1482 1094 Hungariae
1504 1053 1647 1096 partibus
1664 1065 1680 1085 a
1692 1054 1807 1086 Ioanne
1818 1054 1874 1087 PP.
1887 1054 1967 1088 XXII

1302 1099 1446 1139 instituti,
1470 1101 1543 1135 589.

1215 1147 1246 1177 X.
1278 1147 1439 1181 Fratribus
1473 1149 1598 1182 Ordinis
1632 1152 1802 1183 Servorum
1836 1152 1967 1185 Sanctae

1302 1198 1415 1232 Mariae
1437 1201 1558 1232 nullam
1585 1200 1717 1232 antehac
1750 1199 1780 1231 in
1808 1200 1889 1233 Urbe
1909 1202 1966 1234 do-

1302 1257 1388 1278 mum
1411 1247 1602 1280 habentibus·
1618 1248 1752 1280 ecclesia
1768 1248 1874 1281 Sancti
1891 1250 1967 1282 Mar-

1301 1294 1371 1326 ‹telli
1393 1296 1592 1331 conceditur,
1615 1295 1688 1331 590.

1213 1341 1259 1372 xl.
1285 1342 1475 1376 Sanctorum
1494 1344 1576 1376 Petri
1592 1348 1622 1376 et
1642 1344 1729 1376 Pauli
1747 1345 1965 1387 apostolorum

1300 1390 1408 1423 icones
1417 1397 1582 1434 argenteas
1591 1393 1759 1425 deauratas
1767 1393 1966 1437 gemmisque

1301 1439 1447 1481 pretiosis
1491 1440 1724 1482 elegantissime
1775 1441 1963 1484 elaboratas.

1299 1498 1435 1528 quarum
1453 1489 1563 1527 altera,
1582 1489 1700 1521 scilicet
1718 1489 1799 1522 beati
1822 1489 1916 1529 Petri,
1928 1491 1965 1523 de

1301 1534 1385 1577 ligno
1398 1536 1508 1569 Crucis
1519 1537 1643 1569 Domini
1656 1537 1753 1570 nostri
1771 1538 1841 1570 lesu
1851 1538 1966 1571 Christi

1301 1583 1489 1625 particulam
1516 1585 1547 1617 in
1582 1585 1696 1618 vertice
1732 1586 1858 1624 retinet,
1880 1592 1911 1619 et
1934 1588 1966 1620 in

1299 1630 1416 1673 quibus
1447 1632 1492 1665 Ss.
1524 1635 1742 1676 apostolorum
1778 1635 1965 1668 eorumdem

1301 1678 1402 1722 capita
1428 1684 1502 1712 sunt
1522 1681 1701 1721 recondita,
1724 1681 1866 1725 aliasque
1891 1693 1967 1715 non<

1301 1727 1464 1760 nullorum
1493 1734 1618 1762 sanctas
1640 1729 1792 1772 reliquias
1818 1730 1968 1764 decenter

1299 1781 1438 1812 ornatas,
1467 1777 1497 1809 in
1531 1784 1732 1811 sacrosancta
1763 1779 1966 1812 Lateranensi

1302 1825 1438 1858 Ecclesia
1474 1832 1647 1859 asservatas
1672 1828 1968 1873 auferentesffliri-

1302 1874 1422 1916 pientes
1452 1887 1507 1908 seu
1533 1876 1610 1908 alias
1648 1877 1892 1919 (pioniodolibet
1911 1878 1965 1910 de«

1302 1924 1489 1965 praedantes
1529 1924 1871 1957 excommunicationis
1900 1925 1966 1958 vin-

1300 1972 1590 2011 culoinnodantur,
1615 1979 1854 2017 perpetuaeque
1890 1974 1967 2007 infa-

1301 2021 1381 2053 miae
1404 2033 1505 2064 poena
1527 2023 1724 2066 plectuntur,
1743 2023 1816 2056 592.

1215 2070 1274 2102 ΧΗ,
1296 2071 1480 2110 Haereticis,
1504 2071 1713 2105 schismaticis
1733 2071 1867 2115 aliisque
1889 2083 1967 2105 asa-

1301 2125 1465 2152 crosancta
1486 2121 1658 2163 apostolica
1680 2120 1821 2153 Romana
1844 2125 1871 2153 et
1893 2121 1965 2154 uni-

1300 2168 1410 2200 versali
1433 2169 1589 2201 catholica
1612 2168 1749 2201 Ecclesia
1784 2169 1964 2211 quomodo-

1301 2215 1375 2248 libet
1413 2216 1629 2254 deviantibus,
1670 2222 1698 2249 et
1737 2218 1774 2249 ad
1821 2216 1963 2250 eiusdem

1301 2265 1457 2297 Ecclesiae
1493 2266 1660 2304 unitatem,
1692 2265 1906 2298 obedientiam
1935 2271 1963 2298 et

1301 2314 1508 2346 reverentiam
1522 2314 1731 2347 redeuntibus
1742 2316 1876 2347 sormam
1896 2326 1967 2357 pro-

1300 2364 1445 2397 fessionis
1465 2364 1537 2396 sidei
1561 2365 1780 2407 praestandam
1810 2365 1965 2407 praescri-

1301 2413 1355 2451 bit,
1379 2413 1453 2447 594.

1312 2461 1487 2494 Causarum
1509 2462 1622 2494 Curiae
1643 2462 1966 2505 Capitolinaewcogni-

1301 2505 1420 2538 tionem
1431 2510 1458 2538 et
1472 2506 1695 2539 diffinitionem
1706 2506 1799 2539 etiam
1818 2506 1847 2538 in
1865 2507 1964 2549 gradu

1301 2549 1524 2591 appellationis
1544 2555 1572 2582 et
1594 2550 1625 2582 in
1646 2550 1906 2593 quibuscumque
1923 2550 1967 2582 in-

1302 2594 1435 2629 siamus,
1450 2594 1609 2626 iudicibus
1618 2595 1760 2627 eiusdem
1771 2593 1884 2627 Curiae
1897 2600 1964 2626 tan-

1303 2638 1480 2671 tummodo.
1504 2638 1636 2671 caeteris
1661 2638 1823 2672 Romanae
1851 2638 1965 2672 Curiae

1214 2460 1287 2492 XIII.
