2274 3265
82 267 131 293 An.
147 265 176 292 C.
197 263 263 292 ¹278

101 869 236 889 Pontificibus

82 902 157 921 donata
202 898 265 919 Romu

84 937 127 952 tum
143 931 238 957 imperio.

110 2545 188 2566 namna
200 2544 249 2565 Urbi
269 2553 281 2567 2

97 2578 189 2600 dominio
219 2582 282 2600 uta-

98 2614 167 2630 rorum
182 2609 240 2630 illata
250 2614 282 2630 re-

99 2643 184 2666 conten

902 259 1018 282 NlCOLA
1024 259 1059 282 US
1087 259 1123 281 ΙΙΙ
1152 259 1200 281 ΡΡ.

283 319 449 366 proficeret
475 317 687 359 incrementis,
711 328 772 349 non
795 315 914 361 absque
937 315 1032 348 mira-

281 368 351 403 culo
386 366 501 401 sactum
524 378 592 400 esse
619 365 806 411 concipitur,
835 372 867 398 ut
893 363 1032 399 occasio—

281 416 392 452 naliter
433 414 633 450 Constantini
679 412 867 447 monarchae
907 425 921 447 a
965 412 1032 446 Deo

281 465 433 512 praevisa,
448 464 504 499 sed
518 471 623 498 curata
647 461 887 508 baptismalibus
909 461 1033 496 fomen-

281 515 332 555 tis,
356 514 518 548 infirmitas
534 511 688 559 quandam
703 510 791 557 quasi
807 510 955 545 adiiceret
975 510 1031 555 ipsi

281 563 442 597 Ecclesiae
471 562 664 599 firmitatem,
691 559 743 606 qni
771 568 883 606 quarto
910 559 960 593 die
985 558 1031 592 sui

281 612 478 658 baptismatis
502 622 561 645 una
583 621 655 644 cum
679 608 829 643 omnibus
847 608 981 655 satrapis
1003 615 1033 641 et

281 662 428 695 universo
455 667 583 701 senatu,
614 657 825 704 'optimatibus
859 657 969 693 etiam.
1003 665 1032 690 et

280 717 396 744 cuncto
419 708 548 756 populo,
573 708 601 741 in
626 719 760 753 persona
785 705 865 740 beati
889 706 1030 740 Silvestri

280 759 338 793 sibi
366 758 542 792 Romanam
580 755 698 791 Urbem
727 756 947 799 concedendo,
983 767 1033 790 re-

280 808 426 854 linquens
448 807 487 841 ab
509 818 546 840 eo
568 814 599 840 et
620 805 861 840 successoribus
888 805 956 839 eius
980 817 1033 851 per

281 856 505 904 pragmaticum
554 855 757 889 constitutum
802 854 1031 901 disponendam

279 917 349 941 esse
375 905 549 940 decernens
584 904 615 938 in
655 904 720 950 ipsa
750 902 834 937 Urbe
870 904 1033 951 utriusque

281 954 442 1002 potestatis
470 953 685 988 monarchiam
715 952 866 987 Romanis
896 952 1034 987 Pontifi-

280 1004 372 1039 cibus
406 1003 589 1047 declararet,
619 1015 679 1036 non
718 1002 836 1036 iustum
866 1001 1032 1042 arbitrans,

282 1061 313 1088 ut
331 1053 382 1087 ubi
405 1052 578 1087 sacerdotis
602 1051 810 1098 principatum
835 1059 864 1085 et
888 1051 1034 1085 christia-

282 1114 339 1137 nae
375 1101 538 1148 religionis
572 1109 665 1147 caput
692 1100 866 1146 Imperator
893 1100 1034 1134 caelestis

283 1151 436 1191 instituit,
464 1151 527 1185 illic
551 1150 720 1196 imperator
749 1157 893 1183 terrenus
924 1148 1042 1189 babeat

283 1207 488 1247 potestatem;
510 1200 585 1246 quin
602 1198 699 1244 magis
723 1198 790 1244 ipsa
814 1197 897 1231 Petri
922 1197 1033 1237 Sedes,

285 1251 313 1283 in
343 1248 488 1283 Romano
524 1249 584 1282 iam
614 1247 742 1294 proprio
765 1247 844 1281 solio
871 1246 1034 1289 collocata,

283 1298 424 1333 libertate
447 1298 536 1344 plena
562 1298 590 1330 in
614 1297 679 1331 suis
701 1296 832 1341 agendis
853 1306 907 1342 per
929 1295 1034 1329 omnia

284 1347 449 1394 potiretur:
475 1359 532 1381 nec
552 1346 605 1380 ulli
628 1345 776 1380 subesset
799 1345 930 1384 homini,
953 1356 1034 1390 quae

283 1409 353 1431 aere
375 1396 480 1431 divino
499 1396 623 1430 cunctis
645 1395 839 1440 dignoscitur
859 1406 928 1428 esse
952 1406 1034 1439 prae·

283 1446 353 1480 lata.
385 1445 484 1480 Decet
507 1457 643 1492 namque
671 1445 726 1490 ipsi
755 1443 901 1478 Romano
925 1443 1035 1477 Ponti-

283 1496 332 1530 fici
363 1508 418 1541 per
445 1495 555 1529 fratres
577 1507 650 1528 suos
677 1502 893 1527 sacrosanctae
915 1493 1036 1527 Roma-

283 1557 340 1579 nae
361 1544 522 1579 Ecclesiae
545 1543 729 1583 cardinales,
752 1544 805 1589 qui
829 1543 887 1577 sibi
911 1543 940 1576 in
961 1555 1036 1577 exe-

282 1594 411 1641 qutione
453 1593 546 1628 officii
592 1592 795 1627 sacerdotalis
839 1591 1037 1626 coadiutores

282 1644 445 1683 assistunt,
468 1643 564 1677 libera
588 1643 753 1689 provenire
772 1642 914 1676 consilia.
939 1641 1037 1676 Decet

284 1693 343 1740 ipsi
372 1692 458 1727 nullo
486 1692 580 1726 modo
603 1692 746 1726 vacillare
773 1691 901 1734 iudicia,
924 1697 958 1724 ut
981 1690 1038 1725 fra-

284 1751 347 1778 tres
364 1743 451 1789 ipsos
475 1741 581 1776 nullus
596 1740 765 1775 saecularis
788 1748 953 1787 potestatis
973 1753 1037 1774 nie-

287 1801 336 1828 tus
371 1799 548 1835 exterreat,
589 1791 695 1825 nullus
734 1791 915 1838 temporalis
955 1790 1039 1823 favor

286 1842 468 1882 absorbeat,
507 1840 614 1876 nullus
649 1841 694 1874 eis
726 1847 825 1874 terror
865 1839 1037 1879 immineat,

287 1891 363 1926 nibil
387 1904 441 1926 eos
468 1904 483 1924 a
508 1890 570 1924 veri
598 1889 718 1924 consilii
749 1890 904 1925 soliditate
932 1900 1038 1923 remo-

287 1949 367 1982 veat,
405 1942 480 1988 quin
516 1952 586 1975 cum
627 1952 682 1986 per
719 1939 822 1985 ipsum
857 1938 1037 1973 Romanum

286 1990 472 2025 Pontificem
489 1990 516 2023 in
540 1988 798 2035 quibuscumque
815 1988 949 2034 negotiis
969 2000 1041 2021 con-

287 2040 420 2085 tingeret
454 2051 563 2073 eorum
598 2038 659 2085 peti
695 2038 825 2072 consilia
858 2038 886 2071 in
923 2049 1041 2071 consu-

288 2089 381 2124 lendo
419 2101 473 2135 per
499 2088 602 2123 omnia
638 2087 727 2121 liberi
759 2087 861 2121 eidem
897 2086 1041 2121 Romano

289 2137 435 2173 Pontifici
460 2138 491 2172 in
519 2136 680 2176 omnibus,
707 2149 786 2182 qnae
817 2148 872 2183 pro
901 2144 1041 2181 tempore

291 2187 466 2226 imminent.
494 2186 591 2221 libere
625 2187 792 2221 cousulant
822 2192 852 2220 et
879 2185 1040 2220 assistant:

292 2238 421 2285 ipsaque
459 2235 596 2270 Romani
632 2235 795 2270 Pontificis
830 2235 935 2269 vicarii
972 2235 1042 2277 Dei,

291 2298 371 2333 quae
393 2284 459 2320 suis
482 2284 677 2331 temporibus
701 2292 845 2319 occurret
867 2284 990 2327 electio,
1013 2292 1043 2318 et

291 2334 474 2370 eorumdem
498 2334 716 2378 cardinalium,
740 2346 811 2368 cum
832 2333 976 2380 expediet
1000 2332 1043 2366 l'a-

292 2384 402 2419 cienda
430 2383 597 2431 promotio,
633 2383 661 2417 in
685 2384 769 2417 omni
795 2382 936 2417 libertate
965 2395 1043 2428 pro-

292 2433 416 2468 cedant.

343 2482 362 2529 ᾖ
391 2485 422 2516 1.
457 2481 559 2527 Digne
594 2480 698 2527 itaque
720 2480 757 2515 ad
783 2480 898 2516 Urbem
931 2480 1044 2527 ipsam,

295 2531 426 2579 eiusque
449 2531 589 2577 regimen
618 2530 715 2564 aciem
745 2539 869 2564 nostrae
898 2530 1045 2564 conside-

297 2581 424 2616 rationis
447 2580 658 2619 extendimus,
683 2588 714 2614 ut
738 2579 820 2614 felici
844 2579 937 2613 ducta
961 2578 1046 2625 regi-

297 2631 382 2665 mine
416 2637 633 2677 praeservetur
671 2642 687 2664 a
723 2629 835 2673 noxiis,
864 2636 893 2664 et
933 2627 1047 2676 optatis

1727 249 1773 280 43

1072 326 1198 360 semper
1234 315 1374 360 proficiat
1412 316 1625 350 incrementis.
1662 313 1822 361 Numquid

1072 363 1204 397 obduxit
1226 363 1356 404 oblivio,
1380 376 1460 410 qnae
1488 364 1577 407 Urbi,
1604 375 1685 409 quae
1715 363 1824 398 incolis

1074 420 1143 446 nota
1167 412 1331 458 dispendia
1361 413 1535 447 intulerunt
1558 412 1712 447 hactenus
1732 424 1824 458 pere-

1072 461 1161 507 grina
1187 461 1359 506 regimina?
1394 461 1554 507 Numquid
1583 473 1643 495 non
1671 461 1748 495 baec
1770 461 1826 495 de·

1073 509 1203 543 structio
1238 511 1399 544 moenium
1435 519 1465 543 et
1493 509 1678 544 deformatio
1714 522 1827 556 prove-

1074 559 1165 593 niens
1188 570 1225 593 ex
1249 559 1346 592 ruinis
1375 559 1443 592 luce
1471 558 1583 592 clarius
1605 558 1828 593 manifestant?

1073 606 1156 641 Num
1181 607 1255 653 quid
1284 620 1346 642 non
1374 608 1449 642 baec
1472 607 1613 642 fidelium
1637 615 1826 642 contrectata

1073 655 1238 703 deposita?
1270 656 1433 703 Numquid
1460 668 1519 690 non
1550 656 1625 689 baec
1649 656 1712 702 ipsa
1740 668 1827 690 vene-

1074 706 1170 740 randa
1192 705 1250 740 Dei
1276 706 1389 752 templa
1415 704 1624 751 praesidentis
1655 716 1747 738 manu
1778 717 1828 739 sa-

1074 755 1189 801 crilega
1217 754 1331 790 diebus
1355 754 1468 788 nostris
1483 753 1599 788 nefarie
1619 753 1730 788 violata
1755 766 1829 798 pro-

1073 804 1227 839 clamant?
1249 803 1331 845 Quid
1358 804 1465 850 plura‘?
1488 815 1592 837 nonne
1617 802 1716 848 ipsius
1735 802 1829 837 Urbis

1075 854 1236 888 retroactis
1259 853 1455 899 temporibus
1478 853 1657 898 incorrupta
1681 860 1830 886 constan-

1075 903 1126 946 tia,
1141 902 1201 937 sub
1217 903 1353 948 regentis
1376 914 1413 936 eo
1436 910 1577 948 tempore
1601 901 1735 936 nefando
1759 900 1831 936 sub-

1076 964 1161 986 versa
1186 952 1356 997 regimine,
1385 951 1481 996 ipsam
1513 950 1630 986 Urbem
1657 949 1826 997 speculum

1074 1000 1165 1036 Fidei
1189 1008 1271 1035 tanta
1297 1001 1446 1046 respersit
1474 999 1613 1042 infamia,
1638 1007 1669 1034 ut
1692 1011 1707 1034 a
1732 1006 1830 1034 matre

1074 1062 1128 1084 sua
1156 1049 1299 1084 Romana
1322 1049 1462 1085 Ecclesia
1487 1049 1545 1083 filia
1572 1048 1759 1095 praedilecta
1774 1048 1830 1083 de-

1077 1100 1158 1133 viare
1195 1099 1378 1145 compulsa,
1406 1098 1564 1145 quondam
1604 1096 1829 1141 Corradiuum,

1075 1148 1126 1193 qui
1155 1148 1193 1181 de
1224 1159 1378 1182 venenosa
1408 1147 1511 1181 radice
1542 1145 1692 1181 Friderici
1719 1158 1830 1193 quon—

1075 1197 1146 1230 dam
1167 1196 1384 1230 Romanorum
1406 1195 1606 1239 imperatoris
1628 1194 1748 1229 colubri
1773 1202 1830 1229 tor-

1077 1245 1156 1279 tuosi
1196 1245 1277 1279 iusto
1309 1245 1409 1291 ipsius
1442 1244 1604 1278 Ecclesiae
1627 1243 1743 1278 iudicio
1779 1255 1830 1278 re-

1078 1294 1197 1340 probati
1230 1293 1383 1340 prodiisse
1418 1292 1582 1328 videbatur
1609 1293 1639 1326 in
1674 1292 1830 1338 regulum,

1075 1343 1193 1389 quique
1223 1342 1260 1376 ad
1285 1343 1506 1377 exterminium
1532 1341 1692 1376 Romanae
1722 1342 1831 1375 matris

1077 1392 1236 1426 Ecclesiae
1255 1392 1428 1426 manifestis
1448 1391 1572 1425 indiciis
1590 1403 1649 1425 una
1671 1402 1744 1425 cum
1767 1390 1831 1424 suis

1077 1441 1250 1476 fautoribus
1272 1441 1429 1488 aspirabat
1458 1440 1487 1474 in
1518 1448 1732 1486 contemptum
1762 1438 1831 1481 Dei,

1077 1503 1152 1526 suae
1176 1491 1283 1526 matris
1305 1504 1340 1525 ac
1369 1491 1466 1536 ipsius
1490 1489 1586 1525 Urbis
1614 1489 1832 1536 opprobrium.

1078 1549 1220 1587 patenter
1246 1542 1420 1586 exciperet,
1444 1547 1569 1585 recepto
1600 1538 1727 1582 faveret,
1749 1551 1833 1573 con-

1077 1591 1212 1625 stituens
1236 1602 1269 1625 se
1299 1602 1355 1637 per
1382 1590 1442 1624 hoc
1469 1597 1531 1623 tam
1566 1588 1700 1636 patentis
1733 1588 1833 1623 hostis

1078 1652 1153 1675 snae
1178 1641 1285 1674 matris
1312 1639 1471 1674 Ecclesiae
1502 1637 1596 1672 filiam
1625 1637 1834 1672 adiutricem?

1078 1689 1164 1724 Haec
1186 1690 1244 1736 ipsi
1273 1689 1394 1724 Romae
1423 1688 1644 1736 praestiterunt
1672 1695 1833 1721 senatores

1079 1739 1247 1786 incogniti:
1285 1738 1363 1773 baec
1399 1737 1559 1785 praesides
1594 1737 1767 1783 improvisi,
1801 1743 1832 1769 ut

1078 1789 1212 1835 gloriosa
1247 1788 1356 1823 civitas
1393 1786 1577 1821 redderetur
1606 1786 1748 1832 ingloria,
1775 1797 1831 1820 sua

1080 1838 1231 1873 stabilitas
1273 1846 1436 1872 vocaretur
1481 1835 1652 1875 instabilis,
1692 1846 1832 1881 suaeque

1079 1887 1274 1922 constantiae
1301 1887 1459 1933 antiquata
1482 1884 1624 1920 soliditas
1643 1884 1761 1931 linguis
1779 1883 1833 1918 ho-

1082 1937 1201 1971 minum
1232 1944 1392 1971 notaretur
1414 1936 1547 1969 inlirma.

1129 1986 1149 2033 g
1186 1988 1218 2020 2.
1255 1985 1392 2020 Proinde
1428 1983 1519 2018 officii
1559 1982 1655 2017 nostri
1691 1980 1832 2016 debitum

1081 2036 1161 2070 cirea
1185 2034 1368 2069 huiusmodi
1396 2040 1456 2067 tam
1488 2032 1681 2079 periculosos
1704 2038 1834 2066 eventus

1081 2084 1119 2118 ad
1148 2084 1260 2120 libram
1291 2082 1516 2118 moderaminis
1544 2081 1711 2127 erigentes,
1734 2088 1834 2114 tantae

1082 2134 1295 2168 subversionis
1317 2133 1501 2167 occasiones
1524 2131 1562 2164 ita
1585 2129 1721 2165 salubris
1737 2140 1834 2163 reme—

1083 2183 1125 2218 dii
1148 2183 1348 2230 appositione
1379 2181 1603 2228 praecidimuS,
1633 2191 1671 2214 ne
1698 2179 1833 2222 illorum,

1083 2233 1134 2279 qui
1160 2233 1258 2279 ipsam
1284 2230 1511 2278 rempublicam
1535 2228 1734 2263 laudabiliter
1759 2227 1834 2261 hac-

1084 2291 1176 2316 tenus
1190 2281 1418 2328 gubernarunt,
1436 2279 1595 2313 videamur
1617 2277 1746 2324 gloriam
1763 2288 1835 2321 sug-

1084 2332 1203 2374 gillare,
1227 2330 1273 2364 vel
1296 2329 1421 2367 merita,
1447 2341 1528 2374 quae
1556 2326 1616 2360 illis
1638 2325 1719 2372 apud
1743 2324 1834 2358 insal-

1085 2380 1205 2415 libilem
1232 2388 1262 2413 et
1291 2378 1396 2413 onmia
1425 2378 1573 2411 scientem
1598 2374 1833 2409 Retributorem

1085 2430 1123 2463 de
1151 2430 1208 2462 iam
1240 2427 1365 2474 perlatis
1391 2426 1530 2472 quaesita
1558 2422 1718 2458 laboribus
1752 2422 1835 2456 salva

1088 2478 1267 2523 persistunt.
1292 2475 1330 2511 Ut
1356 2476 1450 2521 igitur
1468 2474 1550 2508 circa
1570 2473 1708 2518 regimen
1729 2471 1834 2516 ipsum

1086 2528 1156 2562 talis
1176 2526 1362 2561 adhibeatur
1391 2524 1421 2558 in
1445 2523 1593 2557 omnibus
1620 2533 1691 2556 cum
1715 2521 1837 2555 discre-

1087 2577 1170 2611 tione
1193 2576 1330 2618 solertia,
1359 2585 1414 2621 per
1449 2585 1543 2619 quam
1580 2571 1638 2618 ipsi
1674 2569 1835 2605 Romanae

1087 2625 1245 2661 Ecclesiae
1276 2624 1366 2671 plena
1395 2622 1532 2662 libertas,
1565 2632 1646 2668 quae
1674 2620 1705 2654 in
1733 2618 1837 2654 omni-

1838 259 1889 285 An.
1903 257 1929 284 Cv
1955 256 2023 284 1278

1861 1994 1939 2021 Quibus
1955 1998 2032 2014 occur-

1847 2025 1881 2047 rit.
