<?xml version="1.0" encoding="UTF-8"?>
<!DOCTYPE html PUBLIC "-//W3C//DTD XHTML 1.0 Transitional//EN"
    "http://www.w3.org/TR/xhtml1/DTD/xhtml1-transitional.dtd">
<html xmlns="http://www.w3.org/1999/xhtml" xml:lang="en" lang="en">
 <head>
  <title>
</title>
<meta http-equiv="Content-Type" content="text/html;charset=utf-8" />
  <meta name='ocr-system' content='tesseract 3.04.00' />
  <meta name='ocr-capabilities' content='ocr_page ocr_carea ocr_par ocr_line ocrx_word'/>
</head>
<body>
  <div class='ocr_page' id='page_1' title='image "./bullarumdiplomat04cath_0739.png"; bbox 0 0 2274 3265; ppageno 0'>
   <div class='ocr_carea' id='block_1_1' title="bbox 131 256 312 284">
    <p class='ocr_par' dir='ltr' id='par_1_1' title="bbox 131 256 312 284">
     <span class='ocr_line' id='line_1_1' title="bbox 131 256 312 284; baseline 0.011 -3"><span class='ocrx_word' id='word_1_1' title='bbox 131 258 179 281; x_wconf 79' lang='lat' dir='ltr'>An.</span> <span class='ocrx_word' id='word_1_2' title='bbox 199 256 227 283; x_wconf 82' lang='lat' dir='ltr'>C.</span> <span class='ocrx_word' id='word_1_3' title='bbox 249 258 312 284; x_wconf 66' lang='lat'>1&#39;128</span> 
     </span>
    </p>
   </div>
   <div class='ocr_carea' id='block_1_2' title="bbox 159 1607 277 1629">
    <p class='ocr_par' dir='ltr' id='par_1_2' title="bbox 159 1607 277 1629">
     <span class='ocr_line' id='line_1_2' title="bbox 159 1607 277 1629; baseline -0.008 -1"><span class='ocrx_word' id='word_1_4' title='bbox 159 1607 277 1629; x_wconf 64' lang='lat' dir='ltr'>Exordium,</span> 
     </span>
    </p>
   </div>
   <div class='ocr_carea' id='block_1_3' title="bbox 144 2450 479 2488">
    <p class='ocr_par' dir='ltr' id='par_1_3' title="bbox 144 2450 479 2488">
     <span class='ocr_line' id='line_1_3' title="bbox 144 2450 479 2488; baseline 0.003 -18"><span class='ocrx_word' id='word_1_5' title='bbox 144 2450 187 2470; x_wconf 69' lang='lat' dir='ltr'>Hoc</span> <span class='ocrx_word' id='word_1_6' title='bbox 202 2450 278 2471; x_wconf 83' lang='lat' dir='ltr'>testum</span> <span class='ocrx_word' id='word_1_7' title='bbox 290 2451 314 2471; x_wconf 78' lang='lat' dir='ltr'>ab</span> <span class='ocrx_word' id='word_1_8' title='bbox 330 2453 479 2488; x_wconf 60' lang='lat' dir='ltr'>Urbanus</span> 
     </span>
    </p>
   </div>
   <div class='ocr_carea' id='block_1_4' title="bbox 132 2482 285 2503">
    <p class='ocr_par' dir='ltr' id='par_1_4' title="bbox 132 2482 285 2503">
     <span class='ocr_line' id='line_1_4' title="bbox 132 2482 285 2503; baseline 0.008 -1"><span class='ocrx_word' id='word_1_9' title='bbox 132 2482 214 2502; x_wconf 64' lang='lat' dir='ltr'>Urbano</span> <span class='ocrx_word' id='word_1_10' title='bbox 235 2482 285 2503; x_wconf 83' lang='lat' dir='ltr'>lVi</span> 
     </span>
    </p>
   </div>
   <div class='ocr_carea' id='block_1_5' title="bbox 959 258 1234 281">
    <p class='ocr_par' dir='ltr' id='par_1_5' title="bbox 959 258 1234 281">
     <span class='ocr_line' id='line_1_5' title="bbox 959 258 1234 281; baseline -0.008 -1"><span class='ocrx_word' id='word_1_11' title='bbox 959 258 1005 281; x_wconf 75' lang='lat' dir='ltr'>MA</span> <span class='ocrx_word' id='word_1_12' title='bbox 1011 258 1123 281; x_wconf 74' lang='lat' dir='ltr'>ttTtNus</span> <span class='ocrx_word' id='word_1_13' title='bbox 1146 258 1165 278; x_wconf 91' lang='lat' dir='ltr'>V</span> <span class='ocrx_word' id='word_1_14' title='bbox 1188 258 1234 279; x_wconf 74' lang='lat' dir='ltr'>vt).</span> 
     </span>
    </p>
   </div>
   <div class='ocr_carea' id='block_1_6' title="bbox 329 308 1077 444">
    <p class='ocr_par' dir='ltr' id='par_1_6' title="bbox 329 308 1077 444">
     <span class='ocr_line' id='line_1_6' title="bbox 379 308 1077 358; baseline 0.001 -15"><span class='ocrx_word' id='word_1_15' title='bbox 379 308 490 343; x_wconf 82' lang='lat' dir='ltr'>Datum</span> <span class='ocrx_word' id='word_1_16' title='bbox 508 309 625 344; x_wconf 79' lang='lat' dir='ltr'>Romae</span> <span class='ocrx_word' id='word_1_17' title='bbox 642 311 724 358; x_wconf 90' lang='lat' dir='ltr'>apud</span> <span class='ocrx_word' id='word_1_18' title='bbox 743 312 877 346; x_wconf 77' lang='lat' dir='ltr'>Sanctus</span> <span class='ocrx_word' id='word_1_19' title='bbox 897 312 1077 358; x_wconf 74' lang='lat' dir='ltr'><strong>Apostolos,</strong></span> 
     </span>
     <span class='ocr_line' id='line_1_7' title="bbox 329 359 1076 407; baseline 0.007 -17"><span class='ocrx_word' id='word_1_20' title='bbox 329 359 495 392; x_wconf 78' lang='lat' dir='ltr'>undecimo</span> <span class='ocrx_word' id='word_1_21' title='bbox 510 359 658 394; x_wconf 77' lang='lat' dir='ltr'>kalendas</span> <span class='ocrx_word' id='word_1_22' title='bbox 675 361 862 398; x_wconf 68' lang='lat' dir='ltr'>novembris,</span> <span class='ocrx_word' id='word_1_23' title='bbox 875 361 1076 407; x_wconf 70' lang='lat' dir='ltr'>pontificatus</span> 
     </span>
     <span class='ocr_line' id='line_1_8' title="bbox 329 409 735 444; baseline 0.007 -4"><span class='ocrx_word' id='word_1_24' title='bbox 329 409 424 441; x_wconf 88' lang='lat' dir='ltr'>nostri</span> <span class='ocrx_word' id='word_1_25' title='bbox 448 421 531 442; x_wconf 79' lang='lat' dir='ltr'>anno</span> <span class='ocrx_word' id='word_1_26' title='bbox 556 409 735 444; x_wconf 84' lang='lat' dir='ltr'>undecimo.</span> 
     </span>
    </p>
   </div>
   <div class='ocr_carea' id='block_1_7' title="bbox 372 469 1032 511">
    <p class='ocr_par' dir='ltr' id='par_1_7' title="bbox 372 469 1032 511">
     <span class='ocr_line' id='line_1_9' title="bbox 372 469 1032 511; baseline 0.005 -13"><span class='ocrx_word' id='word_1_27' title='bbox 372 469 432 498; x_wconf 75' lang='lat' dir='ltr'>[tat.</span> <span class='ocrx_word' id='word_1_28' title='bbox 448 471 493 499; x_wconf 83' lang='lat' dir='ltr'>die</span> <span class='ocrx_word' id='word_1_29' title='bbox 510 471 547 500; x_wconf 60' lang='lat'>⁶202</span> <span class='ocrx_word' id='word_1_30' title='bbox 563 471 690 500; x_wconf 85' lang='lat' dir='ltr'>octobris</span> <span class='ocrx_word' id='word_1_31' title='bbox 709 472 793 507; x_wconf 61' lang='lat'><strong>1128,</strong></span> <span class='ocrx_word' id='word_1_32' title='bbox 810 477 887 511; x_wconf 90' lang='lat' dir='ltr'>pont.</span> <span class='ocrx_word' id='word_1_33' title='bbox 904 482 979 501; x_wconf 82' lang='lat' dir='ltr'>anno</span> <span class='ocrx_word' id='word_1_34' title='bbox 997 481 1032 501; x_wconf 83' lang='lat' dir='ltr'>xi.</span> 
     </span>
    </p>
   </div>
   <div class='ocr_carea' id='block_1_8' title="bbox 620 546 782 552">
    <p class='ocr_par' dir='ltr' id='par_1_8' title="bbox 620 546 782 552">
     <span class='ocr_line' id='line_1_10' title="bbox 620 546 782 552; baseline 0 0"><span class='ocrx_word' id='word_1_35' title='bbox 620 546 782 552; x_wconf 95' lang='lat' dir='ltr'> </span> 
     </span>
    </p>
   </div>
   <div class='ocr_carea' id='block_1_9' title="bbox 650 631 760 666">
    <p class='ocr_par' dir='ltr' id='par_1_9' title="bbox 650 631 760 666">
     <span class='ocr_line' id='line_1_11' title="bbox 650 631 760 666; baseline -0.009 0"><span class='ocrx_word' id='word_1_36' title='bbox 650 631 760 666; x_wconf 83' lang='lat' dir='ltr'>xxttt.</span> 
     </span>
    </p>
   </div>
   <div class='ocr_carea' id='block_1_10' title="bbox 332 713 1080 956">
    <p class='ocr_par' dir='ltr' id='par_1_10' title="bbox 332 713 1080 956">
     <span class='ocr_line' id='line_1_12' title="bbox 332 713 1080 758; baseline 0 -12"><span class='ocrx_word' id='word_1_37' title='bbox 332 713 424 752; x_wconf 75' lang='lat' dir='ltr'>Quod</span> <span class='ocrx_word' id='word_1_38' title='bbox 436 714 581 756; x_wconf 70' lang='lat' dir='ltr'><em>festivitas</em></span> <span class='ocrx_word' id='word_1_39' title='bbox 600 714 794 746; x_wconf 71' lang='lat' dir='ltr'>sanctissimi</span> <span class='ocrx_word' id='word_1_40' title='bbox 810 714 951 758; x_wconf 79' lang='lat' dir='ltr'><em>Corporis</em></span> <span class='ocrx_word' id='word_1_41' title='bbox 967 714 1080 747; x_wconf 71' lang='lat' dir='ltr'>Christi</span> 
     </span>
     <span class='ocr_line' id='line_1_13' title="bbox 377 764 1076 808; baseline 0.003 -14"><span class='ocrx_word' id='word_1_42' title='bbox 377 764 465 795; x_wconf 74' lang='lat' dir='ltr'>eliani</span> <span class='ocrx_word' id='word_1_43' title='bbox 475 774 529 806; x_wconf 83' lang='lat' dir='ltr'>per</span> <span class='ocrx_word' id='word_1_44' title='bbox 543 770 681 795; x_wconf 58' lang='lat' dir='ltr'>octavum</span> <span class='ocrx_word' id='word_1_45' title='bbox 693 765 837 796; x_wconf 78' lang='lat' dir='ltr'>celebrari</span> <span class='ocrx_word' id='word_1_46' title='bbox 848 765 953 808; x_wconf 72' lang='lat' dir='ltr'>possit,</span> <span class='ocrx_word' id='word_1_47' title='bbox 965 766 1076 808; x_wconf 74' lang='lat' dir='ltr'>apertis</span> 
     </span>
     <span class='ocr_line' id='line_1_14' title="bbox 376 813 1077 857; baseline 0 -13"><span class='ocrx_word' id='word_1_48' title='bbox 376 813 567 845; x_wconf 56' lang='lat' dir='ltr'>ecclesiarum</span> <span class='ocrx_word' id='word_1_49' title='bbox 608 814 721 851; x_wconf 76' lang='lat' dir='ltr'>ianuis,</span> <span class='ocrx_word' id='word_1_50' title='bbox 750 821 879 857; x_wconf 77' lang='lat' dir='ltr'>tempore</span> <span class='ocrx_word' id='word_1_51' title='bbox 907 814 1059 846; x_wconf 75' lang='lat' dir='ltr'>interdicti</span> <span class='ocrx_word' id='word_1_52' title='bbox 1068 829 1077 851; x_wconf 87' lang='lat'>‚-</span> 
     </span>
     <span class='ocr_line' id='line_1_15' title="bbox 376 862 1076 906; baseline 0.001 -13"><span class='ocrx_word' id='word_1_53' title='bbox 376 870 401 893; x_wconf 80' lang='lat' dir='ltr'>et</span> <span class='ocrx_word' id='word_1_54' title='bbox 428 862 481 905; x_wconf 81' lang='lat' dir='ltr'>qui</span> <span class='ocrx_word' id='word_1_55' title='bbox 514 874 580 894; x_wconf 85' lang='lat' dir='ltr'>eam</span> <span class='ocrx_word' id='word_1_56' title='bbox 612 863 672 906; x_wconf 77' lang='lat' dir='ltr'>piis</span> <span class='ocrx_word' id='word_1_57' title='bbox 708 864 844 906; x_wconf 72' lang='lat' dir='ltr'>operibus</span> <span class='ocrx_word' id='word_1_58' title='bbox 875 871 1076 905; x_wconf 73' lang='lat' dir='ltr'>venerantur,</span> 
     </span>
     <span class='ocr_line' id='line_1_16' title="bbox 378 912 912 956; baseline 0.004 -14"><span class='ocrx_word' id='word_1_59' title='bbox 378 912 580 954; x_wconf 67' lang='lat' dir='ltr'>iiidulyetttias</span> <span class='ocrx_word' id='word_1_60' title='bbox 607 920 831 956; x_wconf 77' lang='lat' dir='ltr'>consequantur</span> <span class='ocrx_word' id='word_1_61' title='bbox 859 916 912 955; x_wconf 68' lang='lat' dir='ltr'>tl).</span> 
     </span>
    </p>
   </div>
   <div class='ocr_carea' id='block_1_11' title="bbox 594 989 806 1020">
    <p class='ocr_par' dir='ltr' id='par_1_11' title="bbox 594 989 806 1020">
     <span class='ocr_line' id='line_1_17' title="bbox 594 989 806 1020; baseline 0.005 -1"><span class='ocrx_word' id='word_1_62' title='bbox 594 989 806 1020; x_wconf 66' lang='lat' dir='ltr'>SttttttAtttUtt</span> 
     </span>
    </p>
   </div>
   <div class='ocr_carea' id='block_1_12' title="bbox 327 1051 1078 1400">
    <p class='ocr_par' dir='ltr' id='par_1_12' title="bbox 327 1051 1078 1400">
     <span class='ocr_line' id='line_1_18' title="bbox 327 1051 1076 1083; baseline 0.003 -3"><span class='ocrx_word' id='word_1_63' title='bbox 327 1051 494 1083; x_wconf 79' lang='lat' dir='ltr'>Exordium.</span> <span class='ocrx_word' id='word_1_64' title='bbox 517 1069 555 1073; x_wconf 89' lang='lat'>-—</span> <span class='ocrx_word' id='word_1_65' title='bbox 587 1053 608 1081; x_wconf 91' lang='lat' dir='ltr'>l.</span> <span class='ocrx_word' id='word_1_66' title='bbox 637 1052 695 1082; x_wconf 84' lang='lat' dir='ltr'>lloc</span> <span class='ocrx_word' id='word_1_67' title='bbox 716 1053 822 1081; x_wconf 81' lang='lat' dir='ltr'>l&#39;estum</span> <span class='ocrx_word' id='word_1_68' title='bbox 846 1052 881 1082; x_wconf 77' lang='lat' dir='ltr'>ab</span> <span class='ocrx_word' id='word_1_69' title='bbox 903 1053 1018 1082; x_wconf 84' lang='lat' dir='ltr'>Urbano</span> <span class='ocrx_word' id='word_1_70' title='bbox 1042 1053 1076 1083; x_wconf 90' lang='lat' dir='ltr'>tv</span> 
     </span>
     <span class='ocr_line' id='line_1_19' title="bbox 367 1096 1077 1135; baseline 0.004 -11"><span class='ocrx_word' id='word_1_71' title='bbox 367 1096 546 1132; x_wconf 87' lang='lat' dir='ltr'>institutum,</span> <span class='ocrx_word' id='word_1_72' title='bbox 576 1097 724 1125; x_wconf 78' lang='lat' dir='ltr'>nonnullis</span> <span class='ocrx_word' id='word_1_73' title='bbox 750 1098 899 1126; x_wconf 74' lang='lat' dir='ltr'>concessis</span> <span class='ocrx_word' id='word_1_74' title='bbox 920 1098 1077 1135; x_wconf 68' lang='lat' dir='ltr'>indulgen-</span> 
     </span>
     <span class='ocr_line' id='line_1_20' title="bbox 368 1140 1078 1179; baseline 0.003 -11"><span class='ocrx_word' id='word_1_75' title='bbox 368 1140 423 1169; x_wconf 87' lang='lat' dir='ltr'>tiis.</span> <span class='ocrx_word' id='word_1_76' title='bbox 442 1157 480 1161; x_wconf 90' lang='lat'>—</span> <span class='ocrx_word' id='word_1_77' title='bbox 496 1140 522 1169; x_wconf 69' lang='lat'>2.</span> <span class='ocrx_word' id='word_1_78' title='bbox 543 1140 716 1169; x_wconf 84' lang='lat' dir='ltr'>Huiusmodi</span> <span class='ocrx_word' id='word_1_79' title='bbox 742 1140 940 1178; x_wconf 71' lang='lat' dir='ltr'>indulgentias</span> <span class='ocrx_word' id='word_1_80' title='bbox 957 1142 1078 1179; x_wconf 80' lang='lat' dir='ltr'>ampliat</span> 
     </span>
     <span class='ocr_line' id='line_1_21' title="bbox 368 1183 1078 1215; baseline 0.004 -3"><span class='ocrx_word' id='word_1_81' title='bbox 368 1183 518 1213; x_wconf 76' lang='lat' dir='ltr'>Martinus.</span> <span class='ocrx_word' id='word_1_82' title='bbox 535 1202 572 1206; x_wconf 97' lang='lat'><strong>—</strong></span> <span class='ocrx_word' id='word_1_83' title='bbox 591 1185 616 1214; x_wconf 91' lang='lat'>3.</span> <span class='ocrx_word' id='word_1_84' title='bbox 636 1184 752 1214; x_wconf 81' lang='lat' dir='ltr'>Festum</span> <span class='ocrx_word' id='word_1_85' title='bbox 777 1185 829 1214; x_wconf 87' lang='lat' dir='ltr'>boc</span> <span class='ocrx_word' id='word_1_86' title='bbox 847 1185 874 1214; x_wconf 89' lang='lat' dir='ltr'>in</span> <span class='ocrx_word' id='word_1_87' title='bbox 896 1186 968 1214; x_wconf 87' lang='lat' dir='ltr'>locis</span> <span class='ocrx_word' id='word_1_88' title='bbox 988 1186 1078 1215; x_wconf 86' lang='lat' dir='ltr'>inter-</span> 
     </span>
     <span class='ocr_line' id='line_1_22' title="bbox 367 1229 1076 1268; baseline 0.001 -11"><span class='ocrx_word' id='word_1_89' title='bbox 367 1229 444 1257; x_wconf 84' lang='lat' dir='ltr'>dicto</span> <span class='ocrx_word' id='word_1_90' title='bbox 476 1229 639 1268; x_wconf 74' lang='lat' dir='ltr'>suppositis</span> <span class='ocrx_word' id='word_1_91' title='bbox 673 1230 819 1267; x_wconf 86' lang='lat' dir='ltr'>quomodo</span> <span class='ocrx_word' id='word_1_92' title='bbox 855 1229 1076 1259; x_wconf 84' lang='lat' dir='ltr'>celebrandum.</span> 
     </span>
     <span class='ocr_line' id='line_1_23' title="bbox 367 1272 1077 1303; baseline 0.003 -2"><span class='ocrx_word' id='word_1_93' title='bbox 367 1289 404 1295; x_wconf 92' lang='lat'>-—-</span> <span class='ocrx_word' id='word_1_94' title='bbox 426 1273 452 1302; x_wconf 71' lang='lat'>4.</span> <span class='ocrx_word' id='word_1_95' title='bbox 477 1272 554 1301; x_wconf 82' lang='lat' dir='ltr'>Hanc</span> <span class='ocrx_word' id='word_1_96' title='bbox 578 1272 690 1302; x_wconf 85' lang='lat' dir='ltr'>Bullain</span> <span class='ocrx_word' id='word_1_97' title='bbox 715 1274 860 1302; x_wconf 73' lang='lat' dir='ltr'>dominica</span> <span class='ocrx_word' id='word_1_98' title='bbox 887 1273 990 1302; x_wconf 80' lang='lat' dir='ltr'>festum</span> <span class='ocrx_word' id='word_1_99' title='bbox 1023 1275 1077 1303; x_wconf 84' lang='lat' dir='ltr'>boc</span> 
     </span>
     <span class='ocr_line' id='line_1_24' title="bbox 369 1317 1076 1355; baseline 0.003 -10"><span class='ocrx_word' id='word_1_100' title='bbox 369 1318 562 1354; x_wconf 76' lang='lat' dir='ltr'>praecedente</span> <span class='ocrx_word' id='word_1_101' title='bbox 579 1317 722 1355; x_wconf 87' lang='lat' dir='ltr'>publicari</span> <span class='ocrx_word' id='word_1_102' title='bbox 743 1318 869 1346; x_wconf 78' lang='lat' dir='ltr'>mandat.</span> <span class='ocrx_word' id='word_1_103' title='bbox 886 1334 923 1338; x_wconf 88' lang='lat'>——</span> <span class='ocrx_word' id='word_1_104' title='bbox 941 1319 968 1347; x_wconf 78' lang='lat'>5.</span> <span class='ocrx_word' id='word_1_105' title='bbox 984 1318 1076 1347; x_wconf 84' lang='lat' dir='ltr'>Tran-</span> 
     </span>
     <span class='ocr_line' id='line_1_25' title="bbox 368 1362 716 1400; baseline -0.003 -10"><span class='ocrx_word' id='word_1_106' title='bbox 368 1362 494 1400; x_wconf 81' lang='lat' dir='ltr'>sumptis</span> <span class='ocrx_word' id='word_1_107' title='bbox 518 1362 610 1390; x_wconf 79' lang='lat' dir='ltr'>danda</span> <span class='ocrx_word' id='word_1_108' title='bbox 636 1362 716 1390; x_wconf 83' lang='lat' dir='ltr'>tides.</span> 
     </span>
    </p>
   </div>
   <div class='ocr_carea' id='block_1_13' title="bbox 378 1438 1026 1516">
    <p class='ocr_par' dir='ltr' id='par_1_13' title="bbox 378 1438 1026 1516">
     <span class='ocr_line' id='line_1_26' title="bbox 378 1438 1026 1473; baseline -0.003 -6"><span class='ocrx_word' id='word_1_109' title='bbox 378 1439 512 1467; x_wconf 76' lang='lat' dir='ltr'>martinus</span> <span class='ocrx_word' id='word_1_110' title='bbox 535 1438 676 1473; x_wconf 79' lang='lat' dir='ltr'>episcopus</span> <span class='ocrx_word' id='word_1_111' title='bbox 694 1445 788 1466; x_wconf 84' lang='lat' dir='ltr'>servus</span> <span class='ocrx_word' id='word_1_112' title='bbox 813 1445 951 1467; x_wconf 77' lang='lat' dir='ltr'>servorum</span> <span class='ocrx_word' id='word_1_113' title='bbox 970 1438 1026 1471; x_wconf 81' lang='lat' dir='ltr'>Dei,</span> 
     </span>
     <span class='ocr_line' id='line_1_27' title="bbox 491 1487 914 1516; baseline 0.002 -1"><span class='ocrx_word' id='word_1_114' title='bbox 491 1488 525 1515; x_wconf 83' lang='lat' dir='ltr'>ad</span> <span class='ocrx_word' id='word_1_115' title='bbox 543 1487 668 1516; x_wconf 77' lang='lat' dir='ltr'>futuram</span> <span class='ocrx_word' id='word_1_116' title='bbox 687 1488 728 1516; x_wconf 82' lang='lat' dir='ltr'>rei</span> <span class='ocrx_word' id='word_1_117' title='bbox 747 1488 914 1516; x_wconf 77' lang='lat' dir='ltr'>memoriam.</span> 
     </span>
    </p>
   </div>
   <div class='ocr_carea' id='block_1_14' title="bbox 327 1560 1081 2500">
    <p class='ocr_par' dir='ltr' id='par_1_14' title="bbox 327 1560 1080 2401">
     <span class='ocr_line' id='line_1_28' title="bbox 376 1560 1077 1607; baseline 0.001 -12"><span class='ocrx_word' id='word_1_118' title='bbox 376 1560 537 1595; x_wconf 68' lang='lat' dir='ltr'>lneffaliile</span> <span class='ocrx_word' id='word_1_119' title='bbox 552 1560 804 1599; x_wconf 79' lang='lat' dir='ltr'>Sacramentum,</span> <span class='ocrx_word' id='word_1_120' title='bbox 823 1560 906 1607; x_wconf 90' lang='lat' dir='ltr'>quod</span> <span class='ocrx_word' id='word_1_121' title='bbox 922 1560 1077 1596; x_wconf 78' lang='lat' dir='ltr'>Sacerdos</span> 
     </span>
     <span class='ocr_line' id='line_1_29' title="bbox 329 1610 1077 1654; baseline 0.001 -10"><span class='ocrx_word' id='word_1_122' title='bbox 329 1611 358 1644; x_wconf 87' lang='lat' dir='ltr'>in</span> <span class='ocrx_word' id='word_1_123' title='bbox 382 1619 544 1645; x_wconf 84' lang='lat' dir='ltr'>aeternum</span> <span class='ocrx_word' id='word_1_124' title='bbox 568 1610 714 1645; x_wconf 79' lang='lat' dir='ltr'>Christus</span> <span class='ocrx_word' id='word_1_125' title='bbox 739 1611 907 1653; x_wconf 67' lang='lat' dir='ltr'>Dominus,</span> <span class='ocrx_word' id='word_1_126' title='bbox 931 1611 1077 1654; x_wconf 85' lang='lat' dir='ltr'>instante,</span> 
     </span>
     <span class='ocr_line' id='line_1_30' title="bbox 328 1660 1076 1707; baseline 0.001 -14"><span class='ocrx_word' id='word_1_127' title='bbox 328 1673 420 1707; x_wconf 88' lang='lat' dir='ltr'>quam</span> <span class='ocrx_word' id='word_1_128' title='bbox 439 1672 493 1706; x_wconf 90' lang='lat' dir='ltr'>pro</span> <span class='ocrx_word' id='word_1_129' title='bbox 510 1660 728 1706; x_wconf 81' lang='lat' dir='ltr'>peccatoribus</span> <span class='ocrx_word' id='word_1_130' title='bbox 751 1660 856 1693; x_wconf 86' lang='lat' dir='ltr'>subire</span> <span class='ocrx_word' id='word_1_131' title='bbox 875 1660 981 1699; x_wconf 76' lang='lat' dir='ltr'>voluit,</span> <span class='ocrx_word' id='word_1_132' title='bbox 1001 1673 1076 1694; x_wconf 75' lang='lat' dir='ltr'>suae</span> 
     </span>
     <span class='ocr_line' id='line_1_31' title="bbox 329 1709 1076 1756; baseline 0.001 -14"><span class='ocrx_word' id='word_1_133' title='bbox 329 1710 437 1744; x_wconf 88' lang='lat' dir='ltr'>mortis</span> <span class='ocrx_word' id='word_1_134' title='bbox 461 1718 612 1756; x_wconf 70' lang='lat' dir='ltr'>tempore,</span> <span class='ocrx_word' id='word_1_135' title='bbox 628 1709 729 1745; x_wconf 80' lang='lat' dir='ltr'>nobis.</span> <span class='ocrx_word' id='word_1_136' title='bbox 749 1718 781 1743; x_wconf 87' lang='lat' dir='ltr'>nt</span> <span class='ocrx_word' id='word_1_137' title='bbox 797 1709 891 1755; x_wconf 74' lang='lat' dir='ltr'>digne</span> <span class='ocrx_word' id='word_1_138' title='bbox 905 1722 941 1743; x_wconf 83' lang='lat' dir='ltr'>eo</span> <span class='ocrx_word' id='word_1_139' title='bbox 959 1710 1076 1753; x_wconf 37' lang='lat' dir='ltr'>refecto</span> 
     </span>
     <span class='ocr_line' id='line_1_32' title="bbox 328 1759 1078 1805; baseline 0.001 -13"><span class='ocrx_word' id='word_1_140' title='bbox 328 1759 501 1793; x_wconf 84' lang='lat' dir='ltr'>divinitatis</span> <span class='ocrx_word' id='word_1_141' title='bbox 525 1760 622 1805; x_wconf 74' lang='lat' dir='ltr'>ipsius</span> <span class='ocrx_word' id='word_1_142' title='bbox 647 1760 812 1804; x_wconf 66' lang='lat' dir='ltr'>participes</span> <span class='ocrx_word' id='word_1_143' title='bbox 835 1760 946 1797; x_wconf 74' lang='lat' dir='ltr'>simus,</span> <span class='ocrx_word' id='word_1_144' title='bbox 966 1760 995 1793; x_wconf 93' lang='lat' dir='ltr'>in</span> <span class='ocrx_word' id='word_1_145' title='bbox 1017 1772 1078 1794; x_wconf 88' lang='lat' dir='ltr'>me-</span> 
     </span>
     <span class='ocr_line' id='line_1_33' title="bbox 328 1808 1079 1855; baseline 0.001 -13"><span class='ocrx_word' id='word_1_146' title='bbox 328 1809 455 1842; x_wconf 86' lang='lat' dir='ltr'>moriale</span> <span class='ocrx_word' id='word_1_147' title='bbox 480 1809 603 1855; x_wconf 84' lang='lat' dir='ltr'>reliquit</span> <span class='ocrx_word' id='word_1_148' title='bbox 627 1809 754 1852; x_wconf 64' lang='lat' dir='ltr'>gloriosi</span> <span class='ocrx_word' id='word_1_149' title='bbox 778 1808 930 1855; x_wconf 78' lang='lat' dir='ltr'>Corporis</span> <span class='ocrx_word' id='word_1_150' title='bbox 953 1818 981 1843; x_wconf 84' lang='lat' dir='ltr'>et</span> <span class='ocrx_word' id='word_1_151' title='bbox 1001 1810 1079 1844; x_wconf 84' lang='lat' dir='ltr'>San-</span> 
     </span>
     <span class='ocr_line' id='line_1_34' title="bbox 327 1859 1077 1905; baseline 0.003 -14"><span class='ocrx_word' id='word_1_152' title='bbox 327 1859 433 1903; x_wconf 81' lang='lat' dir='ltr'>guinis</span> <span class='ocrx_word' id='word_1_153' title='bbox 456 1860 525 1893; x_wconf 84' lang='lat' dir='ltr'>eius</span> <span class='ocrx_word' id='word_1_154' title='bbox 549 1859 744 1905; x_wconf 76' lang='lat' dir='ltr'>mysterium,</span> <span class='ocrx_word' id='word_1_155' title='bbox 767 1859 944 1905; x_wconf 81' lang='lat' dir='ltr'>praecipuis</span> <span class='ocrx_word' id='word_1_156' title='bbox 967 1872 981 1892; x_wconf 83' lang='lat' dir='ltr'>a</span> <span class='ocrx_word' id='word_1_157' title='bbox 1006 1859 1077 1893; x_wconf 84' lang='lat' dir='ltr'>fide-</span> 
     </span>
     <span class='ocr_line' id='line_1_35' title="bbox 329 1908 1078 1955; baseline 0 -13"><span class='ocrx_word' id='word_1_158' title='bbox 329 1910 402 1942; x_wconf 81' lang='lat' dir='ltr'>lium</span> <span class='ocrx_word' id='word_1_159' title='bbox 416 1908 559 1955; x_wconf 73' lang='lat' dir='ltr'>quolibet</span> <span class='ocrx_word' id='word_1_160' title='bbox 573 1908 779 1942; x_wconf 83' lang='lat' dir='ltr'>attollendum</span> <span class='ocrx_word' id='word_1_161' title='bbox 796 1909 859 1942; x_wconf 81' lang='lat' dir='ltr'>sore</span> <span class='ocrx_word' id='word_1_162' title='bbox 877 1917 1078 1943; x_wconf 78' lang='lat' dir='ltr'>recensentes</span> 
     </span>
     <span class='ocr_line' id='line_1_36' title="bbox 328 1958 1078 1993; baseline 0.001 -3"><span class='ocrx_word' id='word_1_163' title='bbox 328 1958 513 1993; x_wconf 86' lang='lat' dir='ltr'>honoribus.</span> <span class='ocrx_word' id='word_1_164' title='bbox 532 1970 566 1992; x_wconf 85' lang='lat' dir='ltr'>ac</span> <span class='ocrx_word' id='word_1_165' title='bbox 586 1958 796 1991; x_wconf 73' lang='lat' dir='ltr'>devotissimis</span> <span class='ocrx_word' id='word_1_166' title='bbox 820 1958 947 1992; x_wconf 87' lang='lat' dir='ltr'>landum</span> <span class='ocrx_word' id='word_1_167' title='bbox 966 1958 1078 1992; x_wconf 83' lang='lat' dir='ltr'>studiis</span> 
     </span>
     <span class='ocr_line' id='line_1_37' title="bbox 328 2007 1078 2054; baseline -0.001 -12"><span class='ocrx_word' id='word_1_168' title='bbox 328 2007 596 2054; x_wconf 83' lang='lat' dir='ltr'>amplectendum,</span> <span class='ocrx_word' id='word_1_169' title='bbox 616 2008 742 2053; x_wconf 79' lang='lat' dir='ltr'>mystica</span> <span class='ocrx_word' id='word_1_170' title='bbox 763 2008 995 2054; x_wconf 73' lang='lat' dir='ltr'>dispensatione</span> <span class='ocrx_word' id='word_1_171' title='bbox 1016 2008 1078 2041; x_wconf 82' lang='lat' dir='ltr'>tlte-</span> 
     </span>
     <span class='ocr_line' id='line_1_38' title="bbox 328 2056 1078 2103; baseline -0.001 -11"><span class='ocrx_word' id='word_1_172' title='bbox 328 2058 412 2092; x_wconf 82' lang='lat' dir='ltr'>sauri</span> <span class='ocrx_word' id='word_1_173' title='bbox 452 2056 560 2090; x_wconf 80' lang='lat' dir='ltr'>fideles</span> <span class='ocrx_word' id='word_1_174' title='bbox 583 2058 722 2095; x_wconf 80' lang='lat' dir='ltr'>eosdem,</span> <span class='ocrx_word' id='word_1_175' title='bbox 746 2069 809 2103; x_wconf 83' lang='lat' dir='ltr'>quo</span> <span class='ocrx_word' id='word_1_176' title='bbox 831 2066 889 2091; x_wconf 88' lang='lat' dir='ltr'>tam</span> <span class='ocrx_word' id='word_1_177' title='bbox 915 2058 1078 2102; x_wconf 89' lang='lat' dir='ltr'>pretiosis-</span> 
     </span>
     <span class='ocr_line' id='line_1_39' title="bbox 328 2106 1078 2141; baseline -0.003 0"><span class='ocrx_word' id='word_1_178' title='bbox 328 2107 399 2141; x_wconf 88' lang='lat' dir='ltr'>simi</span> <span class='ocrx_word' id='word_1_179' title='bbox 425 2107 618 2141; x_wconf 88' lang='lat' dir='ltr'>venerationi</span> <span class='ocrx_word' id='word_1_180' title='bbox 642 2106 837 2141; x_wconf 80' lang='lat' dir='ltr'>Sacramenti</span> <span class='ocrx_word' id='word_1_181' title='bbox 854 2107 986 2141; x_wconf 75' lang='lat' dir='ltr'>sinceris</span> <span class='ocrx_word' id='word_1_182' title='bbox 1009 2107 1078 2141; x_wconf 79' lang='lat' dir='ltr'>affe-</span> 
     </span>
     <span class='ocr_line' id='line_1_40' title="bbox 329 2156 1080 2202; baseline 0 -12"><span class='ocrx_word' id='word_1_183' title='bbox 329 2156 434 2190; x_wconf 79' lang='lat' dir='ltr'>ctibus</span> <span class='ocrx_word' id='word_1_184' title='bbox 457 2165 485 2189; x_wconf 84' lang='lat' dir='ltr'>et</span> <span class='ocrx_word' id='word_1_185' title='bbox 509 2156 612 2202; x_wconf 70' lang='lat' dir='ltr'>dignis</span> <span class='ocrx_word' id='word_1_186' title='bbox 629 2156 792 2202; x_wconf 84' lang='lat' dir='ltr'>obsequiis</span> <span class='ocrx_word' id='word_1_187' title='bbox 813 2158 965 2190; x_wconf 77' lang='lat' dir='ltr'>ferventer</span> <span class='ocrx_word' id='word_1_188' title='bbox 981 2158 1080 2190; x_wconf 90' lang='lat' dir='ltr'>inten-</span> 
     </span>
     <span class='ocr_line' id='line_1_41' title="bbox 329 2206 1077 2249; baseline -0.003 -9"><span class='ocrx_word' id='word_1_189' title='bbox 329 2206 402 2240; x_wconf 87' lang='lat' dir='ltr'>dant</span> <span class='ocrx_word' id='word_1_190' title='bbox 419 2234 427 2249; x_wconf 65' lang='lat'>,</span> <span class='ocrx_word' id='word_1_191' title='bbox 451 2207 583 2240; x_wconf 83' lang='lat' dir='ltr'>excitare</span> <span class='ocrx_word' id='word_1_192' title='bbox 618 2206 812 2249; x_wconf 69' lang='lat' dir='ltr'>satagimus,</span> <span class='ocrx_word' id='word_1_193' title='bbox 842 2214 872 2239; x_wconf 88' lang='lat' dir='ltr'>ut</span> <span class='ocrx_word' id='word_1_194' title='bbox 898 2206 1077 2240; x_wconf 85' lang='lat' dir='ltr'>liniusmodi</span> 
     </span>
     <span class='ocr_line' id='line_1_42' title="bbox 331 2255 1078 2299; baseline 0.001 -10"><span class='ocrx_word' id='word_1_195' title='bbox 331 2257 360 2289; x_wconf 92' lang='lat' dir='ltr'>in</span> <span class='ocrx_word' id='word_1_196' title='bbox 384 2257 429 2289; x_wconf 87' lang='lat' dir='ltr'>eis</span> <span class='ocrx_word' id='word_1_197' title='bbox 452 2256 586 2290; x_wconf 83' lang='lat' dir='ltr'>fructum</span> <span class='ocrx_word' id='word_1_198' title='bbox 618 2267 703 2289; x_wconf 87' lang='lat' dir='ltr'>mors</span> <span class='ocrx_word' id='word_1_199' title='bbox 728 2255 848 2299; x_wconf 75' lang='lat' dir='ltr'>afferat,</span> <span class='ocrx_word' id='word_1_200' title='bbox 871 2264 900 2289; x_wconf 84' lang='lat' dir='ltr'>et</span> <span class='ocrx_word' id='word_1_201' title='bbox 924 2255 984 2289; x_wconf 87' lang='lat' dir='ltr'>illis</span> <span class='ocrx_word' id='word_1_202' title='bbox 1006 2268 1078 2290; x_wconf 77' lang='lat' dir='ltr'>cae-</span> 
     </span>
     <span class='ocr_line' id='line_1_43' title="bbox 330 2304 1081 2352; baseline 0 -13"><span class='ocrx_word' id='word_1_203' title='bbox 330 2306 396 2340; x_wconf 85' lang='lat' dir='ltr'>lesti</span> <span class='ocrx_word' id='word_1_204' title='bbox 423 2304 538 2351; x_wconf 84' lang='lat' dir='ltr'>pabulo</span> <span class='ocrx_word' id='word_1_205' title='bbox 563 2305 710 2350; x_wconf 73' lang='lat' dir='ltr'>vegetatis</span> <span class='ocrx_word' id='word_1_206' title='bbox 738 2306 836 2352; x_wconf 81' lang='lat' dir='ltr'>ipsius</span> <span class='ocrx_word' id='word_1_207' title='bbox 860 2305 1011 2338; x_wconf 86' lang='lat' dir='ltr'>institutio</span> <span class='ocrx_word' id='word_1_208' title='bbox 1035 2318 1081 2339; x_wconf 86' lang='lat' dir='ltr'>sa-</span> 
     </span>
     <span class='ocr_line' id='line_1_44' title="bbox 330 2354 968 2401; baseline 0 -14"><span class='ocrx_word' id='word_1_209' title='bbox 330 2365 481 2389; x_wconf 76' lang='lat' dir='ltr'>eramentt</span> <span class='ocrx_word' id='word_1_210' title='bbox 506 2355 603 2401; x_wconf 83' lang='lat' dir='ltr'>prosit</span> <span class='ocrx_word' id='word_1_211' title='bbox 629 2354 742 2399; x_wconf 70' lang='lat' dir='ltr'>iugiter</span> <span class='ocrx_word' id='word_1_212' title='bbox 764 2355 801 2389; x_wconf 87' lang='lat' dir='ltr'>ad</span> <span class='ocrx_word' id='word_1_213' title='bbox 825 2354 968 2388; x_wconf 86' lang='lat' dir='ltr'>salutem.</span> 
     </span>
    </p>

    <p class='ocr_par' dir='ltr' id='par_1_15' title="bbox 380 2404 1080 2500">
     <span class='ocr_line' id='line_1_45' title="bbox 380 2404 1080 2449; baseline 0 -11"><span class='ocrx_word' id='word_1_214' title='bbox 380 2405 399 2449; x_wconf 60' lang='grc' dir='ltr'>ξ</span> <span class='ocrx_word' id='word_1_215' title='bbox 423 2407 453 2438; x_wconf 75' lang='lat' dir='ltr'>l.</span> <span class='ocrx_word' id='word_1_216' title='bbox 478 2404 561 2438; x_wconf 86' lang='lat' dir='ltr'>Sane</span> <span class='ocrx_word' id='word_1_217' title='bbox 584 2404 704 2437; x_wconf 88' lang='lat' dir='ltr'>dudum</span> <span class='ocrx_word' id='word_1_218' title='bbox 734 2405 832 2438; x_wconf 72' lang='lat' dir='ltr'>felicis</span> <span class='ocrx_word' id='word_1_219' title='bbox 856 2404 1080 2438; x_wconf 78' lang='lat' dir='ltr'>recordationis</span> 
     </span>
     <span class='ocr_line' id='line_1_46' title="bbox 502 2453 1080 2500; baseline -0.002 -13"><span class='ocrx_word' id='word_1_220' title='bbox 502 2453 584 2500; x_wconf 87' lang='lat' dir='ltr'>Papa</span> <span class='ocrx_word' id='word_1_221' title='bbox 613 2462 754 2500; x_wconf 81' lang='lat' dir='ltr'>quartus,</span> <span class='ocrx_word' id='word_1_222' title='bbox 780 2453 999 2499; x_wconf 75' lang='lat' dir='ltr'>praedecessor</span> <span class='ocrx_word' id='word_1_223' title='bbox 1023 2466 1080 2487; x_wconf 88' lang='lat' dir='ltr'>no—</span> 
     </span>
    </p>
   </div>
   <div class='ocr_carea' id='block_1_15' title="bbox 130 2503 1078 2548">
    <p class='ocr_par' dir='ltr' id='par_1_16' title="bbox 130 2503 1078 2548">
     <span class='ocr_line' id='line_1_47' title="bbox 130 2503 1078 2548; baseline 0.001 -13.013"><span class='ocrx_word' id='word_1_224' title='bbox 130 2517 234 2540; x_wconf 59' lang='lat' dir='ltr'>minum</span> <span class='ocrx_word' id='word_1_225' title='bbox 261 2521 316 2536; x_wconf 76' lang='lat' dir='ltr'>uon·</span> <span class='ocrx_word' id='word_1_226' title='bbox 331 2511 405 2548; x_wconf 80' lang='lat' dir='ltr'>ster,</span> <span class='ocrx_word' id='word_1_227' title='bbox 440 2504 477 2538; x_wconf 83' lang='lat' dir='ltr'>ad</span> <span class='ocrx_word' id='word_1_228' title='bbox 516 2503 707 2537; x_wconf 82' lang='lat' dir='ltr'>orthodoxae</span> <span class='ocrx_word' id='word_1_229' title='bbox 735 2504 1021 2537; x_wconf 69' lang='lat' dir='ltr'>corroborationem</span> <span class='ocrx_word' id='word_1_230' title='bbox 1051 2512 1078 2537; x_wconf 83' lang='lat' dir='ltr'>et</span> 
     </span>
    </p>
   </div>
   <div class='ocr_carea' id='block_1_16' title="bbox 331 2569 1082 2685">
    <p class='ocr_par' dir='ltr' id='par_1_17' title="bbox 331 2569 1082 2685">
     <span class='ocr_line' id='line_1_48' title="bbox 367 2569 1082 2605; baseline 0 -9"><span class='ocrx_word' id='word_1_231' title='bbox 367 2570 405 2604; x_wconf 82' lang='lat' dir='ltr'>(l)</span> <span class='ocrx_word' id='word_1_232' title='bbox 426 2570 462 2596; x_wconf 79' lang='lat' dir='ltr'>Ue</span> <span class='ocrx_word' id='word_1_233' title='bbox 491 2569 655 2595; x_wconf 81' lang='lat' dir='ltr'>institutione</span> <span class='ocrx_word' id='word_1_234' title='bbox 675 2569 753 2596; x_wconf 86' lang='lat' dir='ltr'>huius</span> <span class='ocrx_word' id='word_1_235' title='bbox 779 2569 945 2601; x_wconf 66' lang='lat' dir='ltr'>festivitatis,</span> <span class='ocrx_word' id='word_1_236' title='bbox 971 2570 1082 2605; x_wconf 80' lang='lat' dir='ltr'>eiusque</span> 
     </span>
     <span class='ocr_line' id='line_1_49' title="bbox 332 2610 1081 2644; baseline -0.001 -7"><span class='ocrx_word' id='word_1_237' title='bbox 332 2610 512 2644; x_wconf 62' lang='lat' dir='ltr'>indulgentiis,</span> <span class='ocrx_word' id='word_1_238' title='bbox 524 2610 577 2635; x_wconf 84' lang='lat' dir='ltr'>vid.</span> <span class='ocrx_word' id='word_1_239' title='bbox 589 2611 612 2635; x_wconf 91' lang='lat' dir='ltr'>in</span> <span class='ocrx_word' id='word_1_240' title='bbox 629 2610 736 2637; x_wconf 80' lang='lat' dir='ltr'>Urbano</span> <span class='ocrx_word' id='word_1_241' title='bbox 749 2610 792 2642; x_wconf 74' lang='lat' dir='ltr'>tv,</span> <span class='ocrx_word' id='word_1_242' title='bbox 806 2611 896 2637; x_wconf 83' lang='lat' dir='ltr'>Const.</span> <span class='ocrx_word' id='word_1_243' title='bbox 908 2618 966 2640; x_wconf 72' lang='lat' dir='ltr'>xix,</span> <span class='ocrx_word' id='word_1_244' title='bbox 979 2611 1081 2637; x_wconf 74' lang='lat' dir='ltr'>Trans-</span> 
     </span>
     <span class='ocr_line' id='line_1_50' title="bbox 331 2650 724 2685; baseline -0.003 -7"><span class='ocrx_word' id='word_1_245' title='bbox 331 2655 431 2683; x_wconf 79' lang='lat' dir='ltr'>iturus,</span> <span class='ocrx_word' id='word_1_246' title='bbox 449 2650 501 2678; x_wconf 87' lang='lat' dir='ltr'>vol.</span> <span class='ocrx_word' id='word_1_247' title='bbox 520 2658 559 2683; x_wconf 86' lang='lat' dir='ltr'>tu,</span> <span class='ocrx_word' id='word_1_248' title='bbox 581 2659 639 2685; x_wconf 34' lang='lat' dir='ltr'>pagi</span> <span class='ocrx_word' id='word_1_249' title='bbox 661 2651 724 2678; x_wconf 81' lang='lat'><strong>705.</strong></span> 
     </span>
    </p>
   </div>
   <div class='ocr_carea' id='block_1_17' title="bbox 1747 248 1809 281">
    <p class='ocr_par' dir='ltr' id='par_1_18' title="bbox 1747 248 1809 281">
     <span class='ocr_line' id='line_1_51' title="bbox 1747 248 1809 281; baseline 0.032 -2"><span class='ocrx_word' id='word_1_250' title='bbox 1747 248 1809 281; x_wconf 74' lang='lat'>751</span> 
     </span>
    </p>
   </div>
   <div class='ocr_carea' id='block_1_18' title="bbox 1118 311 1870 2685">
    <p class='ocr_par' dir='ltr' id='par_1_19' title="bbox 1118 311 1867 1482">
     <span class='ocr_line' id='line_1_52' title="bbox 1119 311 1864 357; baseline 0.003 -13"><span class='ocrx_word' id='word_1_251' title='bbox 1119 311 1338 345; x_wconf 80' lang='lat' dir='ltr'>exaltationem</span> <span class='ocrx_word' id='word_1_252' title='bbox 1361 312 1443 352; x_wconf 81' lang='lat' dir='ltr'>lidei,</span> <span class='ocrx_word' id='word_1_253' title='bbox 1466 312 1561 357; x_wconf 81' lang='lat' dir='ltr'>digne</span> <span class='ocrx_word' id='word_1_254' title='bbox 1584 324 1619 346; x_wconf 81' lang='lat' dir='ltr'>ac</span> <span class='ocrx_word' id='word_1_255' title='bbox 1642 312 1864 347; x_wconf 76' lang='lat' dir='ltr'>rationabilite·</span> 
     </span>
     <span class='ocr_line' id='line_1_53' title="bbox 1119 361 1863 408; baseline 0.004 -15"><span class='ocrx_word' id='word_1_256' title='bbox 1119 369 1259 394; x_wconf 78' lang='lat' dir='ltr'>statuens</span> <span class='ocrx_word' id='word_1_257' title='bbox 1288 369 1319 393; x_wconf 90' lang='lat' dir='ltr'>ut</span> <span class='ocrx_word' id='word_1_258' title='bbox 1342 361 1380 394; x_wconf 85' lang='lat' dir='ltr'>de</span> <span class='ocrx_word' id='word_1_259' title='bbox 1404 371 1487 395; x_wconf 89' lang='lat' dir='ltr'>tanto</span> <span class='ocrx_word' id='word_1_260' title='bbox 1503 362 1718 400; x_wconf 65' lang='lat' dir='ltr'>sacramento</span> <span class='ocrx_word' id='word_1_261' title='bbox 1744 370 1863 408; x_wconf 75' lang='lat' dir='ltr'>praetet</span> 
     </span>
     <span class='ocr_line' id='line_1_54' title="bbox 1121 410 1863 455; baseline 0 -12"><span class='ocrx_word' id='word_1_262' title='bbox 1121 410 1215 449; x_wconf 73' lang='lat' dir='ltr'>illam,</span> <span class='ocrx_word' id='word_1_263' title='bbox 1231 422 1311 455; x_wconf 73' lang='lat' dir='ltr'>«pino</span> <span class='ocrx_word' id='word_1_264' title='bbox 1327 411 1434 444; x_wconf 86' lang='lat' dir='ltr'>dietim</span> <span class='ocrx_word' id='word_1_265' title='bbox 1460 412 1489 444; x_wconf 91' lang='lat' dir='ltr'>in</span> <span class='ocrx_word' id='word_1_266' title='bbox 1515 410 1654 445; x_wconf 77' lang='lat' dir='ltr'>Ecclesia</span> <span class='ocrx_word' id='word_1_267' title='bbox 1678 410 1721 450; x_wconf 80' lang='lat' dir='ltr'>fit,</span> <span class='ocrx_word' id='word_1_268' title='bbox 1743 423 1863 445; x_wconf 76' lang='lat' dir='ltr'>annun-</span> 
     </span>
     <span class='ocr_line' id='line_1_55' title="bbox 1120 460 1864 506; baseline 0.004 -14"><span class='ocrx_word' id='word_1_269' title='bbox 1120 460 1172 492; x_wconf 88' lang='lat' dir='ltr'>tim</span> <span class='ocrx_word' id='word_1_270' title='bbox 1198 460 1345 494; x_wconf 83' lang='lat' dir='ltr'>memoria</span> <span class='ocrx_word' id='word_1_271' title='bbox 1374 460 1543 494; x_wconf 83' lang='lat' dir='ltr'>solemnior</span> <span class='ocrx_word' id='word_1_272' title='bbox 1566 469 1594 495; x_wconf 79' lang='lat' dir='ltr'>et</span> <span class='ocrx_word' id='word_1_273' title='bbox 1618 460 1782 506; x_wconf 72' lang='lat' dir='ltr'>specialior</span> <span class='ocrx_word' id='word_1_274' title='bbox 1809 461 1864 495; x_wconf 89' lang='lat' dir='ltr'>ba—</span> 
     </span>
     <span class='ocr_line' id='line_1_56' title="bbox 1120 507 1864 547; baseline 0.003 -5"><span class='ocrx_word' id='word_1_275' title='bbox 1120 507 1256 547; x_wconf 79' lang='lat' dir='ltr'>beretur,</span> <span class='ocrx_word' id='word_1_276' title='bbox 1280 518 1307 542; x_wconf 82' lang='lat' dir='ltr'>et</span> <span class='ocrx_word' id='word_1_277' title='bbox 1330 509 1367 542; x_wconf 80' lang='lat' dir='ltr'>ad</span> <span class='ocrx_word' id='word_1_278' title='bbox 1395 509 1618 544; x_wconf 77' lang='lat' dir='ltr'>celebrandum</span> <span class='ocrx_word' id='word_1_279' title='bbox 1643 510 1711 544; x_wconf 90' lang='lat' dir='ltr'>eius</span> <span class='ocrx_word' id='word_1_280' title='bbox 1734 518 1794 544; x_wconf 86' lang='lat' dir='ltr'>tam</span> <span class='ocrx_word' id='word_1_281' title='bbox 1810 522 1864 544; x_wconf 82' lang='lat' dir='ltr'>ex-</span> 
     </span>
     <span class='ocr_line' id='line_1_57' title="bbox 1119 558 1866 605; baseline 0.001 -14"><span class='ocrx_word' id='word_1_282' title='bbox 1119 558 1237 592; x_wconf 78' lang='lat' dir='ltr'>celsum</span> <span class='ocrx_word' id='word_1_283' title='bbox 1277 566 1401 604; x_wconf 75' lang='lat' dir='ltr'>lantque</span> <span class='ocrx_word' id='word_1_284' title='bbox 1428 559 1600 603; x_wconf 68' lang='lat' dir='ltr'>gloriosum</span> <span class='ocrx_word' id='word_1_285' title='bbox 1630 558 1744 593; x_wconf 81' lang='lat' dir='ltr'>festum</span> <span class='ocrx_word' id='word_1_286' title='bbox 1772 560 1866 605; x_wconf 81' lang='lat' dir='ltr'>quin-</span> 
     </span>
     <span class='ocr_line' id='line_1_58' title="bbox 1120 607 1865 653; baseline -0.001 -11"><span class='ocrx_word' id='word_1_287' title='bbox 1120 617 1181 642; x_wconf 79' lang='lat' dir='ltr'>tam</span> <span class='ocrx_word' id='word_1_288' title='bbox 1207 616 1276 653; x_wconf 85' lang='lat' dir='ltr'>post</span> <span class='ocrx_word' id='word_1_289' title='bbox 1298 617 1422 642; x_wconf 75' lang='lat' dir='ltr'>octavas</span> <span class='ocrx_word' id='word_1_290' title='bbox 1437 607 1640 642; x_wconf 78' lang='lat' dir='ltr'>Pentecostes</span> <span class='ocrx_word' id='word_1_291' title='bbox 1663 608 1769 642; x_wconf 86' lang='lat' dir='ltr'>feriam</span> <span class='ocrx_word' id='word_1_292' title='bbox 1786 608 1865 643; x_wconf 86' lang='lat' dir='ltr'>desi-</span> 
     </span>
     <span class='ocr_line' id='line_1_59' title="bbox 1119 657 1863 703; baseline 0.001 -14"><span class='ocrx_word' id='word_1_293' title='bbox 1119 669 1229 702; x_wconf 76' lang='lat' dir='ltr'>gnans,</span> <span class='ocrx_word' id='word_1_294' title='bbox 1255 657 1401 703; x_wconf 80' lang='lat' dir='ltr'>ipsosque</span> <span class='ocrx_word' id='word_1_295' title='bbox 1425 657 1530 691; x_wconf 71' lang='lat' dir='ltr'>fideles</span> <span class='ocrx_word' id='word_1_296' title='bbox 1548 658 1584 691; x_wconf 89' lang='lat' dir='ltr'>ad</span> <span class='ocrx_word' id='word_1_297' title='bbox 1601 658 1768 691; x_wconf 85' lang='lat' dir='ltr'>colendum</span> <span class='ocrx_word' id='word_1_298' title='bbox 1790 658 1863 692; x_wconf 83' lang='lat' dir='ltr'>illud</span> 
     </span>
     <span class='ocr_line' id='line_1_60' title="bbox 1119 706 1865 752; baseline 0.001 -11"><span class='ocrx_word' id='word_1_299' title='bbox 1119 706 1212 741; x_wconf 85' lang='lat' dir='ltr'>donis</span> <span class='ocrx_word' id='word_1_300' title='bbox 1234 707 1451 752; x_wconf 81' lang='lat' dir='ltr'>spiritualibus</span> <span class='ocrx_word' id='word_1_301' title='bbox 1464 707 1636 740; x_wconf 86' lang='lat' dir='ltr'>animarum</span> <span class='ocrx_word' id='word_1_302' title='bbox 1664 708 1781 751; x_wconf 70' lang='lat' dir='ltr'>rolens,</span> <span class='ocrx_word' id='word_1_303' title='bbox 1796 719 1865 742; x_wconf 83' lang='lat' dir='ltr'>ont-</span> 
     </span>
     <span class='ocr_line' id='line_1_61' title="bbox 1120 755 1863 803; baseline -0.003 -13"><span class='ocrx_word' id='word_1_304' title='bbox 1120 756 1212 790; x_wconf 83' lang='lat' dir='ltr'>nibus</span> <span class='ocrx_word' id='word_1_305' title='bbox 1236 768 1305 790; x_wconf 83' lang='lat' dir='ltr'>vere</span> <span class='ocrx_word' id='word_1_306' title='bbox 1330 756 1566 800; x_wconf 56' lang='lat' dir='ltr'>poenitenbbus</span> <span class='ocrx_word' id='word_1_307' title='bbox 1590 765 1618 790; x_wconf 87' lang='lat' dir='ltr'>et</span> <span class='ocrx_word' id='word_1_308' title='bbox 1633 755 1796 795; x_wconf 81' lang='lat' dir='ltr'>confessis,</span> <span class='ocrx_word' id='word_1_309' title='bbox 1811 758 1863 803; x_wconf 89' lang='lat' dir='ltr'>qui</span> 
     </span>
     <span class='ocr_line' id='line_1_62' title="bbox 1120 805 1865 845; baseline 0.001 -6"><span class='ocrx_word' id='word_1_310' title='bbox 1120 807 1149 839; x_wconf 94' lang='lat' dir='ltr'>in</span> <span class='ocrx_word' id='word_1_311' title='bbox 1175 806 1346 840; x_wconf 76' lang='lat' dir='ltr'>matutinali</span> <span class='ocrx_word' id='word_1_312' title='bbox 1371 805 1471 840; x_wconf 83' lang='lat' dir='ltr'>officio</span> <span class='ocrx_word' id='word_1_313' title='bbox 1495 806 1561 839; x_wconf 84' lang='lat' dir='ltr'>festi</span> <span class='ocrx_word' id='word_1_314' title='bbox 1586 806 1743 845; x_wconf 82' lang='lat' dir='ltr'>eiusdem,</span> <span class='ocrx_word' id='word_1_315' title='bbox 1764 806 1793 839; x_wconf 90' lang='lat' dir='ltr'>in</span> <span class='ocrx_word' id='word_1_316' title='bbox 1814 818 1865 840; x_wconf 86' lang='lat' dir='ltr'>ee-</span> 
     </span>
     <span class='ocr_line' id='line_1_63' title="bbox 1119 855 1864 901; baseline -0.001 -12"><span class='ocrx_word' id='word_1_317' title='bbox 1119 855 1224 897; x_wconf 67' lang='lat' dir='ltr'>clesia,</span> <span class='ocrx_word' id='word_1_318' title='bbox 1254 856 1365 901; x_wconf 84' lang='lat' dir='ltr'>inqua</span> <span class='ocrx_word' id='word_1_319' title='bbox 1397 855 1471 889; x_wconf 87' lang='lat' dir='ltr'>illud</span> <span class='ocrx_word' id='word_1_320' title='bbox 1508 855 1733 893; x_wconf 77' lang='lat' dir='ltr'>celebraretur,</span> <span class='ocrx_word' id='word_1_321' title='bbox 1767 856 1864 889; x_wconf 83' lang='lat' dir='ltr'>inter-</span> 
     </span>
     <span class='ocr_line' id='line_1_64' title="bbox 1118 905 1865 951; baseline -0.003 -12"><span class='ocrx_word' id='word_1_322' title='bbox 1118 914 1235 944; x_wconf 81' lang='lat' dir='ltr'>essent</span> <span class='ocrx_word' id='word_1_323' title='bbox 1259 915 1401 945; x_wconf 69' lang='grc' dir='ltr'>ειιιιιιιιι;</span> <span class='ocrx_word' id='word_1_324' title='bbox 1424 906 1477 951; x_wconf 84' lang='lat' dir='ltr'>qni</span> <span class='ocrx_word' id='word_1_325' title='bbox 1498 906 1709 947; x_wconf 81' lang='lat' dir='ltr'>veiomissae,</span> <span class='ocrx_word' id='word_1_326' title='bbox 1724 905 1865 941; x_wconf 83' lang='lat' dir='ltr'>totidem</span> 
     </span>
     <span class='ocr_line' id='line_1_65' title="bbox 1118 955 1867 1009; baseline -0.001 -21"><span class='ocrx_word' id='word_1_327' title='bbox 1118 963 1148 988; x_wconf 86' lang='lat' dir='ltr'>et</span> <span class='ocrx_word' id='word_1_328' title='bbox 1175 955 1227 1001; x_wconf 91' lang='lat' dir='ltr'>qui</span> <span class='ocrx_word' id='word_1_329' title='bbox 1253 955 1281 987; x_wconf 91' lang='lat' dir='ltr'>in</span> <span class='ocrx_word' id='word_1_330' title='bbox 1307 955 1418 1001; x_wconf 82' lang='lat' dir='ltr'>primis</span> <span class='ocrx_word' id='word_1_331' title='bbox 1442 956 1540 1009; x_wconf 79' lang='lat' dir='ltr'>ipsius</span> <span class='ocrx_word' id='word_1_332' title='bbox 1562 955 1629 989; x_wconf 77' lang='lat' dir='ltr'>sesti</span> <span class='ocrx_word' id='word_1_333' title='bbox 1655 955 1802 1000; x_wconf 70' lang='grc' dir='ltr'>ιε5ρθιί5</span> <span class='ocrx_word' id='word_1_334' title='bbox 1829 955 1867 988; x_wconf 88' lang='lat' dir='ltr'>si-</span> 
     </span>
     <span class='ocr_line' id='line_1_66' title="bbox 1120 1004 1865 1050; baseline 0 -12"><span class='ocrx_word' id='word_1_335' title='bbox 1120 1004 1234 1038; x_wconf 90' lang='lat' dir='ltr'>militer</span> <span class='ocrx_word' id='word_1_336' title='bbox 1255 1012 1404 1044; x_wconf 82' lang='lat' dir='ltr'>eentum;</span> <span class='ocrx_word' id='word_1_337' title='bbox 1437 1017 1490 1050; x_wconf 83' lang='lat' dir='ltr'>qni</span> <span class='ocrx_word' id='word_1_338' title='bbox 1519 1013 1623 1038; x_wconf 88' lang='lat' dir='ltr'>autem</span> <span class='ocrx_word' id='word_1_339' title='bbox 1653 1005 1682 1038; x_wconf 91' lang='lat' dir='ltr'>in</span> <span class='ocrx_word' id='word_1_340' title='bbox 1706 1004 1865 1043; x_wconf 64' lang='lat' dir='ltr'>secundis,</span> 
     </span>
     <span class='ocr_line' id='line_1_67' title="bbox 1121 1053 1864 1100; baseline -0.001 -13"><span class='ocrx_word' id='word_1_341' title='bbox 1121 1055 1259 1087; x_wconf 86' lang='lat' dir='ltr'>totidem.</span> <span class='ocrx_word' id='word_1_342' title='bbox 1292 1053 1355 1087; x_wconf 88' lang='lat' dir='ltr'>lllis</span> <span class='ocrx_word' id='word_1_343' title='bbox 1385 1066 1477 1092; x_wconf 73' lang='lat' dir='ltr'>tero,</span> <span class='ocrx_word' id='word_1_344' title='bbox 1500 1054 1552 1100; x_wconf 86' lang='lat' dir='ltr'>qui</span> <span class='ocrx_word' id='word_1_345' title='bbox 1583 1055 1720 1099; x_wconf 80' lang='lat' dir='ltr'>pr,imae</span> <span class='ocrx_word' id='word_1_346' title='bbox 1744 1053 1864 1088; x_wconf 80' lang='lat' dir='ltr'>tertiae</span> 
     </span>
     <span class='ocr_line' id='line_1_68' title="bbox 1119 1102 1864 1148; baseline -0.003 -11"><span class='ocrx_word' id='word_1_347' title='bbox 1119 1111 1225 1137; x_wconf 78' lang='lat' dir='ltr'>sextae</span> <span class='ocrx_word' id='word_1_348' title='bbox 1247 1111 1276 1137; x_wconf 86' lang='lat' dir='ltr'>et</span> <span class='ocrx_word' id='word_1_349' title='bbox 1300 1115 1399 1136; x_wconf 89' lang='lat' dir='ltr'>nonae</span> <span class='ocrx_word' id='word_1_350' title='bbox 1430 1116 1465 1137; x_wconf 81' lang='lat' dir='ltr'>ac</span> <span class='ocrx_word' id='word_1_351' title='bbox 1493 1103 1688 1148; x_wconf 81' lang='lat' dir='ltr'>completorii</span> <span class='ocrx_word' id='word_1_352' title='bbox 1718 1102 1864 1137; x_wconf 85' lang='lat' dir='ltr'>horarum</span> 
     </span>
     <span class='ocr_line' id='line_1_69' title="bbox 1119 1152 1864 1199; baseline -0.001 -14"><span class='ocrx_word' id='word_1_353' title='bbox 1119 1152 1240 1193; x_wconf 44' lang='lat' dir='ltr'>officiis5</span> <span class='ocrx_word' id='word_1_354' title='bbox 1258 1164 1312 1198; x_wconf 84' lang='lat' dir='ltr'>pro</span> <span class='ocrx_word' id='word_1_355' title='bbox 1327 1152 1465 1198; x_wconf 80' lang='lat' dir='ltr'>qnalibet</span> <span class='ocrx_word' id='word_1_356' title='bbox 1483 1153 1634 1199; x_wconf 78' lang='lat' dir='ltr'>ipsarum,</span> <span class='ocrx_word' id='word_1_357' title='bbox 1651 1152 1864 1198; x_wconf 80' lang='lat' dir='ltr'>quadraginta.</span> 
     </span>
     <span class='ocr_line' id='line_1_70' title="bbox 1120 1201 1865 1248; baseline 0 -13"><span class='ocrx_word' id='word_1_358' title='bbox 1120 1201 1160 1235; x_wconf 84' lang='lat' dir='ltr'>lis</span> <span class='ocrx_word' id='word_1_359' title='bbox 1182 1210 1284 1235; x_wconf 87' lang='lat' dir='ltr'>autem</span> <span class='ocrx_word' id='word_1_360' title='bbox 1310 1203 1361 1247; x_wconf 84' lang='lat' dir='ltr'>qni</span> <span class='ocrx_word' id='word_1_361' title='bbox 1378 1229 1386 1244; x_wconf 79' lang='grc'><em>,</em></span> <span class='ocrx_word' id='word_1_362' title='bbox 1418 1214 1472 1247; x_wconf 89' lang='lat' dir='ltr'>per</span> <span class='ocrx_word' id='word_1_363' title='bbox 1501 1210 1625 1235; x_wconf 71' lang='lat' dir='ltr'>oetavas</span> <span class='ocrx_word' id='word_1_364' title='bbox 1652 1202 1751 1248; x_wconf 89' lang='lat' dir='ltr'>ipsius</span> <span class='ocrx_word' id='word_1_365' title='bbox 1785 1201 1865 1238; x_wconf 76' lang='lat' dir='ltr'>festi.</span> 
     </span>
     <span class='ocr_line' id='line_1_71' title="bbox 1120 1251 1867 1296; baseline 0 -12"><span class='ocrx_word' id='word_1_366' title='bbox 1120 1252 1368 1292; x_wconf 69' lang='lat' dir='ltr'>matutinalibus,</span> <span class='ocrx_word' id='word_1_367' title='bbox 1389 1251 1584 1296; x_wconf 58' lang='lat' dir='ltr'>vespertinis„</span> <span class='ocrx_word' id='word_1_368' title='bbox 1601 1251 1714 1285; x_wconf 86' lang='lat' dir='ltr'>missae</span> <span class='ocrx_word' id='word_1_369' title='bbox 1732 1262 1768 1285; x_wconf 85' lang='lat' dir='ltr'>ac</span> <span class='ocrx_word' id='word_1_370' title='bbox 1783 1263 1867 1295; x_wconf 87' lang='lat' dir='ltr'>prae-</span> 
     </span>
     <span class='ocr_line' id='line_1_72' title="bbox 1119 1299 1865 1335; baseline 0 -2"><span class='ocrx_word' id='word_1_371' title='bbox 1119 1300 1271 1333; x_wconf 83' lang='lat' dir='ltr'>dictarum</span> <span class='ocrx_word' id='word_1_372' title='bbox 1297 1300 1443 1335; x_wconf 85' lang='lat' dir='ltr'>horarum</span> <span class='ocrx_word' id='word_1_373' title='bbox 1467 1299 1576 1334; x_wconf 83' lang='lat' dir='ltr'>officiis</span> <span class='ocrx_word' id='word_1_374' title='bbox 1599 1302 1785 1333; x_wconf 84' lang='lat' dir='ltr'>interessent</span> <span class='ocrx_word' id='word_1_375' title='bbox 1801 1300 1865 1334; x_wconf 86' lang='lat' dir='ltr'>sin-</span> 
     </span>
     <span class='ocr_line' id='line_1_73' title="bbox 1118 1349 1864 1394; baseline -0.001 -12"><span class='ocrx_word' id='word_1_376' title='bbox 1118 1349 1200 1394; x_wconf 78' lang='lat' dir='ltr'>gulis</span> <span class='ocrx_word' id='word_1_377' title='bbox 1230 1358 1407 1384; x_wconf 83' lang='lat' dir='ltr'>octavarum</span> <span class='ocrx_word' id='word_1_378' title='bbox 1444 1349 1581 1394; x_wconf 88' lang='lat' dir='ltr'>ipsarum</span> <span class='ocrx_word' id='word_1_379' title='bbox 1619 1349 1743 1391; x_wconf 66' lang='lat' dir='ltr'>diebus,</span> <span class='ocrx_word' id='word_1_380' title='bbox 1772 1350 1864 1384; x_wconf 84' lang='lat' dir='ltr'>etiam</span> 
     </span>
     <span class='ocr_line' id='line_1_74' title="bbox 1119 1398 1867 1444; baseline 0 -12"><span class='ocrx_word' id='word_1_381' title='bbox 1119 1408 1247 1432; x_wconf 85' lang='lat' dir='ltr'>eentum</span> <span class='ocrx_word' id='word_1_382' title='bbox 1271 1398 1337 1431; x_wconf 83' lang='lat' dir='ltr'>dies</span> <span class='ocrx_word' id='word_1_383' title='bbox 1360 1398 1398 1433; x_wconf 84' lang='lat' dir='ltr'>de</span> <span class='ocrx_word' id='word_1_384' title='bbox 1417 1399 1567 1432; x_wconf 85' lang='lat' dir='ltr'>iniunctis</span> <span class='ocrx_word' id='word_1_385' title='bbox 1589 1398 1647 1431; x_wconf 85' lang='lat' dir='ltr'>sibi</span> <span class='ocrx_word' id='word_1_386' title='bbox 1667 1399 1867 1444; x_wconf 83' lang='lat' dir='ltr'>poenitentiis</span> 
     </span>
     <span class='ocr_line' id='line_1_75' title="bbox 1120 1448 1546 1482; baseline 0 -1"><span class='ocrx_word' id='word_1_387' title='bbox 1120 1448 1366 1481; x_wconf 81' lang='lat' dir='ltr'>misericorditer</span> <span class='ocrx_word' id='word_1_388' title='bbox 1389 1448 1546 1482; x_wconf 83' lang='lat' dir='ltr'>relaxavit.</span> 
     </span>
    </p>

    <p class='ocr_par' dir='ltr' id='par_1_20' title="bbox 1119 1496 1869 2685">
     <span class='ocr_line' id='line_1_76' title="bbox 1167 1496 1865 1544; baseline 0.001 -14"><span class='ocrx_word' id='word_1_389' title='bbox 1167 1497 1187 1544; x_wconf 67' lang='lat' dir='ltr'>g</span> <span class='ocrx_word' id='word_1_390' title='bbox 1218 1499 1250 1530; x_wconf 77' lang='lat'>2.</span> <span class='ocrx_word' id='word_1_391' title='bbox 1283 1497 1347 1531; x_wconf 90' lang='lat' dir='ltr'>Nos</span> <span class='ocrx_word' id='word_1_392' title='bbox 1383 1510 1454 1531; x_wconf 82' lang='lat' dir='ltr'>vero</span> <span class='ocrx_word' id='word_1_393' title='bbox 1482 1498 1554 1543; x_wconf 71' lang='lat' dir='ltr'>qui,</span> <span class='ocrx_word' id='word_1_394' title='bbox 1591 1497 1683 1531; x_wconf 85' lang='lat' dir='ltr'>liuius</span> <span class='ocrx_word' id='word_1_395' title='bbox 1716 1496 1865 1532; x_wconf 72' lang='lat' dir='ltr'>verriculo</span> 
     </span>
     <span class='ocr_line' id='line_1_77' title="bbox 1121 1547 1866 1593; baseline 0 -13"><span class='ocrx_word' id='word_1_396' title='bbox 1121 1547 1241 1585; x_wconf 77' lang='lat' dir='ltr'>mundi,</span> <span class='ocrx_word' id='word_1_397' title='bbox 1267 1547 1494 1593; x_wconf 81' lang='lat' dir='ltr'>superstitiosis</span> <span class='ocrx_word' id='word_1_398' title='bbox 1517 1547 1680 1583; x_wconf 78' lang='lat' dir='ltr'>haeresum</span> <span class='ocrx_word' id='word_1_399' title='bbox 1709 1547 1866 1586; x_wconf 74' lang='lat' dir='ltr'>fomentis,</span> 
     </span>
     <span class='ocr_line' id='line_1_78' title="bbox 1119 1596 1864 1642; baseline 0 -12"><span class='ocrx_word' id='word_1_400' title='bbox 1119 1609 1306 1642; x_wconf 81' lang='lat' dir='ltr'>guerrarum</span> <span class='ocrx_word' id='word_1_401' title='bbox 1344 1596 1544 1639; x_wconf 66' lang='lat' dir='ltr'>turbinibus⁷</span> <span class='ocrx_word' id='word_1_402' title='bbox 1568 1609 1689 1630; x_wconf 79' lang='lat' dir='ltr'>necnon</span> <span class='ocrx_word' id='word_1_403' title='bbox 1715 1597 1810 1642; x_wconf 87' lang='lat' dir='ltr'>pestis</span> <span class='ocrx_word' id='word_1_404' title='bbox 1838 1606 1864 1630; x_wconf 69' lang='lat' dir='ltr'>et</span> 
     </span>
     <span class='ocr_line' id='line_1_79' title="bbox 1120 1646 1868 1692; baseline 0.001 -13"><span class='ocrx_word' id='word_1_405' title='bbox 1120 1647 1247 1680; x_wconf 82' lang='lat' dir='ltr'>aliarum</span> <span class='ocrx_word' id='word_1_406' title='bbox 1264 1674 1271 1682; x_wconf 84' lang='lat'>.</span> <span class='ocrx_word' id='word_1_407' title='bbox 1301 1659 1379 1692; x_wconf 82' lang='lat' dir='ltr'>quae</span> <span class='ocrx_word' id='word_1_408' title='bbox 1409 1646 1531 1686; x_wconf 72' lang='lat' dir='ltr'>dietim,</span> <span class='ocrx_word' id='word_1_409' title='bbox 1555 1659 1591 1680; x_wconf 80' lang='lat' dir='ltr'>ex</span> <span class='ocrx_word' id='word_1_410' title='bbox 1615 1646 1747 1680; x_wconf 83' lang='lat' dir='ltr'>Divinae</span> <span class='ocrx_word' id='word_1_411' title='bbox 1768 1646 1868 1681; x_wconf 86' lang='lat' dir='ltr'>Maie-</span> 
     </span>
     <span class='ocr_line' id='line_1_80' title="bbox 1120 1695 1867 1735; baseline 0.003 -7"><span class='ocrx_word' id='word_1_412' title='bbox 1120 1696 1229 1735; x_wconf 78' lang='lat' dir='ltr'>statis.</span> <span class='ocrx_word' id='word_1_413' title='bbox 1259 1704 1289 1729; x_wconf 90' lang='lat' dir='ltr'>ut</span> <span class='ocrx_word' id='word_1_414' title='bbox 1325 1695 1546 1735; x_wconf 76' lang='lat' dir='ltr'>formidamus,</span> <span class='ocrx_word' id='word_1_415' title='bbox 1574 1696 1702 1735; x_wconf 81' lang='lat' dir='ltr'>offensa,</span> <span class='ocrx_word' id='word_1_416' title='bbox 1730 1696 1867 1730; x_wconf 85' lang='lat' dir='ltr'>circum-</span> 
     </span>
     <span class='ocr_line' id='line_1_81' title="bbox 1120 1745 1866 1792; baseline 0 -14"><span class='ocrx_word' id='word_1_417' title='bbox 1120 1753 1263 1791; x_wconf 87' lang='lat' dir='ltr'>strepunt</span> <span class='ocrx_word' id='word_1_418' title='bbox 1274 1745 1484 1779; x_wconf 86' lang='lat' dir='ltr'>calamitatum</span> <span class='ocrx_word' id='word_1_419' title='bbox 1499 1745 1675 1792; x_wconf 81' lang='lat' dir='ltr'>dispendiis</span> <span class='ocrx_word' id='word_1_420' title='bbox 1691 1745 1866 1792; x_wconf 86' lang='lat' dir='ltr'>fines(prob</span> 
     </span>
     <span class='ocr_line' id='line_1_82' title="bbox 1120 1794 1869 1842; baseline 0.001 -15"><span class='ocrx_word' id='word_1_421' title='bbox 1120 1794 1243 1837; x_wconf 69' lang='lat' dir='ltr'>dolori)</span> <span class='ocrx_word' id='word_1_422' title='bbox 1278 1794 1433 1829; x_wconf 84' lang='lat' dir='ltr'>adducere</span> <span class='ocrx_word' id='word_1_423' title='bbox 1461 1795 1620 1829; x_wconf 84' lang='lat' dir='ltr'>cernimus</span> <span class='ocrx_word' id='word_1_424' title='bbox 1648 1796 1762 1842; x_wconf 84' lang='lat' dir='ltr'>passim</span> <span class='ocrx_word' id='word_1_425' title='bbox 1786 1796 1869 1830; x_wconf 74' lang='lat' dir='ltr'>dete-</span> 
     </span>
     <span class='ocr_line' id='line_1_83' title="bbox 1121 1844 1869 1891; baseline 0 -13"><span class='ocrx_word' id='word_1_426' title='bbox 1121 1844 1231 1885; x_wconf 72' lang='lat' dir='ltr'>riores,</span> <span class='ocrx_word' id='word_1_427' title='bbox 1253 1845 1460 1891; x_wconf 86' lang='lat' dir='ltr'>amplioribus</span> <span class='ocrx_word' id='word_1_428' title='bbox 1486 1844 1659 1890; x_wconf 87' lang='lat' dir='ltr'>spiritualis</span> <span class='ocrx_word' id='word_1_429' title='bbox 1683 1858 1869 1891; x_wconf 81' lang='lat' dir='ltr'>recompen-</span> 
     </span>
     <span class='ocr_line' id='line_1_84' title="bbox 1120 1893 1869 1940; baseline 0 -13"><span class='ocrx_word' id='word_1_430' title='bbox 1120 1894 1250 1927; x_wconf 81' lang='lat' dir='ltr'>sationis</span> <span class='ocrx_word' id='word_1_431' title='bbox 1274 1894 1443 1940; x_wconf 87' lang='lat' dir='ltr'>impendiis</span> <span class='ocrx_word' id='word_1_432' title='bbox 1464 1893 1573 1929; x_wconf 79' lang='lat' dir='ltr'>fideles</span> <span class='ocrx_word' id='word_1_433' title='bbox 1600 1894 1728 1929; x_wconf 87' lang='lat' dir='ltr'>eosdem</span> <span class='ocrx_word' id='word_1_434' title='bbox 1752 1895 1789 1929; x_wconf 91' lang='lat' dir='ltr'>ad</span> <span class='ocrx_word' id='word_1_435' title='bbox 1807 1896 1869 1928; x_wconf 73' lang='lat' dir='ltr'>ini-</span> 
     </span>
     <span class='ocr_line' id='line_1_85' title="bbox 1122 1942 1869 1989; baseline 0.004 -13"><span class='ocrx_word' id='word_1_436' title='bbox 1122 1942 1280 1988; x_wconf 87' lang='lat' dir='ltr'>pertienda</span> <span class='ocrx_word' id='word_1_437' title='bbox 1306 1956 1361 1989; x_wconf 86' lang='lat' dir='ltr'>pro</span> <span class='ocrx_word' id='word_1_438' title='bbox 1385 1944 1582 1978; x_wconf 76' lang='lat' dir='ltr'>veneratione</span> <span class='ocrx_word' id='word_1_439' title='bbox 1595 1944 1791 1979; x_wconf 85' lang='lat' dir='ltr'>Sacramenti</span> <span class='ocrx_word' id='word_1_440' title='bbox 1809 1944 1869 1979; x_wconf 85' lang='lat' dir='ltr'>hu-</span> 
     </span>
     <span class='ocr_line' id='line_1_86' title="bbox 1122 1993 1869 2040; baseline 0.001 -14"><span class='ocrx_word' id='word_1_441' title='bbox 1122 1993 1280 2031; x_wconf 78' lang='lat' dir='ltr'>iusmodi,</span> <span class='ocrx_word' id='word_1_442' title='bbox 1309 2002 1337 2027; x_wconf 85' lang='lat' dir='ltr'>et</span> <span class='ocrx_word' id='word_1_443' title='bbox 1367 2002 1400 2026; x_wconf 87' lang='lat' dir='ltr'>ut</span> <span class='ocrx_word' id='word_1_444' title='bbox 1433 1993 1522 2031; x_wconf 82' lang='lat' dir='ltr'>illud,</span> <span class='ocrx_word' id='word_1_445' title='bbox 1545 2006 1609 2040; x_wconf 91' lang='lat' dir='ltr'>quo</span> <span class='ocrx_word' id='word_1_446' title='bbox 1644 2002 1811 2040; x_wconf 84' lang='lat' dir='ltr'>pascantur</span> <span class='ocrx_word' id='word_1_447' title='bbox 1839 2004 1869 2028; x_wconf 84' lang='lat' dir='ltr'>et</span> 
     </span>
     <span class='ocr_line' id='line_1_87' title="bbox 1121 2042 1869 2089; baseline 0.003 -14"><span class='ocrx_word' id='word_1_448' title='bbox 1121 2050 1285 2076; x_wconf 83' lang='lat' dir='ltr'>serventur</span> <span class='ocrx_word' id='word_1_449' title='bbox 1309 2042 1447 2089; x_wconf 89' lang='lat' dir='ltr'>ipsorum</span> <span class='ocrx_word' id='word_1_450' title='bbox 1472 2043 1577 2086; x_wconf 81' lang='lat' dir='ltr'>eorda,</span> <span class='ocrx_word' id='word_1_451' title='bbox 1599 2043 1799 2089; x_wconf 74' lang='lat' dir='ltr'>perlustrent,</span> <span class='ocrx_word' id='word_1_452' title='bbox 1819 2056 1869 2089; x_wconf 91' lang='lat' dir='ltr'>po-</span> 
     </span>
     <span class='ocr_line' id='line_1_88' title="bbox 1122 2092 1867 2128; baseline 0 -2"><span class='ocrx_word' id='word_1_453' title='bbox 1122 2092 1198 2126; x_wconf 89' lang='lat' dir='ltr'>tiora</span> <span class='ocrx_word' id='word_1_454' title='bbox 1236 2093 1427 2126; x_wconf 77' lang='lat' dir='ltr'>reverentiae</span> <span class='ocrx_word' id='word_1_455' title='bbox 1454 2100 1484 2126; x_wconf 89' lang='lat' dir='ltr'>et</span> <span class='ocrx_word' id='word_1_456' title='bbox 1512 2093 1687 2127; x_wconf 89' lang='lat' dir='ltr'>devotionis</span> <span class='ocrx_word' id='word_1_457' title='bbox 1723 2094 1867 2128; x_wconf 75' lang='lat' dir='ltr'>exercitia</span> 
     </span>
     <span class='ocr_line' id='line_1_89' title="bbox 1122 2141 1869 2189; baseline 0.001 -14"><span class='ocrx_word' id='word_1_458' title='bbox 1122 2141 1245 2175; x_wconf 84' lang='lat' dir='ltr'>firmare</span> <span class='ocrx_word' id='word_1_459' title='bbox 1281 2154 1483 2188; x_wconf 85' lang='lat' dir='ltr'>summopere</span> <span class='ocrx_word' id='word_1_460' title='bbox 1517 2143 1703 2188; x_wconf 74' lang='lat' dir='ltr'>cupientes,</span> <span class='ocrx_word' id='word_1_461' title='bbox 1738 2143 1869 2189; x_wconf 82' lang='lat' dir='ltr'>singulis</span> 
     </span>
     <span class='ocr_line' id='line_1_90' title="bbox 1122 2191 1867 2239; baseline 0 -14"><span class='ocrx_word' id='word_1_462' title='bbox 1122 2204 1157 2225; x_wconf 82' lang='lat' dir='ltr'>ex</span> <span class='ocrx_word' id='word_1_463' title='bbox 1174 2191 1220 2225; x_wconf 88' lang='lat' dir='ltr'>eis</span> <span class='ocrx_word' id='word_1_464' title='bbox 1236 2204 1306 2225; x_wconf 84' lang='lat' dir='ltr'>vere</span> <span class='ocrx_word' id='word_1_465' title='bbox 1324 2191 1557 2237; x_wconf 81' lang='lat' dir='ltr'>poenitentibus</span> <span class='ocrx_word' id='word_1_466' title='bbox 1578 2200 1607 2225; x_wconf 90' lang='lat' dir='ltr'>et</span> <span class='ocrx_word' id='word_1_467' title='bbox 1629 2191 1794 2233; x_wconf 74' lang='lat' dir='ltr'>confessis,</span> <span class='ocrx_word' id='word_1_468' title='bbox 1814 2194 1867 2239; x_wconf 89' lang='lat' dir='ltr'>qui</span> 
     </span>
     <span class='ocr_line' id='line_1_91' title="bbox 1122 2240 1868 2288; baseline 0.001 -14"><span class='ocrx_word' id='word_1_469' title='bbox 1122 2248 1150 2274; x_wconf 87' lang='lat' dir='ltr'>et</span> <span class='ocrx_word' id='word_1_470' title='bbox 1174 2241 1297 2287; x_wconf 85' lang='lat' dir='ltr'>quoties</span> <span class='ocrx_word' id='word_1_471' title='bbox 1321 2242 1350 2275; x_wconf 90' lang='lat' dir='ltr'>in</span> <span class='ocrx_word' id='word_1_472' title='bbox 1376 2241 1477 2287; x_wconf 85' lang='lat' dir='ltr'>ipsius</span> <span class='ocrx_word' id='word_1_473' title='bbox 1511 2240 1705 2276; x_wconf 82' lang='lat' dir='ltr'>Sacramenti</span> <span class='ocrx_word' id='word_1_474' title='bbox 1733 2241 1868 2288; x_wconf 83' lang='lat' dir='ltr'>profesto</span> 
     </span>
     <span class='ocr_line' id='line_1_92' title="bbox 1124 2290 1867 2338; baseline 0.001 -15"><span class='ocrx_word' id='word_1_475' title='bbox 1124 2290 1275 2324; x_wconf 87' lang='lat' dir='ltr'>ieiumnm</span> <span class='ocrx_word' id='word_1_476' title='bbox 1301 2291 1358 2329; x_wconf 83' lang='lat' dir='ltr'>vel,</span> <span class='ocrx_word' id='word_1_477' title='bbox 1377 2291 1443 2325; x_wconf 89' lang='lat' dir='ltr'>loco</span> <span class='ocrx_word' id='word_1_478' title='bbox 1461 2290 1555 2329; x_wconf 86' lang='lat' dir='ltr'>illius,</span> <span class='ocrx_word' id='word_1_479' title='bbox 1570 2291 1652 2325; x_wconf 81' lang='lat' dir='ltr'>aliud</span> <span class='ocrx_word' id='word_1_480' title='bbox 1671 2291 1770 2338; x_wconf 85' lang='lat' dir='ltr'>pium,</span> <span class='ocrx_word' id='word_1_481' title='bbox 1787 2291 1867 2325; x_wconf 81' lang='lat' dir='ltr'>iuxta</span> 
     </span>
     <span class='ocr_line' id='line_1_93' title="bbox 1122 2340 1870 2387; baseline 0.001 -14"><span class='ocrx_word' id='word_1_482' title='bbox 1122 2352 1250 2373; x_wconf 83' lang='lat' dir='ltr'>suorum</span> <span class='ocrx_word' id='word_1_483' title='bbox 1275 2340 1403 2373; x_wconf 80' lang='lat' dir='ltr'>consilia</span> <span class='ocrx_word' id='word_1_484' title='bbox 1431 2340 1661 2383; x_wconf 71' lang='lat' dir='ltr'>confessor-‚um</span> <span class='ocrx_word' id='word_1_485' title='bbox 1684 2353 1764 2387; x_wconf 82' lang='lat' dir='ltr'>opus</span> <span class='ocrx_word' id='word_1_486' title='bbox 1793 2340 1870 2375; x_wconf 79' lang='lat' dir='ltr'>sece-</span> 
     </span>
     <span class='ocr_line' id='line_1_94' title="bbox 1124 2390 1869 2444; baseline 0.003 -22"><span class='ocrx_word' id='word_1_487' title='bbox 1124 2390 1196 2429; x_wconf 84' lang='lat' dir='ltr'>rint‚</span> <span class='ocrx_word' id='word_1_488' title='bbox 1219 2397 1367 2429; x_wconf 80' lang='lat' dir='ltr'>centnm;</span> <span class='ocrx_word' id='word_1_489' title='bbox 1390 2397 1419 2423; x_wconf 88' lang='lat' dir='ltr'>et</span> <span class='ocrx_word' id='word_1_490' title='bbox 1442 2390 1494 2435; x_wconf 85' lang='lat' dir='ltr'>qui</span> <span class='ocrx_word' id='word_1_491' title='bbox 1519 2390 1700 2444; x_wconf 77' lang='lat' dir='ltr'>praemissa</span> <span class='ocrx_word' id='word_1_492' title='bbox 1724 2403 1753 2423; x_wconf 86' lang='lat' dir='ltr'>in</span> <span class='ocrx_word' id='word_1_493' title='bbox 1771 2390 1869 2424; x_wconf 83' lang='lat' dir='ltr'>ecete-</span> 
     </span>
     <span class='ocr_line' id='line_1_95' title="bbox 1123 2417 1868 2485; baseline 0.003 -13"><span class='ocrx_word' id='word_1_494' title='bbox 1123 2439 1176 2473; x_wconf 89' lang='lat' dir='ltr'>siis</span> <span class='ocrx_word' id='word_1_495' title='bbox 1205 2438 1320 2485; x_wconf 76' lang='lat' dir='ltr'>quibus</span> <span class='ocrx_word' id='word_1_496' title='bbox 1351 2417 1399 2472; x_wconf 75' lang='lat' dir='ltr'>illi</span> <span class='ocrx_word' id='word_1_497' title='bbox 1428 2439 1576 2473; x_wconf 82' lang='lat' dir='ltr'>celebrati</span> <span class='ocrx_word' id='word_1_498' title='bbox 1600 2439 1778 2484; x_wconf 35' lang='grc' dir='ltr'>οοιιῑίςθιῃίῑ</span> <span class='ocrx_word' id='word_1_499' title='bbox 1800 2439 1868 2474; x_wconf 84' lang='lat' dir='ltr'>offi-</span> 
     </span>
     <span class='ocr_line' id='line_1_96' title="bbox 1122 2488 1868 2543; baseline -0.001 -22"><span class='ocrx_word' id='word_1_500' title='bbox 1122 2489 1177 2522; x_wconf 84' lang='lat' dir='ltr'>ciis</span> <span class='ocrx_word' id='word_1_501' title='bbox 1199 2488 1406 2527; x_wconf 76' lang='lat' dir='ltr'>interfuerint,</span> <span class='ocrx_word' id='word_1_502' title='bbox 1430 2501 1549 2522; x_wconf 89' lang='lat' dir='ltr'>necnon</span> <span class='ocrx_word' id='word_1_503' title='bbox 1573 2489 1729 2543; x_wconf 83' lang='lat' dir='ltr'>episcopis</span> <span class='ocrx_word' id='word_1_504' title='bbox 1751 2496 1781 2522; x_wconf 89' lang='lat' dir='ltr'>et</span> <span class='ocrx_word' id='word_1_505' title='bbox 1799 2489 1868 2523; x_wconf 77' lang='lat' dir='ltr'>aliis</span> 
     </span>
     <span class='ocr_line' id='line_1_97' title="bbox 1125 2538 1869 2584; baseline 0.001 -13"><span class='ocrx_word' id='word_1_506' title='bbox 1125 2538 1268 2583; x_wconf 83' lang='lat' dir='ltr'>praelatis</span> <span class='ocrx_word' id='word_1_507' title='bbox 1301 2538 1542 2583; x_wconf 82' lang='lat' dir='ltr'>superioribus</span> <span class='ocrx_word' id='word_1_508' title='bbox 1565 2538 1618 2584; x_wconf 90' lang='lat' dir='ltr'>qui</span> <span class='ocrx_word' id='word_1_509' title='bbox 1646 2538 1737 2572; x_wconf 84' lang='lat' dir='ltr'>dietis</span> <span class='ocrx_word' id='word_1_510' title='bbox 1759 2538 1869 2573; x_wconf 82' lang='lat' dir='ltr'>officiis</span> 
     </span>
     <span class='ocr_line' id='line_1_98' title="bbox 1124 2587 1869 2634; baseline 0 -13"><span class='ocrx_word' id='word_1_511' title='bbox 1124 2587 1256 2622; x_wconf 80' lang='lat' dir='ltr'>libenter</span> <span class='ocrx_word' id='word_1_512' title='bbox 1292 2589 1500 2630; x_wconf 78' lang='lat' dir='ltr'>interessent,</span> <span class='ocrx_word' id='word_1_513' title='bbox 1528 2588 1582 2621; x_wconf 85' lang='lat' dir='ltr'>sed</span> <span class='ocrx_word' id='word_1_514' title='bbox 1612 2600 1674 2634; x_wconf 88' lang='lat' dir='ltr'>quo</span> <span class='ocrx_word' id='word_1_515' title='bbox 1697 2589 1800 2622; x_wconf 88' lang='lat' dir='ltr'>miuus</span> <span class='ocrx_word' id='word_1_516' title='bbox 1823 2589 1869 2621; x_wconf 86' lang='lat' dir='ltr'>eis</span> 
     </span>
     <span class='ocr_line' id='line_1_99' title="bbox 1124 2637 1868 2685; baseline 0.003 -15"><span class='ocrx_word' id='word_1_517' title='bbox 1124 2637 1153 2671; x_wconf 91' lang='lat' dir='ltr'>in</span> <span class='ocrx_word' id='word_1_518' title='bbox 1185 2638 1283 2684; x_wconf 79' lang='lat' dir='ltr'>ipsius</span> <span class='ocrx_word' id='word_1_519' title='bbox 1307 2637 1449 2672; x_wconf 81' lang='lat' dir='ltr'>ecclesiis</span> <span class='ocrx_word' id='word_1_520' title='bbox 1480 2637 1630 2672; x_wconf 87' lang='lat' dir='ltr'>interesse</span> <span class='ocrx_word' id='word_1_521' title='bbox 1665 2637 1786 2685; x_wconf 82' lang='lat' dir='ltr'>possint</span> <span class='ocrx_word' id='word_1_522' title='bbox 1812 2650 1868 2685; x_wconf 88' lang='lat' dir='ltr'>pro</span> 
     </span>
    </p>
   </div>
   <div class='ocr_carea' id='block_1_19' title="bbox 1879 258 2061 284">
    <p class='ocr_par' dir='ltr' id='par_1_21' title="bbox 1879 258 2061 284">
     <span class='ocr_line' id='line_1_100' title="bbox 1879 258 2061 284; baseline -0.005 0"><span class='ocrx_word' id='word_1_523' title='bbox 1879 258 1929 284; x_wconf 77' lang='lat' dir='ltr'>An.</span> <span class='ocrx_word' id='word_1_524' title='bbox 1946 260 1974 284; x_wconf 98' lang='grc'>1</span> <span class='ocrx_word' id='word_1_525' title='bbox 1995 258 2061 284; x_wconf 64' lang='lat' dir='ltr'>1thss</span> 
     </span>
    </p>
   </div>
   <div class='ocr_carea' id='block_1_20' title="bbox 1879 319 2051 371">
    <p class='ocr_par' dir='ltr' id='par_1_22' title="bbox 1879 319 2047 370">
     <span class='ocr_line' id='line_1_101' title="bbox 1879 319 2047 339; baseline -0.012 0"><span class='ocrx_word' id='word_1_526' title='bbox 1879 319 1940 339; x_wconf 67' lang='lat' dir='ltr'>nullis</span> <span class='ocrx_word' id='word_1_527' title='bbox 1970 326 2015 339; x_wconf 65' lang='lat' dir='ltr'>ron*</span> <span class='ocrx_word' id='word_1_528' title='bbox 2025 326 2030 336; x_wconf 84' lang='grc' dir='ltr'>ι</span> <span class='ocrx_word' id='word_1_529' title='bbox 2039 326 2047 337; x_wconf 57' lang='grc' dir='ltr'><strong><em>κ</em></strong></span> 
     </span>
     <span class='ocr_line' id='line_1_102' title="bbox 1879 351 2051 371; baseline 0 -1"><span class='ocrx_word' id='word_1_530' title='bbox 1879 352 1906 370; x_wconf 77' lang='grc' dir='ltr'>ιιι-</span> <span class='ocrx_word' id='word_1_531' title='bbox 1917 351 1964 370; x_wconf 76' lang='lat' dir='ltr'>indu</span> <span class='ocrx_word' id='word_1_532' title='bbox 1969 351 1999 371; x_wconf 66' lang='lat' dir='ltr'>lze</span> <span class='ocrx_word' id='word_1_533' title='bbox 2004 354 2051 370; x_wconf 92' lang='grc' dir='ltr'>ιιιιι</span> 
     </span>
    </p>
   </div>
   <div class='ocr_carea' id='block_1_21' title="bbox 1882 1508 2065 1599">
    <p class='ocr_par' dir='ltr' id='par_1_23' title="bbox 1882 1508 2065 1599">
     <span class='ocr_line' id='line_1_103' title="bbox 1895 1508 2065 1530; baseline -0.018 0"><span class='ocrx_word' id='word_1_534' title='bbox 1895 1508 2014 1530; x_wconf 74' lang='lat' dir='ltr'>Huiusmodi</span> <span class='ocrx_word' id='word_1_535' title='bbox 2031 1514 2065 1528; x_wconf 83' lang='lat' dir='ltr'>in-</span> 
     </span>
     <span class='ocr_line' id='line_1_104' title="bbox 1882 1541 2065 1566; baseline -0.016 -5"><span class='ocrx_word' id='word_1_536' title='bbox 1882 1541 1999 1566; x_wconf 71' lang='lat' dir='ltr'>dulgentias</span> <span class='ocrx_word' id='word_1_537' title='bbox 2019 1545 2065 1558; x_wconf 76' lang='lat' dir='ltr'>arn-</span> 
     </span>
     <span class='ocr_line' id='line_1_105' title="bbox 1882 1570 2063 1599; baseline -0.017 -8"><span class='ocrx_word' id='word_1_538' title='bbox 1882 1572 1931 1599; x_wconf 80' lang='lat' dir='ltr'>pliat</span> <span class='ocrx_word' id='word_1_539' title='bbox 1956 1570 2063 1590; x_wconf 73' lang='lat' dir='ltr'>Martinus.</span> 
     </span>
    </p>
   </div>
  </div>
 </body>
</html>
