2274 3265
224 258 273 285 An.
288 259 316 285 (Σ.
339 259 404 284 t5to

468 250 538 282 ⁶200

1011 257 1193 279 ttt'mattttt'm
1220 256 1376 278 Romanum

421 314 527 354 rariac,
555 324 608 347 seu
633 311 734 359 quivis
760 311 875 345 ibidem
904 311 1084 358 praesidens
1105 325 1164 346 so—
1183 316 1186 356 l
1208 320 1269 346 rata
1292 319 1322 345 ct
1346 312 1431 344 lirnta
1451 309 1556 343 omnia
1579 317 1609 344 et
1626 308 1764 353 singula,
1779 320 1860 356 quae
1876 308 1948 344 dicti

420 363 462 397 liti
490 369 564 397 sunt
591 370 708 402 tenere,
732 360 905 408 possidere,
928 361 973 395 vel
993 362 1094 407 qnasi,
1109 374 1163 396 seu

419 423 563 446 exercere
583 423 637 457 per
651 422 683 445 se
706 410 751 445 vel
766 422 820 457 per
841 410 935 445 alium
962 423 1163 457 quocumque

420 461 514 496 modo
541 461 586 495 vel
615 460 760 501 nomine;
788 472 823 495 ac
845 460 937 495 etiam
961 461 997 494 ad
1027 460 1163 507 obligan-

419 511 494 545 ‹lnm
509 509 626 545 dictum
641 522 821 553 commune,
836 510 992 550 homines,
1003 522 1164 556 personas,

419 570 447 594 vt
470 560 549 594 bona
583 560 694 606 ipsius,
721 568 751 594 ct
783 559 1050 606 permittendum,
1078 559 1163 605 quod

422 618 574 657 perpetuo
601 617 631 644 ct
666 610 750 644 omni
780 618 919 656 tempore
942 608 1101 643 habebunt
1135 617 1165 643 et

421 659 569 695 tenebunt
595 667 659 694 rata
677 668 706 694 et
729 659 815 694 firma
839 659 945 693 omnia
973 666 1002 692 et
1029 657 1164 704 singula,

419 722 500 757 qnae
514 709 587 744 dicti
610 709 750 744 sindicus
768 709 814 743 vel
836 708 947 743 sindici
985 707 1165 754 permittent

422 760 465 794 vel
494 759 626 799 facient;
653 770 689 794 ac
715 758 805 793 etiam
829 757 945 800 omnia,
973 769 1053 804 quae
1074 756 1164 791 Sum-

421 822 491 845 mus
516 808 659 845 Pontifex
687 816 716 842 et
730 807 830 842 Sedes
842 806 1024 854 Apostoliea
1039 805 1163 846 dixerit,

421 859 526 894 fecerit
569 858 614 893 vel
658 857 858 904 explicaverit
880 856 909 890 in
941 855 1108 903 praedictis
1135 863 1165 890 et

420 909 500 943 circa
520 907 675 955 praedicta
695 914 725 941 ct
747 918 856 940 eorum
885 913 915 939 et
936 905 1165 951 cuiuscumque

420 970 527 992 eorum
568 956 752 992 occasione:
794 956 833 989 ita
868 954 951 1002 qnod
989 954 1166 990 intellectus

420 1007 649 1054 praedictorum
672 1013 703 1040 et
723 1017 845 1046 eorum,
862 1017 942 1052 quae
963 1003 1037 1039 dicti
1053 1003 1164 1039 sindici

420 1056 599 1104 permittent
623 1054 667 1090 vel
684 1054 966 1102 sacient,quaeque
991 1053 1165 1101 aliqualiter

419 1119 474 1153 per
500 1105 663 1141 dominum
691 1104 807 1151 Papam
836 1111 867 1138 et
888 1104 1003 1138 Sedem
1027 1103 1165 1150 Aposto-

419 1156 508 1190 licam
524 1155 606 1190 dicta
621 1163 650 1189 et
665 1154 808 1189 ordinata
824 1154 937 1188 fuerint
951 1154 979 1188 in
1000 1152 1165 1200 praedictis

418 1215 447 1239 et
463 1217 572 1240 eornm
595 1215 773 1248 occasione,
792 1215 917 1250 semper
935 1211 966 1238 et
987 1216 1072 1238 omni
1091 1211 1165 1237 tem-

419 1267 493 1303 pore
512 1253 642 1301 intelligi
671 1253 805 1289 debeant
826 1253 864 1287 ad
890 1253 1091 1295 voluntatem,
1115 1252 1166 1286 in-

419 1305 685 1352 terpretationem,
723 1303 961 1350 dispositionem
990 1302 1115 1350 plenam
1135 1309 1165 1336 et

419 1354 546 1389 liberam
575 1353 695 1389 domini
725 1352 827 1400 Papae
856 1361 885 1386 et
909 1352 1000 1387 Sedis
1025 1352 1164 1399 Aposto-

420 1404 514 1444 licae;
541 1412 571 1438 et
597 1403 681 1451 quod
709 1411 815 1437 contra
841 1414 876 1437 ea
912 1402 997 1436 nullo
1026 1410 1165 1449 tempore

421 1454 547 1488 venient
573 1452 612 1488 de
646 1453 712 1487 iure
736 1464 792 1487 nec
814 1452 853 1486 de
873 1452 951 1487 facto
975 1464 1029 1499 per
1051 1464 1085 1486 se
1107 1463 1165 1485 nec

421 1517 473 1550 per
505 1503 706 1538 summissam
738 1514 902 1549 personam
938 1501 1044 1548 aliquo
1072 1500 1166 1535 modo

422 1553 466 1587 vel
489 1565 600 1588 eausa:
635 1561 664 1587 et
686 1550 724 1586 ad
747 1551 928 1586 faciendum
951 1559 980 1585 et
1004 1558 1167 1597 praestan-

421 1604 495 1637 dum
519 1602 601 1637 dicto
628 1601 758 1636 domino
776 1601 881 1648 Papae
914 1609 943 1635 et
975 1599 1050 1635 Sedi
1078 1599 1167 1646 Apo-

421 1653 548 1687 stolicae
575 1651 735 1686 fidelitatis
755 1651 936 1696 homagium
960 1658 989 1684 et
1012 1650 1168 1684 iuramen-

423 1711 487 1737 tum
515 1709 545 1736 et
573 1713 789 1748 quascumque
815 1700 891 1735 alias
919 1700 1167 1740 conventiones,

424 1751 647 1800 promissiones
661 1779 669 1792 ,
689 1751 928 1794 transactiones,
957 1744 1168 1784 renunciatio-

423 1815 489 1843 nes,
502 1800 664 1847 generales
679 1810 710 1836 et
731 1800 897 1847 speciales,
912 1807 941 1834 et
963 1807 1051 1846 pacta
1075 1808 1104 1834 et
1120 1799 1168 1832 iu-

424 1859 561 1887 ramenta
580 1851 808 1897 cuiuscumque
823 1849 947 1896 generis
964 1850 992 1883 in
1011 1848 1167 1883 dictorum

423 1901 682 1937 constituentium
721 1901 854 1944 animas,
896 1898 1104 1946 obligationes
1139 1906 1168 1932 et

424 1951 674 1994 summissiones,
696 1962 767 1985 cum
796 1949 969 1984 adiectione
996 1960 1168 1995 poenarum

425 2001 644 2047 temporalium
667 2007 696 2034 et
724 1998 949 2046 spiritualium,
968 2007 998 2032 et
1010 1998 1075 2032 sire
1091 2010 1170 2045 quae

426 2050 582 2097 praefatus
595 2049 748 2084 Summus
764 2048 904 2083 Pontifex
921 2060 974 2095 per
992 2049 1129 2093 (pro‘?)se
1141 2055 1170 2081 et

425 2100 564 2135 Ecclesia
589 2099 749 2139 Romana,
776 2098 823 2133 vel
851 2097 919 2133 aliis
948 2098 1087 2144 recipere
1110 2110 1172 2131 vo-

426 2150 519 2185 lucrit
547 2150 576 2184 in
610 2148 778 2196 praedietis
805 2157 834 2182 et
860 2160 957 2195 super
986 2147 1170 2194 praedictis,

427 2200 473 2234 vel
514 2199 582 2234 aliis
612 2198 883 2246 quibuscumque3
916 2205 945 2231 et
984 2208 1065 2244 quae
1096 2196 1169 2231 dicti

428 2258 575 2298 potestaS,
590 2248 754 2291 vexillifer,
767 2247 953 2295 praeconsnl
966 2247 1170 2289 notariorum,

427 2299 554 2339 antiani,
575 2299 724 2346 populuS,
751 2297 921 2332 consiliarii
944 2305 974 2331 et
1002 2308 1171 2331 commune

429 2350 609 2398 promittere
624 2376 633 2393 ,
655 2348 794 2394 obligare
810 2375 817 2388 ,
841 2347 943 2382 facere
965 2354 995 2381 et
1016 2346 1172 2393 explicare

429 2407 578 2447 possent,
613 2399 637 2433 si
674 2406 858 2446 praesentes
891 2405 1015 2437 essent,
1049 2395 1171 2430 etiamsi

429 2450 498 2484 talia
531 2449 593 2483 sint
632 2447 678 2482 vel
712 2448 847 2487 fuerint,
882 2459 962 2494 quae
990 2445 1170 2480 mandatum

428 2501 588 2544 exigerent
611 2498 656 2532 vel
679 2498 803 2544 exigant
825 2496 978 2544 speciale,
1002 2505 1030 2530 et
1051 2495 1171 2529 etiamsi

431 2550 545 2583 maiora
577 2547 640 2582 sint
664 2548 709 2582 vel
740 2547 868 2587 fuerint,
895 2559 988 2593 quam
1018 2557 1064 2590 ea,
1093 2557 1173 2591 qnae

429 2610 575 2645 expressa
599 2605 673 2632 sunt
701 2598 730 2631 in
760 2598 914 2643 praesenti
944 2596 1171 2630 instrumento:

431 2649 649 2695 promittentes
681 2647 794 2681 babere
824 2655 850 2680 et
880 2654 987 2680 tenere
1020 2652 1173 2693 perpetuo

1206 361 1346 396 sindicus
1368 368 1396 394 ct
1420 359 1531 394 sindici
1557 359 1586 393 in
1611 358 1778 405 praedictis
1810 365 1841 392 et
1869 358 1950 393 circa

1207 411 1362 457 praedicta
1390 417 1419 444 ct
1447 420 1481 443 ea
1506 407 1718 454 tangentibus,
1741 415 1890 442 eteorum
1921 415 1952 442 et

1206 461 1433 506 cuiuscumque
1468 470 1575 493 corum
1603 457 1780 497 occasione,
1808 457 1853 491 vel
1884 456 1953 492 aliis

1206 510 1457 557 quibuscumque
1485 507 1645 551 dixerint,
1669 506 1893 553 promiserint,
1914 505 1953 541 fe-

1206 561 1328 600 cerint,
1356 559 1402 593 vel
1430 558 1603 603 gesserint,
1635 569 1689 590 sen
1720 555 1954 603 procuraverint

1206 620 1405 656 quocumque
1444 607 1551 642 modo:
1581 606 1720 641 dicentes
1760 605 1890 652 insuper
1925 612 1955 639 ct

1208 666 1426 706 protestantes,
1450 658 1563 692 multas
1584 656 1662 691 alias
1690 656 1797 696 iustas,
1822 666 1910 689 veras
1925 662 1955 688 et

1207 708 1406 744 rationabiles
1436 719 1546 742 causas
1569 706 1778 754 praecessisse
1793 733 1801 746 ,
1823 704 1956 739 subesse

1206 766 1235 793 et
1264 758 1390 797 inesse,
1418 764 1544 803 propter
1570 768 1649 804 quas
1687 755 1761 790 dicti
1795 762 1955 802 potestas,

1208 807 1366 847 vexillifer,
1394 806 1577 852 praeconsul
1597 805 1803 846 notariorum,
1825 803 1956 847 antiani,

1205 857 1304 903 capita
1336 856 1520 891 societatum
1553 864 1584 890 et
1605 855 1768 889 consilium
1799 852 1956 901 praedicta

1207 906 1347 941 fecerunt
1370 912 1399 939 et
1427 905 1562 948 tactum,
1584 913 1615 939 ct
1637 904 1957 938 renuntiaveruntex-

1206 955 1344 1003 ceptioni
1381 962 1410 988 et
1437 953 1608 989 conditioni
1637 953 1705 988 sine
1727 965 1820 988 causa
1854 961 1884 987 et
1919 964 1954 986 ex·

1207 1006 1318 1040 iniusta
1349 1016 1442 1038 causa
1471 1002 1547 1045 doli,
1570 1010 1600 1037 et
1628 1002 1657 1037 in
1681 1001 1796 1037 factum
1824 1009 1854 1036 et
1870 1001 1955 1036 omni

1206 1055 1255 1089 alii
1273 1054 1343 1095 iuri,
1366 1053 1439 1099 legi,
1455 1052 1567 1088 rationi
1590 1060 1620 1087 et
1634 1051 1824 1095 defensioni,
1839 1051 1955 1097 quibus

1206 1117 1240 1140 sc
1262 1111 1369 1139 eontra
1385 1102 1541 1150 praedicta
1558 1110 1587 1137 et
1609 1114 1718 1136 eorum
1742 1100 1859 1147 aliquid
1875 1100 1954 1135 tueri

1207 1154 1252 1189 vel
1291 1154 1438 1188 adiuvare
1474 1159 1611 1199 possent.
1650 1150 1765 1185 Actum
1796 1149 1957 1184 Ferrariae

1207 1204 1236 1238 in
1260 1202 1474 1250 suprascripto
1498 1201 1610 1249 palatio
1625 1200 1803 1236 communis
1822 1199 1956 1234 civitatis

1206 1253 1376 1295 Fcrrariae,
1401 1251 1619 1298 praesentibus
1647 1249 1878 1285 venerabilibus
1901 1260 1958 1296 pa-

1208 1302 1308 1338 tribus
1323 1330 1332 1347 ,
1367 1301 1495 1336 domino
1519 1300 1658 1335 Arnaldo
1679 1299 1790 1334 abbate
1812 1298 1955 1333 Tuellen.

1207 1352 1406 1387 Lemovicen.
1439 1350 1602 1391 dioecesis,
1635 1349 1765 1384 domino
1786 1347 1957 1383 Guillelmo

1207 1402 1317 1437 abbate
1336 1401 1441 1436 Sancti
1456 1400 1607 1435 Fremerii
1622 1399 1767 1434 Vasateu.
1789 1397 1957 1441 dioecesis,

1207 1452 1337 1487 domino
1364 1450 1505 1485 Get-ardo
1528 1450 1567 1484 de
1591 1449 1758 1484 Ginnamis
1785 1448 1823 1482 de
1847 1447 1957 1482 Parma

1208 1501 1311 1536 iudice
1326 1509 1356 1535 et
1370 1512 1528 1534 assessore
1546 1499 1620 1534 dicti
1635 1498 1754 1533 domini
1779 1496 1957 1545 potestatis;

1208 1560 1237 1586 et
1260 1549 1453 1598 sapientibus
1482 1550 1552 1584 viris
1574 1549 1713 1583 dominis
1739 1547 1831 1582 Petro
1858 1546 1897 1580 de
1912 1545 1959 1580 Si-

1210 1601 1291 1635 fante
1318 1609 1347 1634 et
1369 1599 1527 1633 Aimerico
1549 1598 1668 1644 Sbuga,
1691 1597 1865 1637 iudicibu53
1892 1607 1958 1630 ma-

1208 1651 1306 1697 gistro
1328 1648 1496 1683 Gratiadeo
1520 1648 1656 1696 phisicae
1678 1648 1753 1681 artis
1770 1646 1957 1694 professore,

1209 1699 1347 1735 dominis
1378 1698 1544 1733 Octobono
1576 1696 1786 1737 Bracltarino,
1809 1695 1892 1730 Gilio
1919 1694 1957 1728 de

1210 1748 1438 1796 Compendello
1459 1756 1490 1782 et
1515 1747 1627 1782 Iacobo
1654 1746 1693 1781 de
1708 1746 1845 1789 Oifante,
1869 1753 1958 1780 nota-

1211 1800 1264 1835 riis
1291 1798 1413 1834 civibus
1435 1797 1623 1837 Ferrarien.,
1652 1796 1746 1831 Petro
1768 1805 1797 1831 et
1820 1794 1959 1829 Antonio

1213 1847 1420 1897 praeconibus
1434 1846 1689 1882 etbannitoribus
1697 1845 1873 1880 communis
1886 1843 1960 1878 Fer-

1213 1899 1322 1943 rariae,
1337 1906 1365 1933 et
1382 1897 1489 1932 multis
1511 1897 1579 1931 aliis
1606 1895 1643 1931 ad
1672 1895 1748 1930 baec
1770 1893 1887 1929 vocatis
1907 1902 1960 1928 te-

1211 1949 1312 1984 stibus
1344 1956 1374 1983 et
1402 1946 1527 1993 rogatis.
1568 1946 1606 1980 Et
1633 1945 1707 1979 licet
1741 1944 1771 1980 in
1799 1943 1908 1978 maiori
1931 1952 1960 1978 et

1212 1997 1348 2045 generali
1395 1996 1528 2032 consilio
1569 1995 1815 2043 quingentorum
1853 1992 1960 2040 populi

1212 2048 1346 2083 civitatis
1372 2046 1535 2082 Ferrariae
1557 2045 1587 2079 in
1621 2045 1736 2092 palatio
1758 2043 1937 2078 communis
1954 2070 1961 2083 ,

1214 2110 1299 2133 more
1329 2097 1421 2132 solito
1451 2103 1652 2141 congregato,
1686 2094 1812 2128 nemine
1841 2091 1962 2127 discre-

1215 2156 1327 2194 pante,
1349 2154 1479 2193 excepto
1511 2156 1593 2185 uno,
1624 2143 1788 2179 obtentum
1816 2141 1911 2176 fuerit
1933 2150 1960 2176 et

1215 2198 1369 2231 firmatum
1393 2194 1566 2230 secundum
1595 2193 1678 2241 quod
1715 2192 1862 2240 superins
1884 2203 1962 2226 con-

1215 2248 1354 2287 tinetur-3
1391 2245 1518 2280 dentum
1557 2252 1657 2278 tamen
1692 2242 1878 2277 adveniente
1911 2241 1961 2276 die

1213 2305 1321 2344 quarta
1368 2294 1571 2342 suprascripti
1613 2293 1731 2328 mensis
1772 2291 1960 2339 septembris

1214 2359 1295 2381 anno
1311 2345 1439 2380 Domini
1454 2353 1484 2378 ct
1504 2344 1676 2379 indictione
1697 2341 1877 2390 praedictis,
1893 2349 1960 2388 post

1215 2396 1370 2443 praedicta
1394 2395 1498 2430 omnia.
1525 2405 1553 2429 et
1576 2393 1698 2440 singula
1721 2393 1765 2427 sic
1794 2400 1914 2439 peracta
1931 2391 1960 2425 in

1216 2446 1341 2493 publico
1371 2445 1564 2492 pat-lamento
1586 2443 1651 2478 sive
1678 2454 1794 2489 arengo
1810 2470 1817 2483 ,
1841 2441 1870 2475 in
1895 2453 1961 2474 ma-

1216 2496 1270 2529 iori
1288 2495 1427 2530 Ecclesia
1440 2494 1615 2529 Ferraricn,
1633 2501 1831 2539 congregato,
1854 2491 1884 2525 in
1900 2504 1962 2537 quo

1215 2554 1303 2579 erant
1337 2553 1365 2579 et
1397 2545 1517 2579 fuerant
1549 2544 1623 2578 dicti
1652 2542 1769 2577 domini
1806 2549 1962 2588 potestas,

1216 2594 1377 2636 vexillifer,
1402 2593 1586 2641 praeconsnl
1613 2594 1817 2634 notariorum,
1833 2590 1962 2630 antiani,

1217 2645 1351 2693 populns
1383 2653 1411 2679 ct
1444 2644 1536 2690 longe
1568 2643 1667 2678 maior
1705 2654 1774 2689 pars
1797 2641 1960 2675 hominum

1966 254 2057 280 Amtt.
2080 254 2145 280 13t0
