2274 3265
124 274 171 300 An.
191 275 219 300 (ἶ.
240 275 302 301 15711

134 631 160 651 De
182 633 276 653 11331111

119 667 144 680 111β
203 668 269 682 inrum

120 693 214 712 1103111115
233 695 303 714 11111111ἶ

120 726 187 744 1113111ς

156 1667 264 1693 Ειεῐῃριίο

117 1701 256 1720 subventione
272 1699 301 1719 le-

117 1735 219 1756 gatorum,
236 1734 277 1751 etc.

129 2407 236 2434 Exemptio
248 2409 300 2428 313-

116 2439 176 2459 dictis
213 2440 299 2459 ordina-

116 2475 200 2490 florum.

923 281 1110 303 Gnsstjntttt's
1134 281 1164 302 ΧΙ
1191 282 1227 303 [Ψ

320 334 510 380 praemissis,
538 342 589 368 aut
612 334 650 368 (lc
680 334 737 374 liis,
761 347 840 382 qnae
865 336 951 369 vobis
979 336 1007 369 in
1032 336 1071 368 31-

319 383 404 417 timis
428 383 641 418 voluntatibus
679 383 819 418 absolute
848 385 990 430 legantur
1026 385 1071 418 vel

318 431 393 465 alias
417 445 472 478 pro
496 432 605 466 vestris
640 433 878 467 necessitatibus
908 434 1072 468 conserun-

319 489 379 524 tur,
402 481 518 528 aliquid
547 482 670 527 exigere
699 482 743 515 vel
767 491 952 529 extorquere
977 495 1070 529 prae-

318 539 433 570 sumat,
457 531 628 565 districtius
648 531 838 565 inliilwmus.

367 584 382 622 ᾗ
405 582 462 614 29.
486 580 533 614 Ad
565 581 641 615 liaec
664 581 753 615 liceat
788 581 936 616 fratribus
978 581 1070 616 vestri

281 641 304 682 2-
318 628 460 668 Ordinis,
488 642 558 663 cum
582 629 621 664 dc
654 630 809 675 prioribus
838 630 913 664 locis
935 632 1002 664 suis
1033 630 1069 664 ad

318 677 374 712 alia
398 678 463 712 loca
486 691 519 712 se
546 679 748 723 transferunt,
772 687 832 713 tam
856 679 995 713 aedilicia
1016 692 1069 713 seu

318 738 443 761 omnem
472 727 684 762 aedificiorum
723 729 883 762 materiam
919 728 1071 769 locorum,

316 788 396 821 quae
419 776 581 810 dimittunt
603 776 773 819 (dedicatis
802 777 951 812 Ecclesiis
978 778 1072 811 dum-

317 832 399 858 taxat
434 826 604 872 exceptis),
631 838 724 872 quam
755 827 865 869 libros,
902 828 1016 861 calices
1043 835 1072 862 et

316 882 508 919 paramenta,
527 887 634 908 secum
658 875 695 909 ad
724 875 782 909 alia
807 875 871 910 loca
895 876 1072 916 transferre,

316 935 352 957 ac
391 923 533 957 aedilicia
570 924 633 970 ipsa
665 936 735 958 cum
765 925 831 958 solo
866 933 895 958 et
930 925 999 960 aliis
1033 926 1070 960 ad

315 971 424 1006 eadem
450 972 515 1006 loca
546 973 785 1018 pertinentibus,
813 983 932 1019 practer
957 975 1072 1009 Eccle-

315 1021 389 1059 sias,
415 1021 548 1055 rendere
567 1048 575 1062 ,
618 1022 823 1069 ipsorumque
864 1024 998 1069 pretium
1040 1025 1070 1058 in

314 1069 448 1104 aliorum
473 1070 625 1113 locorum,
648 1071 684 1104 ad
713 1084 792 1117 qnae
815 1071 885 1106 dicti
915 1073 1023 1107 fratres
1038 1086 1071 1108 sc

315 1119 519 1159 transferunt,
535 1120 786 1154 aedificationem
802 1133 857 1155 seu
881 1121 955 1156 alias
978 1122 1006 1156 in
1024 1135 1073 1156 eo-

317 1181 384 1202 rum
401 1169 565 1203 utilitatem
582 1178 777 1210 convertere,
794 1170 971 1204 secundum
987 1171 1071 1217 quod

315 1218 361 1251 eis
389 1218 544 1252 videbitur
569 1218 682 1252 melius
709 1219 866 1265 expedire.
898 1219 933 1253 Et
954 1232 991 1254 ne
1013 1221 1072 1254 ali-

315 1268 368 1313 qui
392 1267 622 1314 archiepiscopi
647 1267 693 1301 vel
708 1269 847 1313 episcopi
865 1276 916 1301 331
940 1269 991 1302 alii
1016 1269 1072 1303 Ec-

315 1316 479 1350 clesiarum
505 1316 915 1363 [3301311503(13301153113
940 1330 1072 1363 persona

315 1365 526 1400 ecclesiastica
551 1365 595 1400 vel
623 1366 806 1405 saecularis,
832 1366 988 1412 praedicta
1006 1367 1072 1401 loca

315 1426 370 1448 seu
395 1413 475 1448 bona
498 1427 665 1460 occupare,
687 1415 830 1460 accipere
851 1415 895 1448 vel
921 1428 1072 1461 usurpare

314 1470 367 1497 aut
388 1475 518 1509 quoquo
547 1463 640 1497 modo
667 1463 726 1497 sibi
758 1464 916 1498 vindicare
939 1477 1072 1511 praesu-

316 1523 412 1552 mant,
431 1512 551 1559 absque
567 1512 668 1546 dictae
685 1512 778 1548 Sedis
793 1513 914 1548 licentia
930 1514 1072 1560 speciali,

315 1561 487 1596 districtius
510 1561 700 1596 inhibemus.

364 1614 379 1653 ἕ
402 1613 458 1645 50.
486 1610 691 1656 Indulgentes
715 1611 813 1654 vobis,
849 1620 879 1645 ut
907 1611 945 1646 ad
975 1625 1072 1658 prae—

289 1672 301 1684 a
316 1661 481 1694 stationem
507 1661 762 1706 procurationum
788 1660 960 1706 legatorum
980 1661 1072 1697 Sedis

317 1709 492 1755 praedictae
516 1709 560 1744 vel
574 1710 763 1744 nunciorum
789 1710 888 1756 ipsius
909 1722 964 1744 seu
981 1711 1071 1745 dioe-

315 1770 503 1793 cesanorum
542 1758 704 1798 locorum,
733 1767 785 1793 aut
813 1759 1011 1794 exactionum
1025 1760 1071 1794 vel

315 1808 517 1843 collectarum
557 1820 612 1842 seu
643 1807 858 1842 subsidiorum
883 1808 929 1843 vel
969 1810 1071 1856 provi-

315 1857 441 1892 sionum
455 1869 728 1904 quarumcumque
742 1857 873 1892 minime
889 1858 1071 1902 teneamini,

316 1917 373 1940 nec
407 1905 444 1940 ad
473 1918 507 1940 ea
541 1906 690 1940 solvenda
728 1918 785 1953 per
824 1906 929 1941 literas
969 1907 1071 1942 dictae

316 1955 408 1990 Sedis
429 1963 482 1989 aut
510 1955 684 2001 legatorum
709 1964 760 1990 aut
777 1956 966 1990 nunciorum
990 1956 1072 1992 eius-

315 2004 386 2038 dem
403 2017 459 2038 seu
481 2012 636 2039 rectorum
654 2013 804 2039 terrarum
829 2005 987 2039 Ecclesiae
1011 2006 1072 2041 Ro-

316 2066 436 2093 manae,
461 2054 641 2100 impetratas
669 2066 723 2088 sen
753 2054 782 2088 in
814 2062 972 2100 posterum
1011 2056 1071 2089 im-

316 2103 496 2149 petrandas,
524 2103 755 2149 cuiuscumque
791 2104 908 2138 tenoris
943 2104 1070 2143 fuerint,

317 2153 345 2186 in
371 2162 560 2199 perpetuum
589 2152 736 2199 compelli
774 2153 912 2199 possitis,
937 2154 993 2188 nisi
1017 2154 1071 2187 di-

315 2210 382 2236 ctae
422 2202 515 2236 Sedis
550 2202 658 2235 literae
686 2202 903 2248 impetrandae
946 2203 1068 2249 plenam

315 2259 345 2285 et
375 2263 555 2297 expressam
590 2252 629 2285 de
665 2251 787 2286 indulto
823 2251 1004 2286 huiusmodi
1039 2260 1072 2287 et

315 2300 398 2335 dicto
425 2300 546 2334 Ordine
574 2300 702 2334 fecerint
732 2301 936 2335 mentionem.

364 2354 379 2392 ξ
404 2352 459 2384 51.
484 2349 665 2388 Caeterum,
689 2362 760 2384 cnm
791 2350 841 2384 fet.
868 2351 986 2384 record.
1017 2350 1067 2384 In-

316 2400 484 2433 nocentius
512 2399 594 2445 Papa
626 2398 665 2432 lV
695 2399 918 2446 praedeeessor
954 2408 1070 2438 noster.

314 2448 389 2482 olim
432 2449 558 2483 (luxerit
594 2448 818 2488 statuendum,
857 2456 888 2482 nt
922 2450 1070 2496 exempti,

314 2497 741 2552 quantacumquegiudeant
771 2498 929 2542 libertate,
962 2498 1070 2533 nihilo

315 2560 420 2581 miuus
452 2555 555 2581 tamen
591 2547 708 2581 ratione
736 2547 841 2581 delicti
874 2556 1070 2582 5311003113-

313 2605 383 2630 ctus
409 2604 462 2630 aut
499 2597 539 2630 tei
563 2596 601 2630 dc
624 2608 684 2643 qua
712 2605 818 2630 contra
843 2596 926 2642 ipsos
953 2597 1070 2643 agitur,

315 2646 370 2680 rite
388 2645 507 2692 possint
526 2657 630 2680 coram
652 2645 790 2680 locorum
808 2646 977 2681 ordinariis
998 2659 1072 2681 con-

1749 277 1817 308 ,373

1118 336 1227 379 veniri,
1256 345 1285 370 et
1321 338 1362 372 illi
1386 340 1489 385 quoad
1524 340 1582 374 lioc
1617 353 1704 374 snam
1741 342 1769 375 in
1809 342 1868 376 illis

1116 388 1364 425 iurisdictionem
1383 420 1390 431 ,
1427 401 1518 439 prout.
1542 393 1590 427 ius
1625 394 1745 440 exigit,
1778 409 1868 431 exer-

1115 454 1202 483 cere,
1218 456 1274 477 nos
1289 444 1376 479 vobis
1398 454 1429 479 nt
1453 447 1618 481 occasione
1635 449 1869 486 constitutionis

1116 496 1296 531 huiusmodi
1339 499 1461 534 nullum
1486 500 1680 536 libertatibus
1706 512 1737 537 et
1760 505 1868 540 immu-

1116 549 1276 591 nitatibus
1296 553 1384 587 vobis
1406 562 1435 587 et
1457 553 1568 588 Ordini
1599 564 1712 596 vestro,
1736 569 1790 603 per
1813 560 1867 605 pri-

1116 603 1221 649 vilegia
1245 614 1275 639 et
1299 606 1509 653 indulgentias
1529 607 1568 641 ab
1591 609 1769 655 Apostolica
1787 611 1870 647 Sede

1115 668 1281 693 concessas
1304 660 1349 694 vel
1387 660 1416 694 in
1446 668 1604 707 posterum
1639 663 1869 703 concedendas,

1116 712 1345 757 praeiudicium
1369 723 1549 760 generetur,
1577 717 1762 751 anctoritate
1786 732 1871 765 prae-

1114 767 1248 800 sentium
1274 768 1487 814 indulgemus,
1510 768 1717 804 decernentes
1740 784 1794 806 vos
1816 786 1868 807 seu

1116 832 1267 866 personas
1296 822 1387 856 vestri
1411 821 1554 865 Ordinis,
1584 823 1612 856 in
1637 824 1806 869 praedictis
1824 840 1869 861 (a

1114 873 1203 908 sibus
1219 902 1226 913 ,
1254 875 1422 910 ordinariis
1441 876 1519 923 ipsis
1542 876 1672 911 minime
1690 878 1866 914 subiacere.

1171 927 1191 973 S
1232 932 1289 962 52.
1332 929 1539 964 Decernimus
1573 943 1648 976 ergo
1683 931 1804 967 irritum
1840 943 1868 968 et

1115 980 1206 1015 inane
1234 983 1386 1029 quicquid
1422 992 1529 1018 contra
1565 991 1703 1018 tenorem
1739 998 1869 1021 conces-

1114 1033 1253 1075 sionum,
1293 1036 1553 1071 constitutionum
1588 1045 1618 1070 et
1646 1037 1868 1074 inliibitionum

1116 1087 1298 1122 huiusmodi
1325 1102 1380 1135 per
1402 1102 1621 1137 quoscumque
1646 1091 1739 1126 fuerit
1766 1101 1869 1127 atten-

1115 1148 1226 1184 tatum,
1240 1152 1269 1176 et
1285 1143 1452 1187 interdicti,
1468 1145 1686 1190 suspensionis
1701 1154 1730 1179 et
1746 1158 1870 1180 excom-

1115 1195 1338 1230 municationis
1369 1197 1563 1236 sententias,
1591 1198 1615 1231 si
1649 1210 1726 1244 quas
1762 1207 1867 1233 contra

1114 1250 1349 1295 concessiones,
1384 1251 1627 1285 constitutiones
1649 1260 1678 1286 et
1707 1252 1869 1286 inhibitio-

1116 1314 1171 1336 nes
1211 1304 1336 1337 easdem
1366 1305 1395 1338 in
1425 1317 1479 1339 vos
1507 1305 1552 1338 vcl
1578 1315 1713 1339 vestrum
1748 1306 1870 1353 aliquos

1116 1356 1161 1389 vel
1202 1357 1267 1391 loca
1309 1366 1431 1402 vestra,
1469 1371 1524 1393 sen
1566 1359 1782 1393 benefactores
1823 1361 1868 1393 vel

1115 1418 1300 1445 executores
1332 1420 1384 1446 331
1407 1411 1560 1447 haeredes
1595 1411 1771 1458 praedictos
1805 1413 1870 1446 im—

1116 1472 1274 1510 posterum
1304 1466 1494 1512 promulgari
1528 1466 1708 1512 contigerit,
1745 1466 1869 1512 penitus

1116 1530 1177 1552 non
1201 1527 1317 1553 tenere.
1347 1519 1430 1554 Nulli
1453 1533 1539 1566 ergo,
1565 1528 1618 1554 etc.

1164 1571 1278 1607 Datum
1303 1573 1477 1613 Avenione,
1505 1576 1527 1607 2
1547 1586 1646 1608 nonas
1662 1574 1776 1614 martii,
1793 1587 1871 1620 pon-

1115 1625 1250 1660 tificatus
1278 1627 1375 1660 nostri
1398 1640 1480 1661 anno
1507 1636 1632 1674 quarto.

1154 1686 1215 1716 Dat.
1240 1687 1288 1717 dic
1303 1688 1321 1717 6
1343 1688 1440 1717 martii
1460 1688 1544 1725 1374,
1570 1689 1670 1726 pontif.
1690 1698 1767 1718 anno
1791 1698 1828 1718 lv.

1447 1875 1530 1910 XlX.

1117 1959 1285 1992 Danmatio
1312 1960 1412 2003 lequm
1432 1969 1483 1991 seu
1509 1969 1647 1990 errorum
1670 1958 1701 1990 ιη
1724 1959 1869 1992 Saxoni'a

1162 2011 1334 2058 Speculum
1358 2012 1518 2046 Saxonum
1535 2018 1792 2056 nuncupatorum,
1817 2024 1868 2045 eo-

1163 2069 1358 2111 rumdemque
1384 2067 1559 2111 sequacium
1599 2078 1667 2099 ειιιη
1697 2078 1868 2110 poenarum

1162 2121 1353 2164 impositione
1376 2122 1432 2164 (l).

1381 2207 1596 2238 SUtttMAntUM

1115 2279 1302 2309 Prooemium.
1321 2297 1359 2301 —
1377 2280 1401 2308 t.
1421 2279 1512 2317 Leges
1530 2279 1689 2309 Saxonicae
1713 2280 1758 2315 (de
1773 2280 1867 2317 quibus

1154 2326 1210 2363 hic)
1230 2325 1322 2354 sacris
1338 2324 1501 2354 canonibus
1521 2324 1692 2353 contrariae.
1711 2341 1750 2345 —
1768 2324 1795 2353 2.
1812 2324 1867 2353 Eas

1153 2369 1296 2404 annullat,
1325 2369 1482 2407 irritasque
1505 2368 1635 2397 declarat
1657 2367 1797 2397 Pontifex:
1828 2385 1867 2389 —

1154 2413 1180 2442 3.
1205 2412 1263 2442 Nec
1287 2422 1342 2441 non
1368 2421 1523 2450 processus
1551 2412 1618 2442 inde
1641 2412 1801 2441 confectos.
1830 2428 1867 2433 —

1152 2458 1180 2487 4.
1217 2456 1391 2486 lntentatum
1423 2457 1577 2486 anatliema
1611 2456 1714 2486 iisdem
1745 2457 1866 2495 posthac

1154 2501 1315 2531 utentibus:
1343 2517 1382 2522 -—-
1410 2501 1436 2530 5,
1458 2500 1618 2539 Rogatique
1642 2500 1806 2539 principes,
1837 2504 1867 2529 ut

1154 2555 1202 2574 eas
1221 2545 1358 2583 ablegent
1380 2544 1510 2573 omnino.
1534 2561 1572 2566 —
1594 2546 1622 2574 6.
1644 2544 1739 2574 Tenor
1762 2544 1866 2574 113135-

1155 2590 1232 2619 modi
1257 2589 1365 2627 legum.
1388 2606 1426 2610 —
1450 2590 1475 2618 7.
1495 2589 1662 2618 Clausutae.

1149 2660 1188 2695 (t)
1205 2660 1243 2686 Ex
1265 2659 1368 2694 Regest.
1384 2659 1415 2695 ι13
1436 2659 1547 2686 Archiv.
1569 2660 1652 2686 Vatic.

1887 287 1934 312 Λιι.
1949 289 1976 312 (ἶ.
2000 288 2063 313 15711

1900 948 2006 967 ᾹῙΙΜΙΜΙΛ

1884 982 1968 997 rnntrnr

1883 1011 1954 1028 tantur

2047 955 2066 968 tn

1972 985 2011 998 ΙΙΠΓΙ
2022 986 2069 999 ῙΓΓΙ·
