2274 3265
216 283 265 310 An.
284 283 313 310 C.
330 284 395 310 «355

228 636 253 655 lis
266 642 315 657 vero
330 640 382 656 rann

214 672 260 685 nom
277 673 350 693 quovis
362 674 397 686 an<

214 703 239 715 nn
260 698 346 716 reddant
371 699 396 718 du

213 730 306 753 receptis
322 731 341 747 et
359 733 396 748 u-

214 762 284 782 poims
301 758 395 779 abbates.

461 276 531 307 '554

412 340 471 373 bus
500 340 634 384 receptis
653 346 682 373 et
702 340 850 385 ‹xpensis
872 352 975 374 corun
1001 341 1159 387 praedit-to

411 388 522 423 abbate
546 388 590 422 vel
617 388 759 434 regimini
793 389 1012 434 praesidente,
1039 402 1074 424 ac
1108 403 1160 425 se-

412 437 554 471 nioiibns
580 437 619 471 dc
652 445 807 471 conventu
845 438 944 485 ipsius
979 440 1159 474 monastirii

411 499 466 520 seu
496 486 553 520 loci
590 486 818 530 conventualis,
846 496 1011 522 teneantur
1043 488 1159 534 plenis-

411 536 522 570 simam
545 543 574 569 et
598 534 722 569 fidelem
749 536 879 572 reddere
903 537 1067 571 rationem.

460 585 480 631 S
505 587 558 618 ll.
595 584 732 619 Abbates
758 586 850 619 etiam
883 586 929 620 vel
954 586 1160 632 regiminibus

386 648 397 651 ·
413 633 647 678 praesidenteS,
674 646 778 668 coram
803 635 896 669 dictis
918 635 1098 669 senioribus
1131 644 1160 669 et

413 682 564 718 bursariis
601 683 692 717 annis
730 683 863 729 singulis
890 684 928 718 de
968 684 1102 730 receptis
1131 692 1160 718 et

411 732 556 779 expensis
579 744 633 778 per
657 744 711 766 eos
760 734 883 779 plenam
909 741 939 766 et
967 733 1092 766 fidelem
1118 745 1161 767 ra-

412 781 528 815 tionem
555 781 685 815 reddere
718 789 894 816 teneantur.
929 781 1159 828 Recipiantqne

412 830 471 877 ipsi
485 830 625 874 abbates,
641 831 686 864 vel
707 830 917 876 regiminibus
935 831 1160 876 praesidentes,

410 892 426 913 3
450 879 542 914 dictis
571 879 722 913 bursariis
750 880 901 926 pecunias
933 892 989 926 pro
1011 879 1160 926 expensis

411 940 533 963 eorum.
558 928 596 962 Et
621 928 646 962 si
675 927 751 962 dum
777 929 833 975 ipsi
861 936 946 963 extra
970 929 1159 963 monasteria

411 977 456 1011 vel
479 977 539 1012 alia
562 977 779 1012 conventualia
803 977 869 1012 loca
892 990 1000 1012 eorum
1025 990 1161 1012 accesse-

412 1027 486 1066 rint,
515 1039 569 1061 eos
598 1026 748 1074 pecunias
770 1028 932 1073 contingat
954 1027 993 1061 de
1017 1039 1161 1073 proven—

410 1075 493 1110 tibus
521 1075 797 1117 monasteriorum,
823 1088 879 1110 seu
916 1076 1056 1110 locorum
1089 1088 1162 1110 con-

412 1124 603 1160 ventualium
627 1136 750 1165 eorum,
773 1134 823 1159 aut
852 1125 981 1159 aliunde
1005 1125 1159 1172 recipere,

411 1173 593 1209 huiusmodi
618 1174 769 1221 pecunias
792 1175 822 1208 in
851 1175 990 1221 ipsorum
1016 1186 1158 1220 regressu

410 1223 532 1258 tradant
568 1223 721 1257 bursariis
745 1224 940 1270 praelibatis,
971 1224 1162 1270 computatis

368 1282 371 1285 ·
408 1274 433 1306 si
470 1285 549 1319 quas
584 1272 723 1319 deipsis
758 1273 900 1318 pecuniis
922 1273 1160 1319 experiderttn12

227 1769 254 1789 De
265 1773 395 1789 visitatorum

213 1805 308 1824 nanneto,
327 1800 396 1821 offitio

212 1834 231 1850 et
242 1832 395 1852 evectionibus.

408 1321 537 1356 abbates
565 1334 638 1356 vero
660 1334 714 1356 sen
744 1321 812 1356 aliis
841 1322 1048 1367 regiminibus
1072 1334 1160 1368 prae·

408 1371 563 1412 sidentes
591 1371 615 1405 si
636 1383 728 1406 secus
750 1379 916 1414 attentare⁷
952 1371 999 1405 vel
1021 1371 1079 1406 sibi
1102 1371 1161 1406 alia

410 1421 544 1455 retinere
573 1421 853 1466 praesumpserint,
876 1420 915 1454 ab
939 1420 1083 1466 ingressu
1106 1421 1162 1455 Ee-

408 1470 522 1504 clesiae
554 1481 590 1504 ac
623 1469 739 1504 divinis
772 1470 905 1512 officiis,
942 1479 1011 1516 post
1037 1470 1160 1516 lapsum

409 1519 542 1553 duorum
563 1519 719 1553 mensium
748 1531 762 1552 a
787 1519 837 1553 die
860 1532 1022 1565 regressus
1051 1520 1162 1554 liuius-

410 1567 493 1603 modi
527 1568 828 1614 computamlorum,
865 1568 983 1602 tamdiu
1013 1569 1160 1614 suspensi

410 1616 561 1661 existant,
588 1617 691 1651 donec
710 1629 745 1651 ea
770 1618 892 1651 tradant
916 1617 1066 1651 bursariis
1094 1630 1163 1652 me-

410 1666 549 1700 moratis.

459 1715 551 1761 §12⁴
581 1715 678 1750 Porro
705 1716 777 1763 quia
803 1728 857 1762 per
886 1716 1073 1750 visitationis
1104 1728 1162 1750 ac—

411 1771 497 1809 tum,
524 1765 563 1799 de
592 1765 651 1799 vita
679 1773 709 1800 et
743 1766 983 1800 conversatione
1020 1765 1162 1805 illorum,

411 1813 464 1860 qui
490 1814 666 1855 visitantur,
688 1814 874 1861 exquiritur,
887 1823 916 1849 et
933 1827 987 1862 per
1009 1827 1080 1849 enm
1098 1815 1164 1849 sin-

412 1875 482 1898 cere
509 1864 602 1898 debet
633 1863 839 1898 correctionis
873 1872 903 1898 et
932 1864 1165 1899 reformationis

412 1912 551 1948 officium
575 1913 731 1951 exerceri,
766 1925 824 1947 nec
854 1913 985 1960 proinde
1015 1915 1058 1958 Ιιί,
1081 1914 1163 1948 iuxta

412 1963 581 1997 canonicas
624 1963 716 1997 etiam
751 1963 948 2006 sanctiones,
993 1964 1165 2018 snperlluis

413 2020 487 2046 sunt
508 2011 681 2059 impendiis
706 2012 916 2058 aggravandi,
939 2014 1108 2047 statuimus
1130 2025 1165 2047 ac

413 2062 506 2096 etiam
529 2062 726 2105 ordinamus
747 2040 845 2109 tquod
881 2062 1054 2096 visitatores
1090 2062 1163 2096 dieti

414 2111 534 2146 ordinis
562 2111 591 2145 in
615 2110 720 2158 aliquo
749 2112 938 2145 monasterio
962 2124 1017 2158 per
1039 2124 1094 2145 eos
1121 2112 1166 2145 vi-

414 2159 562 2201 sitando,
598 2169 765 2208 antequam
805 2160 944 2194 officium
982 2161 1167 2195 visitationis

415 2210 586 2257 incipiant,
622 2210 679 2244 nisi
714 2210 811 2257 prima
840 2209 908 2254 die,
935 2222 997 2256 qua
1030 2210 1169 2244 declina-

415 2259 494 2294 bunt
521 2259 558 2294 ad
596 2259 690 2303 illud,
727 2259 847 2294 valeant
882 2259 1054 2299 demorari3
1083 2267 1111 2293 et
1141 2260 1166 2293 si

416 2321 544 2343 manere
567 2308 608 2343 ibi
630 2309 799 2347 voluerint,
822 2309 967 2355 sequenti
997 2309 1047 2343 die
1071 2308 1168 2342 duin—

416 2366 498 2393 taxat
525 2358 553 2392 id
583 2358 703 2392 licitum
723 2358 762 2392 sit
786 2358 917 2392 eisdem.
947 2358 984 2392 Et
1007 2358 1091 2404 qnod
1118 2359 1168 2391 vi-

416 2408 578 2442 sitationes
620 2407 649 2441 in
692 2407 803 2442 eodem
849 2407 960 2442 ordine
1009 2407 1168 2441 faciendae

417 2456 568 2502 deinceps
595 2469 656 2490 non
685 2456 801 2491 durent
830 2457 908 2492 ultra
932 2457 1072 2491 triduum
1093 2468 1169 2491 eon-

419 2506 553 2545 tinuum,
578 2506 634 2540 nisi
649 2518 806 2553 apparens
830 2507 1003 2541 necessitas
1027 2505 1072 2541 vel
1100 2518 1170 2539 ma-

418 2568 477 2602 gna
505 2555 623 2590 utilitas
656 2555 837 2590 monasterii
879 2556 991 2590 visitati
1025 2555 1092 2589 dies
1120 2568 1171 2590 ex-

421 2612 562 2651 posceret
583 2605 769 2652 ampliores:
806 2604 955 2652 qnodque
984 2605 1035 2639 ille
1065 2604 1170 2638 visita-

421 2662 479 2695 tor,
501 2654 554 2702 qui
578 2654 656 2688 ultra
681 2654 765 2702 ipsos
795 2655 972 2702 praedictos
995 2654 1076 2689 ‹lnos
1091 2654 1170 2699 dies,

993 287 1051 308 nm
1055 287 1071 309 Ι
1078 287 1151 308 -ttttt
1155 287 1178 308 'tt
1203 286 1362 309 ttoataa'ttat

1205 341 1249 375 vel
1274 340 1354 375 ultra
1380 339 1553 387 praelatum
1583 339 1736 380 triduum,
1759 340 1878 387 absque
1902 353 1953 375 ne-

1204 390 1349 424 cessitate.
1375 389 1420 423 vel
1446 389 1577 423 utilitate
1612 388 1791 434 praedictis,
1824 390 1950 424 easdem

1204 439 1398 473 visitationes
1422 450 1589 484 prorogare
1625 438 1887 483 praesumpserit,
1926 439 1951 473 si

1202 488 1297 522 abbas
1325 488 1427 530 luerit,
1450 488 1490 521 sit
1512 501 1528 521 a
1551 486 1641 521 stallo
1663 487 1749 521 cbori
1767 496 1796 520 et
1820 486 1887 522 loco
1901 500 1953 521 ca-

1205 536 1295 583 pituli
1320 536 1527 571 3ὺΙ)-ιῐί3ΙίΙ)ιι5
1561 548 1615 583 per
1644 548 1742 570 unum
1766 543 1951 582 sequentem

1202 598 1320 620 annnm
1349 599 1385 620 eo
1413 586 1481 632 ipso
1509 597 1696 632 suspensus
1724 593 1753 618 et
1787 585 1899 619 sedere
1923 598 1951 619 m

1202 635 1292 669 stallo
1327 643 1357 669 et
1393 634 1461 669 loco
1488 634 1616 681 capituli
1654 634 1783 668 remotis
1813 646 1829 668 a
1856 634 1954 669 stallis

1203 684 1272 718 aliis
1288 692 1317 718 et
1340 684 1418 718 locis
1434 683 1644 718 abbatialibus
1661 691 1821 723 teneatnr;
1841 683 1865 716 si
1882 695 1953 717 vero

1204 732 1294 766 fuerit
1320 744 1485 775 monacus,
1508 744 1545 767 eo
1560 733 1628 779 ipso
1647 732 1686 765 sit
1710 744 1764 779 per
1780 745 1877 766 unum
1898 745 1955 766 an·

1205 794 1278 815 num
1307 791 1493 828 sequentem
1530 781 1677 816 inliabilis
1711 781 1748 815 ad
1774 781 1954 828 quodcum—

1203 843 1263 876 que
1286 830 1423 865 ollicium
1447 839 1475 864 et
1499 830 1804 866 administrationem
1829 843 1885 865 seu
1904 844 1954 876 gn-

1205 879 1423 913 bernationem
1451 880 1480 913 in
1505 879 1616 914 eodem
1640 880 1750 915 ordine
1772 880 1953 915 obtinenda.

1203 928 1242 962 Et
1267 928 1475 962 nibilominus
1499 941 1553 975 per
1575 941 1627 963 sex
1645 942 1771 963 menses
1786 938 1956 984 sequentes

1204 978 1232 1011 in
1258 989 1336 1022 pane
1364 986 1393 1012 et
1421 990 1499 1024 aqua
1523 978 1553 1011 in
1576 990 1634 1013 suo
1659 979 1848 1013 monasterio
1877 979 1956 1013 ieiu-

1204 1038 1278 1060 nare
1317 1026 1455 1073 qnalibet
1488 1035 1572 1061 sexta
1609 1027 1684 1061 sei-ia
1725 1035 1884 1068 teneatur;
1926 1036 1957 1062 et

1202 1075 1285 1122 qnod
1309 1076 1428 1110 similes
1457 1088 1573 1122 poenas
1601 1076 1761 1110 incurrant
1782 1076 1911 1111 abbates
1927 1086 1956 1111 et

1205 1125 1340 1165 monaci
1369 1125 1422 1171 qni
1447 1125 1634 1159 visitationis
1662 1125 1831 1159 offitium
1826 1138 1956 1172 impen-

1203 1173 1324 1213 dendo,
1355 1186 1521 1208 numerum
1550 1175 1774 1213 evectionum
1812 1186 1869 1221 pei
1904 1174 1954 1209 fel.

1205 1235 1303 1257 recor.
1332 1223 1530 1258 Clementem
1565 1223 1680 1268 Papam
1701 1223 1742 1257 lV
1767 1223 1956 1270 praedeces-

1203 1284 1305 1306 sorem
1331 1281 1472 1306 nostrnm
1496 1285 1593 1319 super
1616 1272 1675 1307 lioc
1695 1281 1846 1316 taxatum,
1869 1285 1958 1307 exce-

1203 1321 1288 1356 dent.
1312 1321 1377 1356 Nec
1396 1330 1593 1368 praesumant
1609 1322 1784 1356 visitatores
1805 1322 1863 1369 ipsi
1884 1330 1956 1357 ante

1204 1370 1387 1405 huiusmodi
1412 1383 1520 1406 eorum
1545 1371 1752 1405 visitationem
1777 1372 1822 1406 vel
1842 1372 1872 1405 in
1891 1373 1957 1418 ipsa

1203 1432 1258 1454 seu
1297 1428 1365 1467 post
1392 1433 1478 1464 eam,
1511 1420 1677 1455 occasione
1705 1420 1805 1455 dictae
1842 1421 1958 1456 visita-

1205 1469 1298 1503 tionis
1333 1469 1460 1516 aliquod
1490 1481 1607 1504 munns
1634 1479 1818 1517 suspectum
1848 1483 1903 1516 per
1925 1483 1958 1505 se

1206 1519 1250 1552 vel
1274 1519 1371 1552 alium
1401 1519 1559 1566 recipere,
1584 1531 1640 1553 nec
1669 1519 1745 1553 illud
1769 1532 1785 1553 a
1813 1519 1881 1554 suis
1908 1532 1958 1554 re-

1205 1568 1264 1613 cipi
1301 1568 1499 1614 permittant3
1536 1580 1692 1614 expensas
1727 1576 1845 1613 tamen,
1881 1581 1959 1615 quas

1206 1618 1337 1651 fecerint
1360 1617 1397 1651 ad
1422 1618 1580 1651 visitatum
1605 1618 1831 1652 monasterium
1852 1618 1957 1653 eundo

1205 1675 1234 1701 et
1268 1666 1307 1700 de
1335 1668 1402 1713 ipso
1443 1666 1624 1707 redeundo⁷
1667 1667 1804 1713 recipere
1839 1667 1960 1702 valeant

1206 1717 1289 1750 iuxta
1314 1716 1543 1750 ordinationem
1567 1728 1663 1763 super
1685 1716 1745 1750 hoc
1772 1716 1882 1751 factam
1906 1729 1960 1764 per

1205 1765 1404 1800 Clementem
1433 1765 1593 1799 eumdem.

1255 1815 1275 1861 g
1306 1817 1361 1849 15.
1396 1814 1456 1849 Ubi
1493 1823 1597 1850 autem
1634 1826 1648 1848 a
1677 1814 1870 1849 monasterio
1898 1815 1956 1849 iam

1208 1865 1329 1899 visitato
1346 1876 1444 1911 nsque
1461 1864 1497 1898 ad
1519 1864 1745 1899 monasterium
1762 1864 1956 1899 visitandum

1206 1913 1330 1960 aliquod
1361 1914 1405 1947 vel
1437 1914 1539 1960 aliqua
1573 1914 1762 1949 monasteria
1794 1914 1823 1947 in
1849 1914 1958 1949 itinere

1208 1964 1377 1997 constituta
1407 1964 1580 2003 extiterint,
1616 1963 1653 1997 ad
1682 1976 1761 2010 quae
1785 1963 1857 1997 dicti
1885 1964 1959 1997 visi-

1209 2021 1323 2046 [atores
1347 2013 1468 2059 possint
1501 2013 1668 2047 commode
1696 2013 1871 2052 declinare,
1900 2013 1960 2048 lioc

1209 2062 1264 2108 ipsi
1288 2062 1413 2096 efficere
1437 2062 1577 2103 valeant;
1601 2062 1745 2109 dictaque
1770 2063 1959 2097 monasteria

1209 2111 1312 2145 taliter
1333 2112 1504 2146 constituta
1531 2111 1658 2146 eosdem
1684 2112 1858 2145 visitatores
1877 2112 1961 2146 cari-

1210 2162 1302 2195 tative
1335 2161 1493 2207 recipere,
1516 2160 1729 2207 decenterque
1757 2169 1902 2200 tractare,
1925 2173 1961 2195 ac

1210 2210 1254 2244 eis
1278 2209 1443 2257 providere
1475 2210 1504 2243 in
1530 2209 1719 2244 victualibus
1741 2217 1908 2244 teneantur
1931 2218 1962 2244 et

1212 2272 1267 2306 pro
1290 2259 1416 2301 diebus,
1438 2258 1555 2306 quibus
1578 2259 1613 2293 ad
1638 2258 1819 2294 huiusmodi
1848 2260 1964 2294 consti-

1212 2317 1290 2348 tuta,
1314 2309 1561 2355 nt1›i‘aefei·‚tur
1597 2309 1786 2343 monasteria
1821 2308 1963 2343 declina-

1211 2358 1303 2400 bunt,
1330 2366 1358 2391 et
1381 2358 1444 2398 eis,
1481 2366 1511 2391 ut
1537 2359 1770 2405 praetangitur,
1805 2359 1961 2405 provisum

1212 2406 1365 2446 extiterit,
1401 2407 1502 2441 nullas
1535 2419 1689 2462 expensas
1712 2407 1831 2454 possint
1855 2419 1871 2441 a
1894 2419 1963 2442 mo-

1213 2456 1350 2490 ιι351ιιίο
1377 2468 1431 2490 seu
1456 2456 1534 2491 locis
1562 2456 1703 2503 recipere
1732 2457 1869 2491 visitatis.
1898 2456 1963 2491 ΑΙ)-

1213 2505 1267 2540 bas
1290 2515 1392 2539 antem
1409 2513 1516 2540 contra
1531 2505 1687 2553 praedicta
1711 2505 1880 2553 recipiens,
1904 2506 1962 2540 nisi

1215 2555 1292 2589 infra
1328 2555 1409 2589 dnos
1445 2568 1571 2590 menses
1596 2568 1610 2589 a
1640 2556 1820 2602 receptione
1848 2555 1963 2589 huius—

1215 2604 1299 2638 modi
1329 2604 1570 2650 computandos,
1589 2605 1635 2638 eis
1657 2618 1672 2638 a
1696 2605 1811 2651 quibus
1837 2617 1966 2651 recepe-

1215 2664 1277 2699 rat7
1302 2663 1462 2701 recoptmn
1493 2654 1644 2699 restituat,
1669 2654 1745 2701 ipsis
1767 2653 1892 2702 elapsis,
1910 2653 1965 2688 dn-

1968 286 2018 313 An.
2037 286 2065 313 C.
2083 286 2150 313 ¹555

1988 1825 2002 1845 Α
2022 1827 2160 1845 monasteriis

1979 1856 2158 1877 interiacentibus

1974 1889 2050 1907 victum
2078 1887 2159 1907 solum-

1974 1920 2035 1939 modo
2046 1919 2150 1945 recipiant
