2274 3265
84 240 131 266 An.
149 239 176 266 C.
197 240 261 266 ¹27&

899 236 1082 259 GREGORNJS

276 294 380 328 dimus
414 293 570 340 singulam
609 304 767 339 quamque
802 291 831 325 in
865 291 1017 325 Trinitate

276 355 451 389 personam,
475 356 570 377 unum
601 354 705 377 verum
741 342 853 383 Deum,
889 340 1016 387 plenum

275 401 305 427 et
349 392 532 440 perfectum.
570 392 735 426 Credimus
770 390 873 437 ipsum
901 389 1015 424 Filium

275 442 346 486 Dei,
369 442 508 477 Verbum
531 441 588 476 Dei
621 439 818 475 aeternaliter
845 447 949 473 natum
980 438 1018 473 de

275 491 377 531 Patre,
393 490 702 533 consubstantialem,
732 488 1016 535 coomnipotentem

275 549 304 576 et
330 542 489 588 aequalem
514 552 568 586 per
589 539 691 573 omnia
727 539 809 575 Patri
833 539 862 572 iu
897 538 1017 572 diviui-

276 599 346 635 tate,
371 590 582 637 temporaliter
605 597 709 623 uatum
733 588 770 622 de
792 587 912 635 Spiritu
944 587 1019 622 Sau-

275 649 324 675 eto
341 653 378 675 ex
397 640 492 674 Maria
514 651 640 684 semper
661 638 801 683 Virgine,
816 650 886 672 cum
914 638 1017 671 anima

276 688 429 729 rationali,
444 689 521 722 duas
536 687 701 722 habentem
721 687 905 725 nativitates,
925 700 1016 720 unam

275 751 310 773 ex
335 739 424 773 Patre
447 739 641 772 nativitatem
665 746 822 771 aeternam
845 764 853 781 ,
887 737 1015 771 alteram

275 801 311 823 ex
333 788 430 823 Matre
460 787 675 834 temporalem.
709 787 809 822 Deum
848 799 951 821 verum
988 795 1018 820 et

275 837 433 872 hominem
467 850 585 876 verum,
627 837 786 884 proprium
823 837 855 870 in.
889 844 1019 883 utraque

275 898 382 922 natura
401 897 492 935 atque
516 886 701 933 perfectum,
726 899 785 921 nou
824 886 1017 933 adoptivum,

276 949 333 971 nec
356 937 598 984 phantasticum,
621 936 675 971 sed
700 949 797 971 unum
829 944 859 970 et
892 936 1017 970 unicum

275 986 390 1021 Filium
413 986 482 1030 Dei,
507 987 536 1019 in
562 986 683 1020 duabus
707 995 735 1020 et
761 999 797 1020 ex
822 984 943 1019 duabus
971 998 1018 1019 na-

275 1037 364 1078 turis,
387 1037 490 1070 diviua
514 1036 632 1070 scilicet
654 1045 681 1069 et
707 1036 854 1077 humana,
878 1036 906 1068 in
927 1035 1019 1069 unius

277 1098 427 1132 personae
465 1086 690 1131 singularitate,
733 1084 957 1131 impassibilem
990 1091 1019 1117 et

276 1136 482 1169 immortalem
506 1135 678 1178 divinitate,
701 1135 754 1167 sed
780 1135 808 1166 in
830 1134 1019 1167 humanitate

277 1196 332 1230 pro
368 1184 457 1218 nobis
480 1191 509 1217 et
536 1184 633 1218 salute
654 1193 757 1218 nostra
785 1195 912 1229 passum
951 1195 1019 1217 vera

277 1233 380 1267 carnis
404 1233 559 1280 passione,
599 1242 754 1267 mortuum
786 1240 814 1266 et
847 1232 1019 1278 sepultum,

277 1290 304 1316 et
328 1282 532 1317 descendisse
555 1282 591 1316 ad
616 1282 741 1320 inferos,
779 1294 815 1315 ac
850 1281 936 1315 tertia
969 1281 1018 1314 die

276 1333 482 1366 resurrexisse
505 1345 519 1366 a
544 1332 674 1366 mortuis
698 1344 766 1365 vera
790 1331 890 1365 carnis
913 1343 1019 1365 resur-

277 1382 424 1423 rectione;
448 1382 497 1416 die
520 1381 759 1429 quadragesimo
784 1389 851 1427 post
886 1393 1018 1415 resurre-

276 1431 410 1465 ctionem
431 1444 501 1466 cum
537 1444 640 1471 carue,
675 1443 734 1477 qua
776 1431 956 1465 resurrexit.
989 1439 1017 1465 et

275 1483 375 1515 anima
399 1482 579 1516 ascendisse
603 1481 631 1514 in
666 1480 811 1523 coelum,
847 1489 876 1514 et
909 1481 1018 1515 sedere

275 1530 311 1564 ad
334 1531 490 1565 dexteram
517 1531 572 1565 Dei
597 1531 709 1573 Patris,
747 1530 818 1564 iude
854 1540 1017 1565 venturum

274 1580 411 1614 iudicare
435 1582 520 1615 rivos
542 1588 572 1615 et
595 1588 747 1624 mortuos,
770 1588 799 1614 et
822 1580 1017 1614 redditurum

274 1630 443 1675 unicuique
458 1630 634 1665 secuudum
659 1642 752 1676 opera
769 1642 836 1674 sua,
853 1630 919 1664 sive
938 1630 1018 1664 bona

275 1680 389 1713 fuerint
409 1680 473 1714 sive
497 1680 588 1714 mala.
612 1680 779 1715 Credimus
801 1688 830 1714 et
864 1679 1017 1726 Spiritum

274 1728 423 1764 Sanctum
469 1730 594 1777 plenum
637 1738 665 1764 et
700 1730 872 1776 perfectum
911 1742 1016 1763 verum

274 1778 390 1818 Deum,
413 1792 450 1814 ex
477 1780 569 1814 Patre
606 1778 750 1825 Filioque
783 1779 1017 1826 procedentem,

274 1829 464 1875 coaequalem
487 1837 517 1863 et
551 1829 863 1873 consubstantialem,
903 1837 931 1862 ct
965 1841 1018 1863 co-

274 1880 521 1925 omnipotentem
544 1887 574 1913 et
600 1887 788 1914 coaeternum
826 1892 880 1926 per
913 1880 1017 1913 omnia

275 1928 357 1962 Patri
379 1938 406 1962 et
433 1928 524 1963 Filio.
560 1928 729 1963 Credimus
762 1929 841 1963 hanc
871 1928 1016 1963 Sanctam

274 1978 471 2020 Trinitatem,
495 1990 555 2012 non
579 1986 640 2012 tres
668 1977 762 2023 Deos,
796 1979 849 2013 sed
889 1980 1016 2013 unicum

275 2026 376 2061 Deum
399 2028 657 2075 omnipotentem,
679 2036 841 2063 aeteruum
874 2037 903 2062 et
939 2028 1019 2062 invi-

275 2076 396 2111 sibilem
439 2085 469 2111 et
502 2078 800 2113 incommutabilem.
849 2077 1018 2112 Credimus

275 2135 412 2161 sanctam
434 2126 616 2161 catholicam
642 2135 671 2162 et
699 2128 898 2174 apostolicam
924 2140 1016 2161 unam

275 2187 343 2210 esse
366 2188 465 2210 veram
489 2176 674 2220 Ecclesiam,
699 2178 727 2211 iu
751 2190 809 2225 qua
841 2190 937 2212 unum
969 2178 1018 2211 da-

276 2232 324 2259 tur
349 2235 489 2260 sanctum
513 2226 677 2273 baptisma,
705 2236 735 2261 et
772 2240 841 2263 vera
876 2227 1016 2261 omnium

277 2275 418 2309 remissio
441 2285 647 2321 peccatorum.
668 2276 835 2311 Credimus
857 2278 948 2311 etiam
967 2290 1018 2311 ve—

276 2336 340 2357 ram
362 2325 622 2360 resurrectionem
646 2326 740 2361 huius
773 2327 873 2361 carnis
889 2355 896 2367 ,
924 2339 1015 2374 quam

277 2384 359 2407 nunc
382 2382 552 2420 gestamus,
576 2382 606 2408 et
629 2376 721 2410 vitam
744 2384 912 2410 aeternam.
937 2376 1017 2411 Cre-

276 2422 379 2457 dimus
395 2424 487 2457 etiam
516 2423 593 2457 Novi
614 2432 643 2457 et
666 2425 785 2460 Veteris
813 2426 1016 2465 Testamenti,

275 2471 378 2518 Legis,
411 2485 447 2507 ac
478 2472 705 2520 Prophetarum
741 2484 770 2509 et
792 2475 1015 2522 Apostolorum

274 2534 373 2557 unum
396 2535 464 2557 esse
487 2532 645 2557 auctorem
660 2523 762 2559 Deum
776 2536 811 2559 ac
833 2525 1016 2560 Dominum.

274 2571 359 2606 Haec
387 2581 432 2607 est
469 2585 536 2606 vera
574 2572 650 2607 fides
677 2573 840 2615 catholica,
876 2583 905 2610 et
939 2575 1018 2609 hanc

275 2621 465 2669 supradictis
487 2622 623 2657 articulis
646 2631 728 2657 tenet
746 2631 776 2658 et
789 2625 945 2671 praedicat
967 2637 1018 2659 sa-

1710 226 1754 257 ⁶27

1060 299 1221 324 crosaucta
1245 290 1382 324 Romana
1412 291 1561 325 Ecclesia:
1590 292 1645 327 sed
1681 302 1806 339 propter

1060 339 1200 374 diversos
1219 352 1352 383 errores,
1374 352 1389 374 a
1420 341 1607 387 quibusdam
1647 354 1682 376 ex
1715 343 1807 389 igno-

1061 389 1171 429 rantia,
1193 396 1223 422 et
1242 389 1280 423 ab
1302 389 1371 423 aliis
1393 402 1429 423 ex
1451 390 1562 424 malitia
1598 391 1805 435 introductos,

1060 438 1135 472 dicit
1159 446 1188 472 et
1211 438 1368 484 praedicat
1389 451 1454 478 eos,
1491 440 1544 486 qui
1582 450 1649 486 post
1687 441 1806 487 baptis-

1062 500 1146 522 mum
1172 488 1200 521 iu
1225 495 1349 534 peccata
1381 488 1540 533 labuntur,
1573 502 1632 523 nou
1670 491 1806 538 rebapti-

1060 536 1186 579 zandos,
1208 537 1262 571 sed
1287 549 1343 583 per
1367 550 1467 572 veram
1492 539 1714 584 poenitentiam
1737 553 1806 573 suo-

1061 600 1128 621 rum
1153 587 1302 633 consequi
1329 587 1447 621 veniam
1473 596 1685 634 peccatorum.
1712 589 1804 631 Quod

1060 636 1085 671 si
1113 648 1183 670 vere
1212 637 1406 682 poenitentes
1445 637 1473 670 in
1501 638 1627 672 caritate
1660 640 1805 674 decesse-

1062 686 1133 729 rint,
1155 693 1322 733 autequam
1351 685 1455 732 dignis
1490 688 1700 734 poeniteutiae
1735 688 1807 722 sru-

1061 736 1162 771 ctibus
1183 735 1221 770 de
1244 736 1421 770 commissis
1449 736 1657 772 satisfecerint
1676 739 1808 772 etouiis-

1060 787 1114 830 sis,
1153 798 1261 820 eorum
1288 786 1407 820 animas
1447 787 1556 832 poenis
1595 789 1807 834 purgatoriis,

1061 836 1119 871 hoc
1156 844 1202 870 est
1238 835 1410 870 catarteriis
1425 838 1481 879 (1),
1498 836 1580 871 sicut
1607 837 1697 872 nobis
1716 837 1808 874 frater

1062 886 1194 920 loannes
1220 885 1408 931 explanavit,
1448 893 1517 933 post
1561 895 1692 921 mortem
1730 901 1808 935 pur-

1060 936 1138 982 gari,
1165 943 1195 970 et
1217 935 1253 969 ad
1284 947 1398 981 poenas
1422 935 1602 970 huiusmodi
1626 936 1808 972 relevandas

1063 984 1210 1031 prodesse
1232 985 1277 1018 eis
1301 984 1440 1018 fidelium
1469 986 1610 1020 vivorum
1649 986 1807 1034 suffragia,

1062 1035 1227 1068 missarum
1250 1033 1371 1067 scilicet
1392 1034 1555 1074 sacrificia,
1584 1036 1740 1071 orationes
1778 1048 1808 1071 et

1061 1084 1288 1131 eleemosynas,
1311 1092 1339 1116 ct
1366 1083 1422 1117 alia
1449 1083 1570 1129 pietatis
1596 1085 1709 1126 officia,
1728 1098 1808 1133 quae

1061 1146 1075 1167 a
1105 1133 1248 1167 fidelibus
1271 1144 1325 1178 pro
1347 1132 1415 1166 aliis
1446 1133 1591 1168 fidelibus
1626 1135 1691 1169 fieri
1731 1147 1808 1170 con-

1061 1190 1241 1226 sueverunt,
1269 1181 1444 1216 secundum
1468 1181 1627 1218 Ecclesiae
1655 1184 1806 1219 instituta.

1061 1231 1188 1265 Illorum
1217 1240 1319 1265 autem
1343 1231 1475 1274 animas,
1494 1232 1547 1278 qui
1582 1241 1649 1279 post
1685 1246 1806 1269 sacrum

1062 1281 1222 1326 Baptisma
1245 1288 1439 1326 susceptum,
1457 1281 1574 1316 nullam
1594 1282 1722 1317 omniuo
1740 1296 1808 1330 pec-

1060 1332 1118 1365 cati
1164 1331 1315 1364 maculam
1358 1330 1568 1371 incurrerunt3
1599 1332 1664 1367 illas
1703 1334 1807 1373 etiam,

1060 1392 1138 1427 quae
1162 1389 1231 1427 post
1259 1388 1450 1414 contractam
1478 1382 1597 1428 peccati
1639 1383 1807 1422 maculam.

1061 1430 1107 1465 vel
1136 1430 1165 1464 in
1197 1431 1264 1464 suis
1308 1438 1470 1465 manentes
1509 1431 1720 1478 corporibus,
1760 1433 1806 1467 vel

1060 1480 1177 1515 eisdem
1217 1488 1340 1520 exutae,
1375 1487 1466 1526 prout
1504 1482 1651 1528 superius
1688 1482 1806 1517 dictum

1061 1538 1117 1570 est,
1141 1538 1214 1564 suut
1237 1538 1393 1576 purgatae,
1416 1542 1487 1565 mox
1503 1530 1532 1565 in
1552 1531 1675 1567 eoelum
1699 1533 1805 1580 recipi.

1062 1580 1187 1614 lllorum
1220 1589 1324 1615 autem
1359 1580 1490 1623 animas,
1528 1582 1580 1628 qui
1617 1581 1647 1615 in
1684 1584 1805 1617 mortali

1062 1630 1343 1676 peccato,velcum
1368 1630 1434 1665 solo
1456 1631 1612 1678 originali,
1637 1631 1805 1670 decedunt,

1061 1692 1132 1714 mox
1180 1679 1210 1714 in
1259 1680 1413 1714 iuseruum
1455 1680 1658 1723 descendere,
1695 1683 1806 1730 poeuis

1061 1737 1163 1764 tamen
1187 1729 1367 1777 disparibus
1391 1730 1575 1776 puniendas.
1605 1731 1723 1765 Eadem
1762 1745 1808 1766 sa-

1061 1788 1220 1815 crosancta
1249 1780 1389 1815 Ecclesia
1418 1780 1561 1815 Romana
1587 1781 1717 1816 firmiter
1743 1793 1809 1815 cie-

1061 1829 1116 1874 dit,
1150 1837 1179 1864 et
1216 1830 1346 1864 firmiter
1379 1838 1548 1870 asseverat,
1583 1830 1666 1877 quod
1690 1830 1806 1865 nihilo-

1062 1880 1166 1914 minus
1203 1880 1233 1913 in
1266 1879 1316 1913 die
1352 1879 1481 1924 iudicii,
1515 1892 1626 1915 omnes
1666 1880 1807 1916 homiues

1060 1938 1130 1964 ante
1158 1929 1291 1964 tribunal
1315 1929 1429 1964 Christi
1448 1943 1520 1964 cum
1534 1931 1601 1964 suis
1623 1931 1808 1977 corporibus

1061 1979 1298 2026 comparebunt,
1327 1979 1477 2014 reddituri
1501 1980 1539 2013 de
1563 1980 1696 2026 propriis
1720 1980 1807 2015 factis

1061 2030 1224 2064 rationem.
1247 2029 1346 2063 Tenet
1373 2030 1478 2072 etiam,
1505 2037 1535 2064 et
1570 2029 1661 2064 docet
1697 2030 1804 2063 eadem

1060 2086 1164 2113 sancta
1212 2078 1353 2113 Romana
1398 2079 1548 2119 Ecclesia,
1584 2088 1703 2125 septem
1739 2092 1806 2113 esse

1060 2128 1266 2163 ecclesiastica
1312 2137 1516 2169 sacramenta,
1552 2141 1650 2163 unum
1689 2128 1805 2163 scilicet

1060 2178 1232 2225 Baptisma,
1255 2178 1294 2212 de
1309 2191 1372 2225 quo
1391 2179 1509 2213 dictum
1525 2186 1573 2213 est
1595 2191 1701 2226 supra;
1723 2178 1804 2213 aliud

1060 2237 1106 2262 est
1145 2236 1374 2263 sacramentum
1414 2227 1682 2271 Confirmatiouis,
1721 2228 1803 2275 quod

1062 2290 1115 2324 per
1138 2290 1287 2312 manuum
1311 2278 1543 2325 impositionem
1567 2277 1707 2325 episcopi
1735 2290 1805 2312 con-

1062 2328 1175 2371 l'erunt,
1215 2327 1414 2361 chrismando
1453 2335 1601 2368 renatos;
1637 2326 1719 2361 aliud
1759 2336 1803 2361 est

1061 2376 1287 2417 Poenitentiae;
1334 2376 1418 2411 aliud
1459 2375 1685 2417 Eucharistiae;
1721 2375 1804 2410 aliud

1060 2436 1288 2461 sacramentum
1317 2426 1456 2466 Ordinis,
1493 2425 1577 2459 aliud
1617 2433 1664 2460 est
1698 2425 1805 2461 Matri-

1060 2476 1213 2517 monium;
1236 2475 1318 2510 aliud
1343 2475 1486 2509 Extrema
1514 2474 1640 2516 Unctio,
1663 2487 1743 2522 quae
1760 2488 1807 2510 sc-

1060 2525 1198 2560 cundum
1227 2525 1401 2560 doctrinam
1424 2524 1460 2558 B.
1503 2524 1604 2559 iacobi
1642 2525 1805 2560 infirman-

1060 2575 1145 2610 tibus
1171 2575 1348 2610 adhibetur.
1376 2574 1615 2609 Sacramentum
1649 2574 1804 2610 Euchari-

1094 2638 1132 2674 (1)
1153 2638 1173 2664 Α
1194 2645 1286 2672 graeco
1304 2644 1361 2664 voc.
1381 2639 1493 2672 xaaztpr»,
1509 2637 1647 2672 pur-qam}

1106 237 1125 258 X
1148 236 1197 258 PP.

1821 236 1869 262 An,
1886 235 1913 262 C.
1933 236 1998 262 ¹270
