2274 3265
1699 280 1766 312 169
1830 289 1877 315 Λη
1896 288 1924 315 c
1943 289 2007 315 1303

1121 348 1189 387 §.2
1214 343 1293 378 Cum
1319 343 1420 391 itaque
1441 344 1628 385 Avinioneu.
1652 344 1761 380 civitas
1776 344 1815 379 ob
1838 354 1901 375 tncw
1905 356 2001 375 meme
1997 362 2012 374 ·-

1073 364 1172 440 ipsius
1193 393 1431 428 commoditates
1449 402 1478 427 et
1501 394 1697 429 conditiones
1710 407 1815 441 quam-
1829 393 1877 407 '¹¹⁰¹'
1909 391 2008 437 „ww”

97 290 146 317 An.
165 289 192 316 C.
211 289 276 315 l305
877 289 1065 313 RONtFACttts
1088 289 1147 311 vll!
1173 290 1221 314 ΡΡ,

293 344 442 390 rigantur,
469 343 552 391 quod
587 355 692 379 earum
728 343 846 379 incolae
880 344 1029 378 subiecti-

292 393 411 428 tudinis
437 393 633 429 observantia
655 393 780 440 gloriosi
798 394 912 437 vivant
927 401 956 427 et
977 394 1029 440 qui
1827 403 1906 439 Smm‘

105 2035 176 2055 Studia
202 2034 274 2055 litera-

92 2072 137 2086 rum
146 2066 218 2086 lavoro
229 2072 276 2092 pro-

93 2099 186 2125 sequnur
201 2096 275 2117 Ponu-

293 451 421 488 rignant
458 443 574 490 quietis
606 443 795 478 beatitudine
825 421 1029 490 gratulentur.

290 491 381 527 Tales
403 493 556 540 siquidem
584 493 678 533 siros,
698 492 797 526 infusa
832 492 878 527 eis
902 492 1032 527 caelitus

290 542 398 585 gratia
421 542 539 577 literale
572 541 712 576 studium
747 540 859 582 efficit,
887 541 1031 588 parvulos

290 592 451 627 suavitatis
472 592 590 626 lactans
611 590 792 632 dulcedine,
814 591 921 626 cibans
943 591 1032 625 adul-

291 649 337 675 tos
372 641 516 682 uberius,
542 650 572 675 et
599 649 762 688 provectos
790 641 914 676 maioris
941 641 1032 676 uber-

291 692 360 726 tatis
386 690 590 726 delectatione
612 689 817 731 foecundam,
852 690 926 725 dum
949 691 1030 726 circa

292 742 394 787 ipsum
421 741 560 775 studiosa
587 739 754 775 sedulitate
781 749 952 776 versantur.
984 741 1031 775 De

290 790 337 823 liis
359 790 497 837 profecto
518 802 581 824 non
610 790 737 836 indigne
759 790 924 838 accipitur,
947 791 1029 838 quod

291 839 410 874 refulsit
436 839 480 874 sol
510 840 540 874 in
569 839 696 888 clypeos
722 852 845 880 aureos,
877 841 930 887 qui
958 848 1031 875 sunt

289 888 425 923 iustitiae
457 889 649 932 defensores,
673 889 749 924 facta
777 901 941 924 causarum
964 902 1032 924 am-

289 937 381 983 bigua
405 938 598 974 dirimentes.
634 938 696 981 Qui
733 951 807 974 suae
840 938 1032 975 defensionis

289 987 416 1032 viribus,
443 988 474 1022 in
501 988 595 1023 rebus
613 988 747 1035 publicis
768 1001 803 1023 ac
832 989 970 1036 privatis,
992 989 1032 1023 la—

290 1048 342 1082 psa
365 1037 502 1084 erigunt,
524 1038 649 1085 fatigata
671 1047 826 1086 reparant,
849 1050 906 1073 nec
929 1039 1032 1074 miuus

290 1086 427 1121 humano
464 1088 571 1133 generi
603 1099 659 1134 per
686 1087 888 1122 scientiarum
916 1101 1032 1135 coope-

290 1136 439 1170 rationem
468 1137 644 1184 provident,
680 1149 773 1184 quam
797 1137 821 1171 si
846 1138 971 1184 praeliis
997 1149 1033 1172 ac

291 1185 473 1220 vulneribus
489 1187 617 1233 patriam
642 1195 851 1234 parentesque
867 1187 1030 1221 salvarent.

290 1234 336 1269 Ac
373 1234 542 1270 Iustiniana
578 1236 698 1271 sanctio
726 1248 787 1270 non
826 1236 926 1270 solum
963 1236 1032 1271 illos

291 1285 421 1331 imperio
456 1285 589 1320 militare
629 1285 779 1330 decrevit,
810 1286 869 1341 ‘qui
902 1285 1031 1331 gladiis,

289 1334 404 1380 clypeis
441 1342 471 1369 et
511 1334 693 1369 thoracibus
730 1335 938 1375 muniuntur,
976 1335 1030 1369 sed

289 1383 365 1417 alios
397 1384 451 1431 qui
487 1384 640 1431 praesidio
674 1384 800 1430 gloriosi
837 1384 1031 1424 muniminis,

290 1431 497 1468 laborantium
519 1446 621 1482 spem,
643 1434 736 1468 vitain
761 1441 964 1481 posterosque
983 1434 1031 1468 de-

288 1481 432 1524 tendunt,
455 1495 494 1518 ne
522 1483 732 1530 potentiorum
760 1496 871 1518 manus
900 1483 1033 1518 validior

287 1530 398 1566 afficiat
436 1533 618 1568 humiliores
664 1533 806 1578 iniuriis,
848 1541 1032 1580 prematque

290 1581 416 1617 iacturis
428 1582 537 1630 clypeo
553 1583 689 1618 iustitiae
710 1595 770 1618 non
787 1582 920 1618 adiutos.
940 1583 1033 1618 Tales

289 1631 396 1678 utique
420 1632 545 1680 clypeos
566 1645 663 1668 aureo
690 1633 781 1668 titulo
807 1634 920 1667 merito
942 1645 1032 1680 prae-

288 1681 414 1727 signivit
434 1683 625 1727 Auctoritas,
658 1695 730 1718 cum
765 1694 821 1730 per
841 1695 952 1717 aurum
977 1683 1033 1717 vir-

289 1738 390 1766 tutum
413 1732 573 1778 nobilitas,
594 1742 624 1768 et
656 1745 710 1778 per
731 1740 855 1768 scutum
882 1732 1032 1767 fortitudo

289 1780 360 1816 fidei
401 1781 594 1829 designetur.
638 1782 739 1818 Habet
778 1782 861 1817 enim
901 1782 1031 1817 scientia

289 1831 547 1879 incomparabiles
569 1833 732 1868 thesauros
753 1831 948 1871 deliciarum,
971 1845 1033 1867 om-

290 1879 442 1929 niumque
478 1881 632 1917 bonorum
668 1882 796 1928 gratiam
831 1881 961 1929 largitur
994 1881 1031 1916 ad

292 1929 433 1976 plenum.

338 1983 352 2022 ἕ
381 1984 411 2014 t.
440 1980 504 2016 Nos
538 1981 641 2028 itaque
669 1981 864 2029 profectibus
900 1981 1034 2028 publicis

290 2040 326 2062 ex
350 2029 455 2064 debito
478 2031 642 2078 pastoralis
664 2030 767 2074 officii,
789 2031 838 2065 cui
861 2030 954 2065 dante
973 2030 1035 2066 Do-

290 2079 376 2113 mino
399 2080 624 2127 praesidemuS,
647 2080 826 2115 efficacibus
852 2080 964 2115 studiis
983 2081 1034 2114 in-

290 2128 469 2175 tendentes⁷
498 2130 615 2177 ingenti
648 2131 756 2178 utique
789 2129 947 2165 desiderio
969 2130 1034 2165 du—

289 2182 402 2227 cimur,
429 2191 458 2217 et
489 2196 562 2219 cura
585 2184 800 2232 propensioris
827 2183 1034 2219 solicitudinis

289 2237 473 2279 excitamur,
496 2246 528 2273 ut
549 2239 653 2274 studia
677 2238 852 2279 literarum,
880 2252 934 2286 per
953 2251 1033 2285 quae

289 2291 491 2327 scientiarum
519 2292 684 2328 thesaurus
706 2294 897 2340 acquiritur,
924 2306 959 2328 ac
997 2294 1033 2329 ad

290 2345 461 2392 spiritualis
487 2355 518 2382 et
550 2347 731 2394 temporalis
765 2348 873 2394 gaudii
904 2348 1033 2394 gloriam

292 2401 480 2445 pervenitur,
511 2401 722 2437 laudabilibus
750 2403 952 2438 incrementis
980 2404 1035 2438 di-

293 2454 431 2499 rigantur
458 2455 608 2496 ubilibet,
640 2468 676 2491 ac
700 2457 888 2503 propensius
917 2457 1036 2492 invale-

291 2517 389 2548 scant,
412 2517 441 2544 et
462 2510 492 2543 in
516 2509 577 2544 illis
600 2511 760 2557 potissime
783 2511 859 2545 locis
881 2519 911 2545 et
938 2514 1035 2558 parti-

292 2564 367 2602 bus,
403 2576 484 2611 quae
518 2563 629 2599 idonea
663 2573 694 2599 et
728 2565 930 2600 accommoda
970 2566 1035 2602 fore

293 2627 481 2663 noscuntur,
520 2618 558 2653 ad
595 2618 829 2665 multiplicanda
875 2619 1034 2654 doctrinae

291 2672 423 2710 semina.
445 2681 475 2708 et
498 2674 639 2720 germina
661 2674 806 2708 salutaria
822 2674 1034 2721 producenda.

370 2731 442 2761 Ball.
460 2731 534 2761 Rom.
557 2732 610 2761 Vol.
629 2732 673 2761 Il'.
860 2732 896 2761 91³.

1074 443 1237 490 plurimas,
1273 442 1385 477 habilis
1409 451 1437 478 et
1465 451 1534 490 apta
1564 456 1624 478 non
1655 445 1812 480 modicum

1074 493 1250 528 huiusmodi
1279 492 1383 526 studio
1418 501 1594 534 censeatur3

1121 546 1136 586 ἕ
1170 545 1200 577 5.
1237 541 1301 576 Nos
1333 553 1388 589 pro
1427 542 1559 577 utilitate
1596 543 1717 590 publica
1751 555 1819 578 cre-

1073 592 1181 627 dentes
1210 592 1424 639 multipliciter
1444 592 1610 638 expedire,
1633 600 1664 626 ut
1693 594 1722 627 in
1745 593 1818 628 civi-

1075 651 1135 677 tate
1165 642 1318 689 praedicta
1354 641 1491 677 cultores
1525 642 1694 689 sapientiae
1728 643 1817 678 inse-

1075 701 1200 732 tantur
1240 692 1373 726 fructum
1404 692 1531 726 uberem
1568 692 1716 737 largiente
1750 692 1817 726 Do-

1074 743 1159 777 mino
1182 742 1211 776 in
1229 750 1370 789 tempore
1388 741 1582 789 producturi,
1604 742 1816 788 praesentium

1073 792 1256 826 auctoritate
1296 791 1524 832 concedimus,
1563 799 1593 825 ut
1632 790 1660 824 in
1696 791 1818 825 civitate

1074 841 1230 888 praedicta
1252 841 1290 876 sit
1312 851 1341 875 et
1364 841 1514 876 habeatur
1540 840 1578 875 de
1596 847 1720 875 caetero
1747 839 1819 875 Stu—

1073 891 1158 925 dium
1183 891 1340 926 literarum
1364 891 1521 937 generale,
1544 891 1574 924 in
1598 901 1660 937 quo
1681 890 1817 936 magistri

1074 940 1227 981 doceant,
1260 948 1289 974 ct
1311 940 1469 975 scholares
1500 940 1597 974 libere
1619 939 1764 974 studeant
1787 948 1815 974 et

1073 990 1198 1024 audiant
1228 991 1256 1024 in
1290 990 1399 1037 quatis
1421 989 1503 1024 licita
1538 989 1694 1024 facultate.
1726 989 1770 1023 Ac
1790 989 1815 1022 si

1073 1040 1124 1086 qui
1150 1052 1298 1086 processu
1334 1040 1482 1095 temporis
1510 1039 1540 1073 in
1564 1038 1674 1073 eodem
1704 1037 1816 1072 Studio
1843 1046 1938 1067 facunns

1829 1080 1860 1104 gi!
1863 1080 1901 1098 leti
1941 1086 1979 1098 tn

1829 1110 1895 1130 rendi.

1074 1089 1199 1129 fuerint
1225 1090 1277 1136 qui
1304 1090 1453 1123 scientiae
1476 1088 1614 1123 bravium
1638 1088 1815 1134 assequuti⁷

1073 1138 1204 1173 docendi
1233 1139 1290 1172 sibi
1319 1138 1486 1177 licentiam
1513 1145 1566 1172 aut
1587 1137 1664 1171 alios
1687 1137 1816 1172 licenter

1073 1187 1199 1222 erudire
1214 1189 1346 1232 valeant,
1369 1188 1512 1234 petierint
1536 1187 1689 1231 exhiberi,
1710 1187 1814 1221 sanci-

1075 1249 1144 1271 mus
1172 1245 1204 1271 ut
1227 1237 1256 1271 in
1275 1238 1341 1271 iure
1367 1237 1519 1271 canonico
1541 1243 1571 1271 et
1592 1236 1692 1280 civili⁷
1726 1249 1760 1270 ac
1783 1236 1814 1270 in

1073 1286 1229 1321 medicina
1252 1295 1283 1321 et
1305 1286 1487 1321 liberalibus
1510 1285 1627 1320 artibus
1646 1286 1815 1320 examinari

1074 1336 1194 1383 possint
1221 1336 1349 1376 ibidem,
1384 1344 1416 1370 et
1443 1336 1472 1369 in
1506 1334 1707 1369 facultatibus
1744 1335 1817 1383 ipsis

1073 1385 1235 1420 dumtaxat
1267 1384 1438 1432 magisterii
1473 1384 1564 1418 titulo
1590 1384 1741 1419 decorari.

1122 1439 1136 1479 §
1164 1439 1196 1468 4.
1219 1435 1400 1470 Statuentes
1427 1442 1461 1468 ut
1482 1435 1629 1481 quotiens
1651 1433 1686 1467 ad
1712 1433 1741 1467 id
1765 1433 1817 1468 ali-

1073 1486 1125 1532 qui
1169 1484 1284 1519 fuerint
1324 1484 1550 1532 promovendi,
1579 1490 1817 1539 praesententur

1073 1535 1223 1590 episc-opo
1256 1535 1459 1569 Aviuionensi
1491 1545 1547 1580 pro
1582 1541 1725 1580 tempore
1756 1533 1817 1567 exi-

1073 1585 1177 1619 stenti
1211 1584 1274 1626 Qui
1300 1584 1455 1630 magistris
1479 1583 1633 1618 facultatis
1661 1582 1755 1623 illius,
1786 1583 1815 1616 in

1074 1646 1132 1680 qua
1161 1635 1351 1669 examinatio
1387 1633 1480 1668 fuerit
1507 1631 1664 1673 facienda,
1706 1632 1734 1666 in
1762 1644 1818 1666 eo—

1074 1684 1143 1718 dem
1167 1683 1280 1719 Studio
1301 1682 1531 1730 praesentibus,
1548 1681 1737 1722 convocatis,
1764 1694 1818 1716 eos

1073 1734 1184 1780 gratis,
1212 1741 1241 1768 et
1262 1733 1440 1768 difficultate
1466 1732 1587 1767 sublata
1609 1731 1757 1779 qualibet,
1780 1732 1818 1766 de

1075 1784 1215 1825 scientia,
1239 1783 1394 1823 facundia,
1417 1782 1512 1817 modo
1535 1781 1671 1828 legendi,
1695 1790 1725 1815 et
1750 1781 1818 1816 aliis

1075 1846 1155 1880 quae
1188 1834 1218 1868 in
1257 1832 1475 1880 promovendis
1498 1832 1534 1867 ad
1558 1832 1738 1866 doctoratus
1760 1843 1816 1866 seu

1076 1883 1308 1929 magisteriatus
1334 1882 1471 1918 officium
1504 1882 1717 1928 requiruntur,
1744 1892 1818 1916 exa-

1077 1933 1193 1968 minare
1217 1932 1341 1968 studeat
1363 1932 1542 1979 diligenter,
1578 1939 1607 1966 et
1636 1930 1717 1975 ittos,
1739 1943 1819 1977 quos

1076 1983 1206 2017 idoneos
1237 1982 1406 2030 repererit,
1446 1982 1541 2028 petito
1575 1988 1694 2015 secrete
1722 1980 1819 2026 magi-

1076 2040 1212 2067 strorum
1230 2031 1414 2067 eorumdem
1443 2031 1586 2074 consitio,
1608 2030 1691 2077 quod
1711 2030 1818 2077 utique

1076 2083 1244 2117 consilium
1272 2082 1300 2115 iu
1332 2082 1470 2128 ipsorum
1503 2080 1734 2115 consulentium
1758 2080 1818 2113 dis-

1077 2131 1227 2178 pendium
1261 2131 1306 2166 vel
1342 2132 1492 2165 iacturam
1528 2130 1657 2164 revelari
1692 2141 1817 2175 quomo-

1076 2181 1206 2222 dolibet,
1236 2181 1296 2215 sub
1322 2180 1447 2215 divinae
1469 2179 1698 2214 maledictionis
1719 2179 1818 2212 inter-

1078 2231 1247 2266 minatione
1270 2230 1440 2264 districtius
1462 2227 1677 2276 prohibemus,
1709 2239 1817 2274 appro-

1077 2280 1125 2315 bet
1149 2289 1179 2315 et
1201 2280 1360 2319 admittat,
1382 2280 1491 2326 eisque
1513 2278 1638 2325 petitam
1662 2278 1817 2312 licentiam

1077 2331 1234 2377 largiatur
1270 2330 1356 2363 Alios
1392 2330 1496 2363 minus
1530 2327 1661 2362 idoneos
1694 2326 1817 2375 penitus

1077 2379 1277 2435 repellendo,
1321 2379 1503 2426 postpositis
1537 2377 1666 2412 omnino
1700 2376 1816 2423 gratia,

1077 2430 1150 2464 odio
1165 2430 1209 2464 vel
1226 2430 1346 2464 timore.
1361 2428 1526 2463 Caeterum
1544 2439 1582 2461 ne
1600 2436 1726 2461 ι3ε3ιιιε
1742 2425 1818 2460 sede

1078 2480 1265 2513 Atinionen.
1288 2479 1445 2524 contingat
1480 2477 1619 2511 volentes
1643 2475 1817 2522 promoveri

1077 2530 1112 2563 ad
1153 2529 1365 2574 magisterium
1406 2526 1567 2574 impediri
1606 2526 1750 2560 volumus
1786 2532 1818 2559 ut

1079 2578 1280 2626 promovendi
1309 2577 1512 2620 huiusmodi
1552 2576 1718 2611 ιειο3ῑίοιιί5
1745 2583 1817 2609 tem-

1078 2641 1174 2675 pore,
1216 2628 1394 2675 praeposito
1434 2604 1620 2660 Aviiiionen.
1657 2625 1818 2660 Ecclesiae

1078 2685 1331 2725 praesententur,
1359 2677 1411 2724 qui
1447 2688 1500 2710 eos
1535 2675 1727 2710 examinatos
1761 2686 1818 2722 ap-

1831 1474 1888 1499 prius
1934 1483 1943 1494 e
1962 1481 1970 1492 a
1995 1482 2013 1493 ι-

1831 1507 1906 1525 nentur

1845 2437 1862 2457 A
1874 2443 1912 2463 quo
1924 2436 2002 2456 debean

1832 2467 1949 2494 approbari.
