2274 3265
1754 293 1822 324 779

743 404 957 478 INDEX
994 404 1468 490 RUBHICARUM

518 552 822 598 BULLARUM
864 552 931 597 ΕΤ
969 552 1420 598 PRIVILEGIORUM
1459 554 1678 599 OMNIUM

723 701 808 739 Ouae
831 702 863 733 in
890 702 943 734 hoc
961 708 1072 744 quarto
1093 702 1245 734 volumine
1265 701 1467 734 continentur.

557 1113 776 1147 GREGORIUS
798 1114 833 1145 Χ.

318 1210 340 1242 Ι.
369 1210 694 1252 Hierosolymitanum
717 1209 944 1252 patriarcham,
973 1213 1074 1240 caete-

1250 1112 1464 1155 Subsequitur
1489 1117 1582 1145 tenor
1614 1112 1781 1145 literarum
1815 1124 1869 1145 su-

1206 1161 1338 1203 pradicti
1352 1161 1726 1203 Micliaelisimperatoris
1742 1161 1779 1193 ad
1789 1162 1869 1193 Pon-

1204 1208 1335 1243 tificem,
1364 1209 1414 1241 26.

407 1268 524 1300 rosque
552 1258 661 1290 fideles
687 1258 724 1289 de
750 1262 898 1299 suscepto
920 1269 935 1289 a
962 1269 993 1289 se
1015 1257 1071 1289 Ec—
1117 1257 1164 1289 IX.
1194 1257 1392 1289 Provisiones
1421 1262 1448 1288 et
1476 1258 1693 1289 ordinationes
1724 1268 1781 1299 pro
1816 1269 1867 1286 er-

407 1307 520 1339 clesiae
542 1307 629 1339 clavo
651 1305 820 1347 encyclicis
842 1305 939 1336 literis
961 1305 1074 1337 certio-

407 1366 458 1387 res
483 1354 568 1392 facit,
594 1365 668 1396 pay.
698 1354 727 1384 9.

319 1404 353 1435 II.
384 1403 500 1435 Contra
521 1404 700 1435 deferentes
721 1413 821 1439 arma,
850 1413 943 1434 naves
963 1407 993 1433 et
1013 1402 1073 1434 alia

408 1451 445 1483 ad
468 1456 574 1494 partes
602 1450 797 1489 infidelium,
826 1450 966 1492 ipsisque
991 1461 1071 1491 quo-

407 1499 582 1532 modolibet
607 1498 896 1535 communicantes
925 1498 971 1530 l'l.

1205 1305 1378 1338 rlesiastica
1401 1306 1544 1338 libertatc¹
1572 1306 1602 1337 in
1629 1317 1727 1347 regno
1752 1306 1867 1338 Portu-

1205 1353 1317 1392 galliae
1345 1355 1594 1391 manutenenda,
1622 1353 1674 1386 28.

1337 1449 1591 1481 INNOCENTIUS
1613 1449 1644 1479 V.

319 1549 367 1580 lll.
393 1548 527 1581 lndictio
548 1547 629 1580 sacri
651 1553 681 1580 et
700 1547 901 1580 oecumenici
923 1547 984 1579 xlv
1001 1558 1073 1579 con·
1116 1549 1136 1580 l.
1175 1548 1380 1580 Innocentius
1418 1547 1527 1580 fideles
1561 1547 1730 1590 encyclicis
1769 1547 1869 1579 literis

407 1596 488 1635 eilii,
516 1596 737 1638 Lugdunensis
759 1596 794 1633 ΙΙ,
819 1607 875 1638 pro
897 1595 946 1627 die
968 1596 976 1627 l
1000 1596 1072 1627 maii

413 1644 505 1683 1274,
533 1644 580 1677 13.

317 1694 363 1726 IV.
392 1693 504 1726 Civitas
525 1694 759 1736 Lugdunensis,
787 1698 896 1736 utpote
924 1693 1073 1736 praelatis

408 1742 561 1775 omnibus
586 1742 688 1784 magis
703 1742 924 1779 accommoda,
944 1753 1001 1784 pro
1022 1743 1072 1774 fu-

406 1791 469 1823 turi
487 1790 703 1823 celebratione
725 1789 852 1822 concilii
874 1790 1070 1829 decernitur,

319 1888 350 1918 V.
375 1887 495 1920 Civitati
512 1888 642 1920 pisanae
664 1888 842 1920 restituitur
861 1886 1073 1930 archiepisco·

409 1936 488 1978 palis
511 1936 659 1975 dignitas.
678 1947 753 1979 qua.
772 1936 953 1969 Conradino
968 1946 1072 1978 quon-

409 1985 481 2016 dam
508 1984 662 2017 Friderici
688 1984 763 2016 olim
795 1984 997 2027 imperatoris
1017 1995 1073 2017 ne-

409 2032 473 2075 poti
494 2033 711 2071 adhaerendo,
736 2032 855 2075 privata
881 2033 995 2071 suerat,
1020 2032 1070 2065 17.

320 2082 364 2114 VI.
394 2081 539 2124 Capitula
572 2086 602 2113 et
626 2081 844 2113 ordinationes
879 2081 964 2123 pacis
994 2081 1075 2113 inter

407 2130 536 2163 Guelfos
553 2134 583 2162 et
603 2129 778 2163 Gibellinos
793 2129 876 2161 edita
896 2130 980 2172 apud
1002 2130 1073 2161 Flo-

409 2171 559 2216 rentiam,
592 2177 639 2210 19.

319 2227 378 2259 VII.
398 2227 515 2259 Contra
531 2226 723 2258 christianos
740 2226 777 2258 ad
796 2226 891 2258 ritum
910 2226 1073 2258 iudaicum

408 2279 629 2312 transeuntes,
671 2274 866 2316 iudaeosque
907 2285 1075 2306 conversos

407 2323 640 2355 retudaizantes
665 2322 711 2354 vel
733 2322 923 2354 christianos
948 2322 985 2353 ad
1021 2333 1073 2353 eo-

407 2383 478 2403 rum
506 2372 602 2404 ritum
630 2372 831 2409 inducentes,
859 2370 911 2403 ⁹24.

318 2421 392 2453 VIII.
423 2421 464 2452 De
485 2420 587 2452 reditu
611 2419 772 2451 Michaelis
788 2419 966 2460 Palaeologi
983 2420 1075 2451 Grae·

408 2479 520 2500 corum
554 2467 758 2510 imperatoris
790 2467 827 2499 ad
861 2467 1073 2499 obedientiam

408 2517 542 2550 Romani
564 2515 739 2554 Pontificis,
768 2521 798 2548 et
818 2516 856 2548 de
880 2515 999 2547 unione
1016 2514 1073 2547 Ec-

408 2564 523 2597 clesiae
550 2564 688 2597 Graecae
715 2573 787 2595 cum
815 2562 934 2601 Latina,
962 2562 1013 2595 95.

451 2612 604 2655 Sequitur
620 2612 681 2644 alia
701 2611 864 2644 pontilicis
885 2611 1017 2654 epistola
1036 2612 1073 2643 ad

408 2661 510 2693 silium
537 2661 611 2693 dicti
632 2660 846 2703 imperatoris,
869 2659 921 2692 26.

1204 1595 1335 1638 adeptae
1363 1595 1524 1637 dignitatis
1543 1595 1696 1627 certiores
1720 1595 1805 1634 facit,
1833 1606 1866 1627 ac·

1205 1645 1367 1686 praesules
1399 1644 1437 1675 ad
1463 1654 1595 1687 operam
1630 1655 1687 1686 pro
1722 1655 1754 1675 re
1781 1644 1866 1676 chri-

1204 1692 1304 1724 stiana
1323 1693 1441 1725 tuenda
1461 1692 1718 1734 coniungendam
1740 1691 1864 1728 excitat*

1204 1740 1257 1773 35.

1353 1838 1574 1871 HADRIANUS
1595 1839 1628 1869 V.

1117 1936 1191 1969 Eius
1206 1937 1278 1973 vita,
1305 1935 1357 1968 36.

1257 2033 1420 2066 IOANNES
1442 2033 1493 2065 XX
1519 2033 1622 2065 dictus
1646 2033 1722 2065 XXI.

1117 2132 1138 2164 l.
1158 2132 1339 2171 Decretum,
1362 2141 1426 2172 quo
1447 2130 1627 2163 Hadrianus
1647 2131 1668 2161 V
1685 2130 1828 2172 Gregorii
1843 2130 1867 2162 X

1205 2180 1243 2212 de
1273 2179 1451 2211 inclusione
1485 2178 1696 2211 cardinalium
1729 2178 1762 2210 in
1795 2189 1869 2211 con—

1206 2228 1283 2260 clavi
1301 2238 1359 2270 pro
1375 2227 1519 2259 facienda
1535 2226 1697 2259 pontificis
1712 2227 1867 2259 electione

1206 2276 1463 2309 constitutionem
1495 2274 1720 2317 suspenderat,
1747 2275 1867 2307 confir-

1207 2329 1322 2362 matur,
1350 2323 1402 2357 37.

1117 2374 1152 2405 11.
1182 2372 1366 2415 Encyclicae
1393 2371 1518 2404 loannis
1542 2372 1606 2404 xxl
1632 2372 1669 2403 ad
1696 2372 1805 2404 fideles
1830 2372 1868 2404 de

1206 2431 1262 2452 sua
1288 2420 1490 2462 promotione
1511 2419 1633 2457 literae,
1659 2418 1712 2452 38.

1360 2489 1547 2522 NICOLAUS
1568 2490 1616 2522 111.

1119 2562 1139 2594 1.
1177 2560 1362 2603 Encyclicae
1394 2559 1515 2592 Nicolai
1549 2559 1659 2592 literae
1688 2560 1726 2592 de
1755 2570 1811 2592 sua
1836 2570 1867 2591 m

1205 2609 1374 2641 Summum
1409 2607 1594 2639 Pontificem
1634 2607 1789 2642 electione
1829 2609 1866 2640 ad

1205 2656 1323 2690 Galliae
1349 2656 1519 2698 praelatos,
1546 2654 1599 2688 39.
