2274 3265
119 288 166 313 An.
186 286 214 312 C.
233 287 297 313 ¹535

129 1632 195 1652 lussio
246 1632 298 1652 lianc

121 1665 294 1684 constitutionem

116 1697 135 1715 iu
167 1694 174 1714 Ι
208 1695 299 1721 capitulo

116 1725 209 1752 generali
225 1729 246 1746 et
261 1732 301 1746 an-

116 1759 148 1778 nis
170 1757 258 1783 siugulis
279 1758 299 1776 in

116 1789 162 1808 aliia
174 1788 265 1814 legendi,
279 1791 300 1808 et

117 1821 179 1840 etiam
198 1819 264 1839 semet
280 1820 299 1839 in

117 1858 170 1872 anno
193 1853 212 1871 in
233 1851 301 1877 parti-

117 1883 181 1903 culari
190 1883 253 1908 capit.
266 1887 301 1902 eu-

117 1914 201 1934 iustihet
217 1913 267 1933 loci.

919 283 1114 308 RENEntC'rtts
1136 283 1178 305 xtt
1204 283 1251 305 ΙΨ.

314 339 442 374 tualium
486 348 516 374 et
551 339 736 376 Studiorum
772 351 866 386 saepe
906 338 1063 374 dictorum

312 390 501 429 contrariis,
531 390 715 424 iuramentis
731 417 739 427 ,
769 388 1064 423 confirmationibus

311 439 494 485 apostolicis
512 447 564 473 aut
587 439 752 486 quibusvis
776 438 975 473 firmitatibus
995 437 1064 471 aliis

313 488 479 533 roboratis,
507 497 537 523 et
561 489 612 523 illo
641 488 824 536 praesertim
848 496 977 528 statuto.
1000 500 1064 535 quo

313 538 342 572 in
365 538 476 573 eodem
489 538 605 573 Studio
624 537 792 573 Parisiensi
815 538 915 572 caveri
936 536 1063 581 dicitur,

311 587 396 642 quod
420 588 526 622 nullus
550 587 649 634 possit
672 587 775 634 legere
797 599 926 622 cursum
945 586 1064 621 Rihtiae

313 650 372 671 nist
396 637 512 672 ibidem
530 637 685 672 studuerit
702 645 823 683 septem
847 637 951 679 annis,
967 636 1065 683 quod-

312 698 373 742 que
406 699 468 721 non
505 687 703 733 permittatur
736 686 909 721 sententias
940 663 1064 732 legetffe

313 736 370 770 nisi
393 736 486 770 etiam
516 735 591 770 inibi
628 736 786 770 studuerit
813 735 923 770 decem
951 737 1064 778 annis,

313 794 407 831 prout
428 786 474 820 sic
498 785 544 819 vel
567 785 681 819 aliter
677 798 705 819 tn
729 786 853 820 statutis
875 785 974 831 ipsius
989 785 1066 820 Stu-

312 835 353 868 dii
377 834 563 870 parisiensis
598 834 714 870 dicitur
741 835 911 870 contineri:
941 848 1064 870 necnon

312 883 507 931 quibuslibet
532 883 716 931 privilegiis,
746 884 951 931 indulgentiis
978 893 1009 919 et
1027 885 1065 919 li-

313 933 387 967 teris
408 932 608 980 apostolicis,
632 934 732 968 ordini
750 961 757 973 ,
787 934 1000 977 monasteriis,
1020 935 1066 969 lo-

312 983 357 1016 cis
384 982 649 1018 conventualibus
686 994 715 1018 et
738 983 861 1018 Studiis
894 983 1065 1031 praefatis,

312 1032 377 1065 sive
404 1032 663 1067 universitatibus
686 1033 907 1079 magistrorum
931 1041 961 1068 et
978 1033 1068 1068 scho-

313 1080 425 1115 larium
435 1081 636 1127 eorumdem,
650 1082 678 1116 in
690 1082 880 1117 contrarium
895 1082 1066 1122 concessis.

315 1142 370 1177 per
391 1143 471 1177 quae
505 1131 723 1178 praesentibus
751 1144 812 1166 non
848 1144 995 1178 expressa
1020 1131 1065 1167 vet

314 1180 450 1215 totaliter
474 1193 535 1215 non
566 1180 693 1220 inserta,
723 1180 856 1216 effectus
886 1181 1065 1216 huiusmodi

312 1236 501 1264 statutorum
538 1238 568 1264 ct
609 1230 848 1265 ordinationum
888 1237 1066 1264 nostrarum

312 1278 520 1326 omniumque
543 1279 677 1314 aliorum
701 1288 730 1314 et
765 1278 965 1326 singulorum
990 1291 1068 1313 con-

313 1335 470 1363 tentorum
499 1328 529 1362 in
558 1328 676 1363 eisdem
715 1328 935 1375 praesentibus
970 1328 1067 1363 valeat

311 1376 554 1424 quomodolibet
577 1377 735 1425 impediri,
751 1386 781 1412 et
801 1377 840 1412 de
854 1377 971 1425 quibus
986 1389 1068 1424 quo-

312 1437 448 1473 rumque
477 1427 549 1461 totis
586 1427 751 1462 tenoribus
787 1427 911 1475 plenam
943 1436 972 1461 et
1006 1439 1068 1461 ex-

313 1488 452 1523 pressam
482 1484 626 1523 oporteat
661 1477 691 1512 in
721 1477 837 1512 nostris
870 1477 969 1511 literis
1001 1476 1067 1511 fieri

312 1534 519 1561 mentionem.

362 1582 377 1622 ἓ
400 1582 457 1614 57.
481 1580 527 1615 Ne
549 1588 653 1615 autem
682 1580 858 1627 supradicta
883 1579 930 1616 vel
948 1579 1069 1626 aliqua,

314 1645 369 1668 seu
393 1633 511 1681 aliquid
539 1635 725 1670 eorumdem
760 1634 790 1669 in
819 1633 988 1669 oblivionis
1012 1635 1069 1669 lu-

315 1687 437 1723 bricum
478 1689 676 1725 deducantur
706 1702 761 1724 seu
801 1689 1069 1736 parvipendantur

314 1742 354 1778 ab
375 1743 494 1790 aliquo,
521 1744 666 1791 quinimo
694 1752 728 1778 ut
755 1744 794 1778 de
822 1743 901 1791 ipsis
929 1756 1013 1778 nunc
1039 1752 1069 1778 et

317 1798 477 1845 perpetuis
504 1797 618 1832 futuris
642 1798 840 1845 temporibus
860 1798 967 1832 notitia
992 1811 1070 1833 cer—

316 1852 375 1887 tior
402 1852 566 1892 babeatur,
605 1852 716 1888 eadem
745 1853 932 1887 auctoritate
955 1853 1068 1887 statui-

314 1918 397 1950 mus,
420 1906 607 1942 ordinamus
634 1916 662 1941 et
690 1907 831 1941 districte
858 1906 1069 1952 iniungimus,

317 1967 349 1992 ut
367 1959 397 1993 in
415 1960 517 2006 primo
533 1960 672 2007 generali
691 1960 829 2007 capitulo
852 1960 925 1994 dicti
948 1960 1069 1995 ordinis

314 2020 345 2046 et
372 2013 524 2061 deinceps
546 2014 682 2060 singulis
705 2013 809 2057 annis,
834 2013 863 2047 in
887 2013 998 2047 eodem
1015 2025 1069 2048 ea-

316 2066 415 2113 pitulo
437 2068 576 2114 generali
599 2080 634 2103 ac
658 2067 754 2103 semel
774 2067 918 2114 quolibet
933 2079 1017 2102 anuo
1037 2068 1067 2102 in

314 2135 517 2171 quocumque
562 2123 826 2157 monasteriorum
862 2131 892 2156 et
927 2122 1067 2156 locorum

315 2176 568 2210 conventualium
593 2175 742 2223 praedicti
766 2175 898 2219 ordinis,
918 2175 1068 2210 omnibus

315 2230 456 2265 monacis
490 2243 599 2265 eorum
633 2231 662 2265 in
686 2229 823 2277 capitulo
846 2229 882 2264 ad
908 2229 967 2264 boc
994 2242 1068 2276 spe-

315 2283 436 2319 cialiter
463 2285 673 2331 cougoegads,
702 2283 873 2332 praeniissa
902 2284 1008 2318 omnia
1037 2292 1068 2317 et

315 2338 438 2384 singula
461 2338 500 2372 de
525 2338 620 2373 verbo
649 2338 686 2372 ad
712 2337 843 2372 verbum
869 2338 1013 2383 legantur
1039 2346 1068 2371 et

315 2394 407 2429 etiarn
427 2392 636 2440 publicentur.
662 2392 745 2426 Nulli
765 2404 851 2437 ergo,
867 2400 920 2426 etc.
944 2391 976 2425 Si
997 2392 1068 2438 quis

316 2456 434 2491 autem,
456 2456 507 2481 etc.

367 2501 481 2536 Datum
510 2502 592 2548 apud
626 2501 758 2536 Pontem
782 2500 914 2547 Sorgiae
936 2501 1068 2535 Avinio-

317 2557 424 2592 nensis
445 2556 612 2600 dioecesis,
641 2568 674 2590 iv
703 2555 774 2590 idus
803 2554 880 2598 iulii,
908 2555 1069 2602 pontifica-

318 2619 367 2645 tus
388 2611 486 2645 nostri
514 2621 597 2644 anno
625 2622 646 2644 1.

372 2667 435 2697 Dat.
459 2667 507 2697 die
524 2666 560 2696 12
582 2667 648 2696 iulii
668 2666 754 2702 1335,
773 2666 874 2705 pontif.
895 2675 971 2695 anno
993 2675 1011 2696 1.

397 2716 470 2747 Ball.
496 2715 573 2746 Rom.
602 2715 655 2745 vot.
676 2714 721 2744 IV.
910 2714 947 2745 44

1742 272 1811 305 :5423

1454 337 1490 372 V.

1107 419 1254 464 Definitio
1296 421 1501 463 quorumdam
1535 421 1737 454 articulorum
1780 422 1861 454 circa

1158 469 1326 502 Beatorum
1347 470 1505 507 visionem,
1536 471 1774 515 animarumque
1790 471 1861 503 bea-

1157 519 1317 551 titudinem
1339 526 1366 551 et
1387 520 1629 552 damnationem.

1376 587 1590 618 SUMMAtuUM

1107 649 1255 681 Romanae
1288 650 1438 680 Ecclesiae
1474 655 1518 680 est
1553 656 1657 680 cuncta
1688 651 1810 681 definire
1836 657 1864 680 et

1147 695 1305 732 corrigere.
1340 712 1379 717 —
1411 694 1533 725 loannes
1573 696 1638 725 ideo
1671 695 1750 725 l'unt.
1792 695 1862 725 xxtt

1146 740 1261 770 censuit
1288 740 1411 769 definire
1440 740 1644 769 dissensiones
1667 740 1862 780 quorumdam

1147 784 1340 814 articulorum
1359 785 1393 814 de
1410 784 1520 824 quibus
1538 785 1593 821 liic,
1614 785 1664 814 sed
1683 790 1775 814 morte
1792 794 1864 823 prae-

1148 834 1261 863 ventus,
1280 829 1307 858 id
1329 829 1470 867 perlicere
1494 838 1550 858 non
1575 830 1678 867 potuit.
1702 845 1741 850 —
1758 829 1785 858 2.
1811 828 1862 858 Hic

1148 873 1234 903 modo
1263 873 1345 903 Pont.
1372 874 1465 903 dictas
1495 874 1697 903 dissensiones
1726 874 1864 903 terminat

1148 927 1214 947 cuin
1234 918 1430 956 infrascriptis
1454 917 1688 948 delinitionibus.
1706 934 1745 940 -
1763 918 1789 948 3.
1812 916 1865 946 De-

1149 963 1241 993 linitio
1267 964 1345 993 circa
1366 963 1576 993 beatitudinem
1601 964 1767 993 animarum
1793 962 1866 992 tide-

1148 1007 1221 1037 lium
1245 1007 1462 1038 defunctorum.
1494 1024 1531 1029 —
1556 1008 1583 1038 12.
1617 1006 1753 1037 Definitio
1786 1007 1863 1036 circa

1148 1051 1365 1081 damnationem
1397 1051 1562 1081 animarum
1595 1051 1801 1080 decedentium
1835 1051 1864 1080 in

1150 1101 1268 1133 peccato
1288 1096 1414 1125 mortali.
1427 1112 1466 1118 —-
1481 1096 1506 1125 5.
1532 1093 1694 1125 Proliibitio
1714 1094 1799 1124 aliter
1818 1100 1862 1123 te-

1149 1140 1247 1170 nendi.
1266 1157 1305 1162 —
1328 1139 1446 1170 Sanctio
1467 1139 1608 1179 poenalis.

1153 1206 1312 1235 Benedictus
1330 1206 1473 1242 episcopus
1492 1212 1588 1235 servus
1604 1212 1744 1234 servorum
1762 1204 1817 1238 Dei.

1244 1255 1278 1283 ad
1307 1255 1470 1291 perpetuam
1499 1255 1541 1283 roi
1559 1254 1728 1283 memorium.

1159 1316 1351 1351 Benedictus
1361 1316 1468 1350 Deus
1463 1329 1492 1351 in
1505 1316 1597 1351 donis
1609 1317 1676 1350 suis
1689 1325 1719 1350 et
1735 1324 1863 1350 sanctus

1111 1366 1141 1399 in
1156 1365 1465 1412 omnibusoperibus
1478 1366 1556 1404 suis
1566 1366 1620 1412 qui
1631 1373 1862 1400 sacrosanctam

1110 1414 1286 1449 Romanam
1311 1414 1496 1449 catholicam
1521 1423 1551 1449 et
1575 1414 1781 1461 apostolicam
1801 1413 1895 1448 Ec-

1110 1464 1252 1504 clesiam,
1274 1476 1368 1511 quam
1381 1472 1416 1498 ut
1429 1464 1552 1498 vineam
1568 1464 1717 1511 plantavit
1736 1463 1864 1498 dextera

1110 1525 1178 1568 sua,
1200 1525 1361 1560 quamque
1391 1521 1424 1547 ut
1453 1513 1655 1568 praecipuam
1685 1525 1714 1546 in
1750 1512 1865 1547 Eccle-

1110 1564 1228 1598 siarum
1263 1563 1405 1597 omnium
1434 1571 1529 1609 caput
1558 1562 1657 1597 erexit
1692 1571 1724 1596 ut
1759 1562 1865 1596 victri-

1110 1624 1177 1647 cem
1203 1615 1261 1656 (1),
1283 1612 1408 1647 dicente
1436 1611 1572 1647 Domino
1590 1612 1628 1646 ad
1655 1611 1800 1646 Petrum:
1817 1610 1864 1645 Tu

1110 1674 1144 1697 es
1178 1662 1291 1697 Petrus
1325 1670 1356 1696 et
1383 1673 1478 1708 super
1507 1662 1586 1696 banc
1614 1669 1732 1708 petram
1756 1659 1866 1694 aedili-

1111 1712 1189 1746 cabo
1212 1711 1385 1746 Ecclesiam
1424 1723 1548 1750 meam.
1580 1723 1636 1745 sna
1665 1710 1867 1744 miseratione

1112 1774 1173 1796 non
1185 1761 1313 1801 deserit,
1329 1761 1382 1795 sed
1399 1773 1454 1808 per
1473 1761 1580 1795 beatos
1596 1759 1766 1806 Apostolos
1777 1771 1865 1801 sum,

1112 1811 1277 1858 praecipue
1310 1811 1440 1845 Petrum
1474 1819 1503 1844 et
1532 1809 1666 1844 Paulum
1689 1809 1866 1863 singulares

1110 1860 1254 1895 eiusdem
1291 1860 1448 1895 Ecclesiae
1484 1859 1677 1898 defensores,
1702 1858 1750 1905 pia
1774 1858 1866 1893 beni-

1111 1911 1229 1955 gnitate
1250 1917 1280 1944 et
1305 1910 1456 1944 continua
1480 1909 1596 1955 pietate
1618 1908 1771 1943 custodit:
1790 1919 1867 1954 qua-

1111 1968 1204 1993 tenus
1226 1959 1346 1993 eisdem
1367 1959 1542 1994 rectoribus
1563 1956 1781 2004 guber'nala,
1776 1969 1806 1991 in
1831 1969 1864 1990 se

1110 2008 1230 2042 stabilis
1254 2017 1370 2048 manet,
1400 2008 1526 2042 tundata
1549 2019 1642 2054 supra
1662 2006 1784 2041 firmam
1815 2018 1863 2052 pe-

1111 2066 1208 2098 tram;
1231 2070 1405 2104 omnesque
1420 2058 1609 2092 christianae
1632 2055 1703 2090 lidei
1727 2054 1864 2090 cultores

1111 2106 1151 2140 illi
1180 2107 1340 2145 obediant,
1366 2107 1407 2141 illi
1439 2115 1586 2153 pareant,
1617 2104 1659 2139 illi
1688 2104 1863 2145 intendant

1109 2155 1169 2190 sub
1192 2156 1278 2191 illius
1306 2157 1487 2203 magisterio
1503 2156 1627 2209 degant,
1644 2153 1703 2188 sub
1725 2154 1793 2187 eius
1815 2153 1864 2187 di-

1109 2205 1242 2252 sciplina
1265 2213 1295 2240 et
1318 2206 1514 2240 correctione
1537 2204 1722 2239 consistant.
1749 2202 1839 2236 Non
1833 2215 1863 2236 tn

1111 2254 1159 2288 illa
1188 2254 1415 2301 dogmatizetur
1449 2253 1685 2302 improvidum,
1709 2253 1863 2286 inseratur

1111 2305 1284 2348 incautum,
1307 2304 1338 2338 in
1371 2304 1430 2338 fide
1453 2304 1653 2338 temerarium
1678 2303 1860 2347 ingeratur:

1109 2354 1217 2401 sicque
1240 2353 1400 2388 declinent
1429 2353 1574 2387 liomines
1606 2364 1621 2386 a
1645 2351 1727 2386 malo
1762 2358 1793 2384 et
1816 2350 1862 2384 fa-

1109 2403 1190 2438 ciant
1226 2403 1366 2448 bonum,
1398 2402 1561 2438 ambulent
1589 2414 1644 2448 per
1670 2401 1735 2435 vias
1763 2407 1862 2434 rectas

1109 2461 1138 2487 et
1161 2453 1198 2487 ad
1222 2452 1351 2487 meliora
1382 2465 1437 2500 per
1458 2460 1564 2486 sancta
1587 2450 1742 2485 desideria
1767 2450 1861 2496 profi-

1110 2504 1279 2543 ciscantur,
1296 2511 1328 2537 ut
1350 2509 1477 2549 sperent
1492 2502 1644 2536 iustorum
1668 2500 1862 2547 propinquas

1109 2562 1254 2588 aeternae
1277 2553 1357 2586 vitae
1377 2551 1609 2590 retributiones,
1642 2550 1772 2584 timeant
1794 2560 1861 2582 ma-

1110 2603 1209 2637 lorum
1246 2601 1358 2636 inferni
1392 2601 1585 2636 calamitates
1618 2611 1680 2634 non
1714 2606 1859 2634 remotas.

1144 2674 1184 2709 (l)
1203 2673 1273 2699 Alias
1294 2675 1442 2698 veritatem.

1885 282 1928 308 Ᾰη,
1945 281 1972 308 C.
1992 280 2061 308 1536

1878 1328 1983 1349 Romnae
1992 1325 2064 1347 Bacta-

1879 1359 1895 1378 si
1901 1364 1922 1378 e
1939 1361 1971 1377 est
1987 1360 2064 1378 cuncta

1879 1389 1903 1408 te
1908 1389 1941 1408 tini
1938 1393 1966 1408 ire
1983 1390 2003 1407 et
2014 1392 2065 1407 coi-

1879 1425 1906 1439 ri
1900 1425 1933 1444 ,ετ
1927 1424 1947 1438 re
