2274 3265
121 256 169 283 An.
192 257 219 283 C.
237 258 302 284 t209

122 811 253 831 {abstemium
262 813 300 832 rte-

126 843 204 867 ogatin.

130 1307 233 1327 Validatio
255 1314 299 1328 sin*

115 1339 208 1364 gulorum
239 1343 300 1359 artu-

116 1376 155 1389 um.

136 1901 275 1928 inquisitores

115 1938 176 1959 super
197 1932 228 1952 his
250 1934 297 1953 nul—
315 1949 320 1953 .

113 1963 152 1983 lam
169 1965 297 1983 transactio*

115 1999 160 2013 nem
172 1993 242 2014 facere
252 2000 299 2020 pos-

115 2028 160 2044 sunt
177 2023 230 2044 Sede
245 2025 298 2051 Apo-

221 2057 297 2075 inrnn-

114 2056 188 2075 stotica

114 2087 174 2107 suita,

128 2393 243 2415 Publieatio

116 2457 186 2475 tionis.

261 2395 300 2415 bu-

116 2431 172 2445 tusee
194 2427 300 2446 consutu-

908 260 1099 284 BONtFACtUs
1123 262 1181 284 Vttt
1204 263 1221 284 1
1225 262 1253 284 P

318 312 401 348 modi
444 325 559 359 poenas
606 322 636 348 et
676 316 848 349 sententias
889 315 1067 350 executioni

317 361 488 397 mandandi
512 370 543 397 et
566 364 781 410 praecipiendi
804 364 899 410 exigi,
935 372 966 399 et
993 376 1068 399 exe-

317 411 435 446 cutioni
466 412 619 452 mandari,
655 421 684 447 et
719 413 882 448 invocandi
920 413 957 447 ad
986 413 1064 455 boc

316 461 341 494 si
359 473 441 507 opus
456 461 561 503 fuerit,
580 462 731 496 auxilium
753 462 870 496 braebii
886 462 1066 497 saecularis:

317 510 563 545 contradictores
585 523 711 558 quoque
739 511 968 558 cuiuscumque
1004 520 1068 546 sta-

318 567 377 599 tus,
407 560 671 606 praeeminentiae,
694 559 856 606 dignitatis
891 568 921 595 et
956 561 1068 596 condi-

318 609 409 644 tionis
437 609 622 653 extiterint,
663 621 718 656 per
755 621 921 644 censuram
959 611 1066 645 eccle—

316 659 486 702 siasticam,
505 658 715 705 appellatione
732 659 916 706 postposita,
936 672 1067 708 compe-

315 707 434 742 scendi.

364 759 435 801 §8.
468 755 535 791 No'n
572 756 716 792 obstante
740 758 764 792 si
795 758 851 800 eis,
886 758 935 793 vel
970 759 1062 794 alicui

315 819 368 841 seu
392 805 552 853 aliquibus
580 807 765 842 eorumdem
801 808 838 842 ab
880 808 988 843 eudem
1026 810 1066 843 sit

314 855 398 891 Sede
421 855 592 899 indultum,
616 857 660 890 vel
695 857 862 903 contigerit
897 857 1065 904 indulgeri,

314 905 409 961 quod
428 905 585 949 interdici,
616 907 767 954 suspendi
791 907 836 941 vel
878 919 1066 943 excommu-

314 954 410 990 nicari
434 966 496 989 non
522 954 653 1002 possint,
683 968 739 1003 per
776 955 882 992 literas
913 959 1065 1004 apostoli-

314 1016 378 1047 cas,
400 1003 448 1038 vel
470 1015 577 1038 eorum
608 1005 809 1049 authoritate,
833 1019 913 1054 quae
941 1006 980 1041 de
1017 1008 1065 1041 in-

314 1054 401 1088 dulto
428 1053 626 1099 huiusmodi,
648 1068 683 1090 ac
709 1055 747 1089 de
786 1069 992 1102 petwsonaium
1035 1066 1065 1091 et

314 1104 454 1139 locorum
478 1103 663 1139 nominibus
702 1104 840 1151 plenam
871 1105 1065 1140 determina-

314 1161 375 1187 tam
399 1160 428 1187 et
450 1164 629 1200 expressam
662 1166 722 1188 non
762 1154 893 1189 fecerint
929 1156 1064 1190 mentio-

315 1214 397 1237 neni.

363 1251 807 1300 §9.Deee1nimus1nsuper,
821 1262 851 1288 ut
872 1253 1017 1288 mandata
1035 1261 1063 1288 et

316 1313 481 1349 processus
493 1302 899 1349 quaeiideminquisitores‚
910 1315 944 1338 ‘ic
953 1315 1007 1338 eoi
1012 1316 1062 1337 um

314 1350 470 1397 quilibet
466 1363 496 1385 in
511 1350 568 1385 hac
585 1361 672 1398 parte
687 1352 827 1392 seceriu13
841 1364 960 1399 poena«
965 1380 972 1397 ,
987 1365 1064 1399 quas

314 1400 533 1447 imposuerint,
556 1413 592 1435 ac
618 1401 804 1445 sentcntiae,
820 1414 899 1449 quas
923 1402 1064 1448 protule-

314 1450 386 1491 rint,
413 1450 542 1497 plenum
567 1451 703 1498 vigorem
743 1451 879 1485 babeant
919 1460 949 1486 et
987 1451 1065 1487 obti-

314 1508 407 1534 neant
434 1500 577 1547 perpetui
625 1500 746 1535 roboris
779 1501 986 1543 firmitatem,
1028 1514 1064 1536 ac

313 1550 336 1583 si
362 1551 391 1584 in
415 1562 489 1584 casu
518 1549 658 1597 quolibet
694 1551 785 1597 plena
807 1551 853 1585 eis
881 1559 911 1585 et
933 1551 1063 1586 cuilibet

314 1611 423 1634 eorum
450 1607 532 1634 esset
559 1600 703 1647 specialis
731 1600 898 1635 commissa
927 1608 1064 1648 potestas

313 1660 343 1683 et
367 1649 542 1684 iurisdictio
571 1649 773 1697 procedemli3
797 1662 973 1698 eorumque
1012 1651 1064 1686 iu-

314 1699 453 1734 risdictio
482 1699 510 1733 iu
536 1700 705 1746 praedictis
734 1699 883 1735 omnibus
922 1708 952 1736 et
991 1701 1065 1734 sin-

313 1749 397 1796 gulis
420 1761 474 1796 per
502 1749 683 1783 citationem
714 1749 761 1783 vel
806 1749 934 1785 moduni
970 1751 1063 1784 alium

315 1806 496 1846 perpetuata
524 1799 701 1844 legitimum
726 1799 889 1834 extitisset.

362 1852 376 1892 ξ
399 1851 453 1883 to.
477 1848 632 1883 Nolumus
653 1856 771 1889 autem,
806 1849 890 1896 quod
928 1849 1065 1896 inquisi—

314 1906 397 1933 tores
420 1897 583 1944 praedicti,
609 1898 654 1932 rel
676 1910 785 1932 eorum
809 1899 923 1945 aliquis
942 1899 980 1933 (le
1004 1899 1066 1933 liu-

315 1947 449 1982 iusmodi
474 1948 596 1995 poenis,
618 1949 785 1982 sententiis
807 1955 837 1982 et
865 1948 1065 1995 processibus

315 1997 360 2032 vel
386 2009 494 2032 eorum
518 1997 676 2045 aliquibus
703 1998 796 2031 ullam
835 1998 1065 2039 remissionem

313 2046 541 2081 absolutionem
567 2047 612 2081 vel
640 2047 862 2082 relaxationem
886 2060 941 2082 seu
966 2056 1067 2082 trans-

313 2096 468 2131 actionem
493 2096 607 2131 l'aciant
629 2095 748 2143 absque
770 2097 895 2143 speciali
921 2097 1067 2132 mandato

313 2146 416 2181 dictae
438 2145 543 2187 Sedis,
572 2145 716 2180 faciendo
745 2158 800 2193 per
824 2147 966 2181 eiusdem
1000 2147 1068 2181 Se-

313 2196 360 2230 dis
383 2196 499 2236 literas
522 2207 602 2243 quae
626 2195 749 2250 plenam
778 2203 806 2230 et
824 2208 1003 2242 expressam
1028 2196 1066 2230 de

315 2246 351 2279 iis
390 2245 503 2279 faciant
542 2245 749 2289 mentionem,
786 2253 815 2279 et
854 2246 938 2293 quod
975 2258 1067 2280 secus

315 2295 415 2338 lieret,
443 2294 564 2328 irritum
589 2294 793 2330 decernimus
820 2304 850 2329 et
879 2296 980 2330 inane.

363 2348 378 2387 §
420 2346 471 2378 tt.
517 2344 559 2379 Ut
592 2352 695 2378 autem
734 2344 916 2379 liuiusmodi
964 2351 1068 2379 noster

316 2405 486 2440 processus
508 2393 545 2427 ad
569 2405 772 2427 communem
798 2395 940 2428 omnium
984 2394 1067 2428 noti-

315 2444 389 2477 tiam
413 2442 599 2482 deducatur,
636 2450 737 2477 cartas
763 2443 828 2477 sire
857 2442 1067 2485 membranas,

316 2504 499 2538 processum
526 2492 725 2526 continentes
753 2491 912 2536 eumdem,
943 2492 972 2526 in
1014 2493 1067 2526 ba-

315 2541 420 2576 silicae
462 2541 684 2576 Lateranen'sis
719 2541 855 2587 appendi
899 2541 945 2575 vel
985 2541 1066 2588 affigi

315 2590 415 2631 ostiis,
451 2603 506 2625 seu
546 2590 845 2637 superliminaribus
886 2590 1067 2631 faciemus,

314 2651 394 2687 quae
422 2652 605 2687 processum
630 2639 732 2687 ipsum
756 2652 813 2674 suo
841 2639 928 2687 quasi
952 2652 1067 2675 sonoro

1746 258 1808 289 15Ξ’
1801 272 1810 289 ›

1110 317 1280 363 praeconio
1303 325 1333 352 et
1356 319 1460 365 patulo
1492 320 1607 355 indicio
1642 321 1859 368 publicabunt;

1111 366 1150 400 ita
1178 366 1292 412 quod
1287 366 1318 407 ii,
1346 379 1426 414 quos
1450 381 1617 415 processus
1636 371 1702 417 ipse
1726 373 1860 407 eontin—

1108 414 1304 460 git,nutta1n
1331 425 1435 461 postea
1468 419 1588 464 possint
1623 421 1857 456 exeusationem

1110 464 1325 510 praetendere,
1349 467 1431 519 quod
1454 467 1491 500 ad
1521 479 1574 501 eos
1598 469 1665 503 talis
1694 482 1858 516 processus

1110 525 1172 547 non
1210 515 1397 560 pervenerit,
1433 515 1480 549 vel
1520 517 1604 562 quod
1649 518 1858 564 ignoraverint

1109 562 1268 597 eumdem:
1292 575 1363 597 cum
1389 576 1448 598 non
1469 565 1507 598 sit
1544 566 1712 601 verisimile
1749 580 1859 602 rema-

1110 624 1183 647 nere
1205 612 1309 659 quoad
1347 613 1432 659 ipsos
1460 613 1656 659 incognitum
1687 617 1731 650 vel
1756 619 1861 652 occul-

1109 668 1187 702 tum,
1210 661 1295 708 quod
1323 670 1385 696 tam
1411 671 1553 708 patenter
1579 664 1727 699 omnibus
1755 667 1861 711 publi-

1108 719 1205 745 catur.
1228 712 1343 746 Actum
1367 711 1511 746 Laterani
1537 713 1566 747 in
1583 714 1633 748 die
1655 714 1780 750 Coenae
1796 715 1861 749 Do-

1109 760 1197 805 mini,
1221 761 1420 808 pontificatus
1443 762 1540 796 nostri
1556 775 1638 797 anno
1661 764 1783 810 quinto.

1166 821 1226 852 Dat.
1245 823 1290 853 die
1310 822 1346 852 16
1362 822 1465 862 aprilis
1478 823 1563 861 1299,
1579 827 1658 863 pont.
1677 834 1752 854 anno
1777 835 1801 854 v.

1420 892 1533 899 ——-.

1441 978 1523 1014 XIV.

1107 1058 1225 1094 Antotis
1253 1061 1407 1094 canonicis
1429 1062 1623 1105 reqttlaribus
1645 1063 1762 1096 ordinis
1777 1065 1861 1098 San-

1155 1111 1196 1142 ctt'
1227 1110 1395 1153 Attyttstt'ni
1428 1112 1467 1144 ab
1503 1111 1640 1144 Ecclesia
1674 1112 1857 1147 Latet-arten.

1158 1160 1325 1193 saeculares
1347 1160 1489 1193 canonici
1508 1161 1726 1204 subrogantur.

1374 1238 1588 1269 SUMMARtUM

1106 1306 1292 1336 Prooemium.
1322 1323 1359 1327 —
1384 1306 1495 1335 Causae
1528 1305 1723 1336 submovendi
1751 1307 1786 1336 ab
1806 1307 1860 1336 hac

1146 1350 1276 1380 Ecclesia
1296 1350 1456 1388 regulares.
1475 1366 1514 1372 ——-
1531 1349 1704 1385 Quindecim
1724 1351 1858 1381 canonici

1147 1394 1315 1424 saeculares
1338 1395 1366 1424 in
1390 1394 1490 1423 eadem
1509 1393 1712 1424 instituuntur.

1148 1469 1302 1499 Bonifacius
1321 1470 1462 1506 episcopus
1486 1476 1580 1499 servus
1599 1478 1739 1500 servorum
1758 1471 1813 1503 Dei.

1240 1521 1273 1548 ad
1303 1521 1464 1556 perpetuam
1494 1521 1535 1549 rei
1558 1520 1724 1550 memoriam.

1156 1595 1297 1630 Romana
1325 1595 1478 1640 Ecclesia,
1501 1608 1580 1643 quae
1606 1603 1702 1643 super
1724 1597 1858 1632 uuiver-

1105 1658 1155 1680 sas
1179 1645 1338 1681 Ecclesias
1361 1645 1483 1680 obtinet
1511 1646 1617 1681 divina
1661 1647 1857 1682 institutione

1106 1696 1288 1743 primatum
1311 1696 1392 1731 circa
1420 1696 1562 1742 singulas
1592 1704 1750 1731 maternae
1785 1697 1859 1732 dili-

1105 1746 1229 1792 gentiae
1251 1758 1324 1780 cura
1347 1745 1459 1779 sedulo
1480 1746 1626 1792 vigilam,
1654 1759 1761 1781 carum
1786 1759 1859 1793 pro-

1107 1795 1242 1830 fectibus
1271 1796 1354 1830 velut
1376 1795 1497 1830 solicita
1522 1804 1621 1831 mater
1642 1796 1789 1831 ardenter
1814 1798 1860 1831 in-

1108 1845 1218 1886 tendit,
1253 1845 1385 1880 studens
1425 1857 1459 1879 ea
1498 1846 1624 1891 ponitus
1660 1846 1858 1889 submovere,

1109 1907 1162 1941 per
1189 1907 1269 1942 quae
1289 1896 1373 1942 ipsae
1400 1894 1559 1930 Ecclesiae
1581 1896 1760 1932 substinere
1784 1909 1859 1943 pos-

1107 1952 1176 1979 sent
1199 1945 1277 1979 circa
1306 1944 1479 1991 spiritualia
1514 1957 1568 1980 seu
1605 1945 1697 1980 etiam
1734 1953 1859 1992 tempo-

1108 1994 1183 2028 ralia
1212 2002 1412 2035 nocumentag
1437 2001 1467 2028 et
1491 1995 1540 2029 illa
1563 1994 1733 2030 efficaciter
1754 2007 1858 2040 agere,

1107 2056 1242 2091 quorum
1268 2043 1418 2090 suffragio
1440 2044 1486 2078 eis
1509 2045 1538 2078 in
1576 2044 1717 2091 utrisque
1752 2057 1858 2090 augu-

1109 2102 1251 2128 mentum
1276 2092 1342 2127 Deo
1366 2093 1501 2140 propitio
1524 2094 1623 2128 valeat
1647 2094 1820 2140 provenire.

1158 2142 1242 2177 Sane
1266 2143 1348 2177 inter
1371 2143 1470 2177 varias
1494 2150 1523 2177 et
1548 2143 1731 2178 innumeras
1744 2142 1858 2177 solici-

1110 2192 1248 2232 tudines,
1276 2205 1355 2239 quae
1379 2192 1470 2226 uobis
1497 2204 1533 2226 ex
1556 2192 1659 2227 officio
1702 2192 1859 2238 apostola-

1109 2249 1159 2276 tus
1182 2241 1382 2283 iucumbunt,
1405 2241 1442 2275 ad
1468 2241 1706 2288 patriarchalem
1730 2241 1859 2276 Latera-

1110 2303 1238 2326 nensem
1262 2291 1448 2333 Ecclesiam,
1476 2303 1569 2337 quam
1597 2292 1678 2326 inter
1720 2299 1859 2325 caeteras

1108 2339 1202 2375 Urbis
1215 2348 1244 2375 et
1266 2339 1361 2374 Orbis
1382 2339 1541 2374 Ecclesias
1563 2340 1645 2374 velut
1668 2347 1762 2386 caput
1780 2340 1860 2385 ipsa—

1109 2402 1177 2423 rum
1205 2389 1412 2436 antiquitatis,
1437 2388 1597 2433 diguitatis
1623 2401 1659 2423 ac
1685 2388 1858 2423 nobilitatis

1109 2439 1323 2486 praerogativa
1352 2437 1537 2483 fulgentem,
1567 2446 1673 2484 utpote
1704 2450 1720 2471 a
1757 2438 1858 2472 clarae

1110 2488 1278 2522 memoriae
1317 2487 1524 2521 Constantino
1557 2486 1745 2534 imperatore
1783 2486 1858 2522 Ro-

1110 2549 1202 2572 mano
1224 2535 1337 2571 eximia
1360 2536 1525 2570 devotione
1540 2544 1766 2577 constructam,
1789 2544 1819 2571 et
1841 2549 1856 2571 a

1109 2586 1200 2622 beato
1231 2585 1383 2621 Silvestre
1418 2584 1562 2620 Romano
1611 2585 1747 2620 antistite
1784 2593 1855 2621 ante

1144 2652 1183 2688 (t)
1200 2652 1237 2678 Ex
1258 2651 1362 2686 Regest.
1381 2651 1406 2677 ln
1426 2650 1531 2677 Archiv.
1551 2650 1632 2677 Vatic.

1878 269 1926 295 Αη.
1945 269 1962 294 (ἶ
1990 269 2056 296 129Β

1900 1612 2030 1633 Prooemium.

1887 2149 1965 2168 Causae
1977 2149 2057 2168 subm*-

1874 2180 1935 2200 venuti
1965 2180 1989 2199 ab
2019 2180 2055 2199 har

1874 2210 1967 2231 ssvctesia
1993 2216 2057 2230 rezn-

1874 2242 1928 2261 tare:
