2274 3265
93 279 141 305 An.
160 278 189 305 C.
205 279 271 305 ¹286

326 333 527 372 Apostolorum
554 334 728 362 induxerunt
756 334 844 363 multa
874 333 946 362 mala
977 342 1029 371 pa-

323 381 441 407 tranteS.
459 395 497 400 —-
520 378 545 408 Ξ.
565 378 616 408 llic
635 388 704 416 ergo
729 378 858 407 Pontifex
876 386 926 406 eos
945 377 1029 406 dani-

323 426 380 451 nat.
398 439 435 444 ——
457 423 484 452 3.
509 422 585 452 Haec
607 423 776 452 constitutio
801 422 915 461 populis
933 422 1031 451 decla-

322 467 422 496 randa.

283 556 411 585 Honorius
430 555 571 591 episcopus
595 561 689 583 servus
713 561 852 582 servorum
876 554 931 587 Dei.
952 561 1032 583 vene-

326 606 457 634 rabilibus
485 604 621 641 patrihus,
650 603 784 631 universis
815 603 1031 639 archiepiscopis.

327 657 356 685 ot
379 654 520 691 episcopis,
549 660 579 682 ac
610 653 720 681 dilectis
743 652 807 681 tiliis
835 652 1032 681 cathedralium

327 705 504 734 Ecclesiarum
522 703 627 736 electis,
647 704 677 731 et
694 703 804 731 vicariis
823 703 987 735 earumdem.
999 703 1033 730 ad

328 761 393 791 quos
411 754 512 783 literae
530 753 604 781 istae
622 752 803 788 pervenerint.
817 752 934 780 satutem
954 753 983 780 et
1003 759 1033 779 a-

327 802 488 839 postotieam
503 801 726 830 benedictionem.

332 878 414 913 Olim
449 877 499 913 set.
537 890 633 912 recor.
668 876 752 924 Papa
792 876 964 924 Gregorius
1004 877 1030 912 X

104 949 218 975 amm„
234 949 248 969 x
284 928 507 977 praedecessor
530 935 647 967 noster,
671 927 700 960 in
725 927 857 961 concilio
898 927 1032 973 Lugdu·

85 981 269 1030 ’ἔωᾙῗψω-
284 979 387 1021 nensi,
414 989 524 1012 omnes
553 976 719 1023 religiones
742 985 770 1010 et
799 976 925 1011 ordines
948 977 1033 1011 Men-

49 1059 51 1061 .
85 1014 175 1062 {³²:2¹⁸}ss
187 1016 270 1062 1ιῖῠέἷῖ
283 1027 453 1063 dicantium
490 1026 675 1060 adiuventos
699 1034 767 1073 post
793 1026 937 1073 generale
965 1026 1032 1060 La·-

84 1074 187 1123 amm·
208 1072 226 1096 ¹*
247 1078 267 1092 ⁰·
284 1087 446 1112 teranense
470 1077 652 1120 concilium,
675 1076 726 1122 qui
764 1076 881 1110 nullam
917 1076 1031 1110 confir-

285 1126 453 1162 mationem
482 1125 573 1160 Sedis
599 1125 799 1173 Apostolicae
838 1134 1030 1166 meruerunt,

284 1184 454 1224 perpetuae
482 1174 685 1222 prohibitioni
719 1174 865 1209 subiecit:
894 1183 923 1208 et
945 1187 1032 1222 qua-

285 1234 378 1261 tenus
405 1233 633 1273 processerant,
662 1226 825 1259 revocavit.

332 1275 352 1322 S
378 1278 406 1309 l.
434 1274 550 1308 Verum
579 1274 660 1309 sicut
699 1273 735 1307 ad
773 1275 869 1308 nostri
904 1282 1032 1320 aposto-

97 1333 183 1369 Quam
200 1336 269 1353 tamw
285 1325 366 1360 latus
389 1323 545 1363 auditum,
576 1323 654 1358 fama
694 1324 823 1370 querula
860 1323 1031 1367 deferente,

86 1363 269 1415 ξῖζῆῒέῗίὣῗ
285 1374 435 1422 pervenit,
458 1372 599 1420 quidam,
627 1372 680 1418 qui
711 1382 778 1418 post
805 1373 961 1419 generale,
1002 1381 1032 1407 et

85 1425 270 1477 20⁰⁵¹⁰¹2¹⁴¹m³¹¹¹²g
283 1432 354 1459 ante
383 1423 596 1469 Lugdunense
621 1422 778 1470 praedicta
808 1422 938 1457 concilia
973 1422 1032 1457 sub

85 1462 267 1514 mudi'iigdffiien.
284 1473 411 1508 nomine
424 1472 554 1507 Ordinis
575 1472 799 1520 Apostolorum
824 1472 963 1506 habitum
982 1484 1032 1507 no-

284 1535 337 1558 vae
377 1521 536 1568 religionis
559 1532 811 1569 assumpserunt,
839 1534 1030 1569 quamquam

284 1572 400 1607 nullam
435 1571 604 1619 aliquando
635 1571 907 1607 confirmationem
938 1571 1032 1606 Sedis

281 1621 483 1669 Apostolicae
512 1622 712 1664 meruissent,
742 1621 964 1668 prohibitionis
996 1634 1031 1657 ac

0 1659 2 1720 l
283 1671 490 1707 revocationis
534 1671 709 1718 praedictae
744 1672 901 1706 temerarii
935 1684 1031 1718 prae-

281 1729 461 1768 sumptores
484 1720 630 1756 eumdem
656 1720 809 1762 habitum,
832 1733 886 1756 seu
915 1732 942 1755 ei
960 1733 1033 1756 con-

283 1771 418 1806 similem
441 1770 500 1805 sub
527 1770 638 1806 eodem
663 1771 789 1805 nomine
814 1783 912 1818 usque
936 1770 1031 1806 hodie

283 1821 467 1864 deserentes,
477 1820 680 1868 quamplures
693 1820 785 1855 etiam
796 1821 858 1860 atii,
869 1829 1031 1867 assumpto

283 1879 352 1918 post
378 1870 497 1905 dictum
526 1869 741 1916 Lugdunense
768 1869 936 1905 concilium
977 1870 1033 1904 hu-

283 1919 455 1956 iuscemodi
492 1920 618 1964 habitu,
659 1932 713 1967 per
747 1920 886 1955 diversas
921 1920 1030 1955 mundi

284 1979 385 2017 partes
408 1969 618 2004 mendicando
650 1970 829 2005 discurrere
872 1982 932 2005 non
972 1983 1031 2005 ve-

283 2029 404 2061 rentur,
428 2020 575 2055 facientes
597 2032 631 2055 ea
656 2033 734 2069 quae
759 2033 818 2055 non
843 2020 1030 2059 condecent,

283 2070 313 2105 in
337 2071 511 2106 animarum
535 2082 662 2106 suarum
681 2070 868 2118 periculum,
889 2079 917 2105 et
939 2083 1030 2117 grave

282 2120 464 2155 scandalum
489 2121 710 2169 plurimorum:
736 2120 917 2168 praesertim
959 2133 1029 2156 cum

284 2170 424 2205 nonnulli
465 2171 624 2217 pravitatis
651 2171 825 2206 haereticae
842 2170 914 2205 vitio
943 2171 1030 2206 labo-

284 2229 388 2255 rantes
422 2221 480 2255 sub
524 2220 703 2256 huiusmodi
739 2221 847 2255 habitu
885 2221 946 2255 sint
983 2222 1031 2255 in-

285 2270 380 2304 venti.

333 2319 352 2366 g
373 2321 405 2353 2.
430 2319 494 2354 Nos
523 2320 616 2366 igitur
639 2321 788 2364 volentes,
813 2320 919 2355 talium
945 2333 1032 2368 prae-

85 2373 136 2425 ηξῑοιξ
151 2374 270 2426 ἔτιοξξηῑ
285 2369 490 2404 varicator-am
520 2370 706 2404 insolentem
734 2370 894 2405 audaciam
921 2371 1032 2405 refrau-

18 2431 29 2446 ¹
85 2438 127 2455 nai*
165 2411 188 2426 ⁹¹
236 2412 255 2426 ¹¹²
286 2419 364 2463 nari,
387 2428 415 2453 et
444 2419 633 2466 praedictam
658 2432 718 2454 non
744 2429 802 2454 tam
832 2420 1030 2466 religionem,

3 2458 7 2519 l
284 2480 375 2515 quam
399 2469 606 2516 perniciosam
628 2478 742 2504 sectam
764 2470 886 2517 penitus
902 2470 1031 2511 aboleri,

285 2530 322 2552 ne
345 2519 422 2553 forte
446 2518 585 2552 fidelium
615 2519 773 2565 simplices
801 2519 873 2554 salsa
909 2520 1030 2554 sancti—

284 2568 355 2603 tatis
381 2580 490 2603 eorum
516 2569 651 2615 imagine
679 2568 878 2609 seducantur,
912 2570 1032 2603 univer—

283 2617 365 2652 sitati
390 2626 508 2653 vestrae
537 2631 590 2665 per
616 2618 787 2665 apostolica
816 2619 930 2665 scripta
947 2631 1032 2653 man—

284 2666 583 2715 damus‚‹1uateiiiis
610 2680 828 2715 quoscumque
863 2668 901 2702 de
941 2681 1031 2716 prae-

909 277 1071 299 HONORH‘S

1101 278 1130 299 tv
1161 278 1207 299 ιΨ.
1723 266 1767 297 85

1074 333 1163 367 dictis
1188 333 1215 365 in
1242 333 1350 366 *ostris
1372 333 1548 368 civitatibus
1566 343 1597 368 et
1618 334 1817 371 dioecesibus

1074 381 1205 416 inveniri
1228 382 1404 427 contigerit,
1432 395 1485 417 eos
1518 383 1555 418 ad
1593 384 1816 432 deponendum

1074 431 1255 466 huiusmodi
1276 431 1427 471 habitum,
1445 433 1617 468 monitione
1638 436 1818 482 praemissa.

1074 494 1129 528 per
1150 493 1314 516 censuram
1337 481 1590 528 ecclesiasticam,
1613 485 1819 531 appellatione

1075 531 1259 578 postposita,
1282 530 1486 578 compellatis,
1502 541 1664 568 monentes
1680 534 1819 577 eosdem,

1075 590 1106 615 ut
1128 581 1152 615 si
1189 580 1363 626 religiosam
1406 581 1497 615 vitam
1530 580 1645 618 ducere
1677 580 1818 631 cupiunt,

1075 631 1110 665 ad
1135 630 1271 677 aliquam
1295 643 1328 664 se
1352 629 1536 665 transferant
1560 631 1597 666 de
1615 632 1820 679 religionibus

1073 680 1266 727 approbatis.
1289 679 1381 721 Quod
1405 680 1429 713 si
1451 679 1546 727 aliqui
1574 694 1683 716 eorum
1710 695 1821 718 censu-

1076 743 1138 763 ram
1168 729 1357 777 praedictam
1381 730 1641 777 contempserint,
1671 743 1723 766 vos
1744 744 1821 767 con-

1075 788 1117 813 tra
1143 780 1227 826 ipsos
1248 778 1285 813 ad
1311 791 1442 826 poenam
1465 780 1612 820 carceris,
1637 792 1690 815 seu
1717 781 1820 821 aliam,

1076 837 1169 876 prout
1196 828 1344 875 expedire
1374 828 1524 870 videritis,
1548 830 1736 877 procedatiS,
1772 832 1821 865 in-

1075 887 1182 914 vocato
1209 878 1361 913 adversus
1388 890 1453 922 eos,
1480 879 1504 913 si
1528 892 1610 926 opus
1632 879 1735 925 suerit,
1769 893 1820 915 au-

1075 929 1148 963 xilio
1172 928 1288 963 brachii
1312 927 1489 963 saecularis.

1122 978 1142 1025 S
1170 982 1201 1012 5.
1225 977 1391 1013 Caeterum
1416 985 1447 1012 ut
1472 978 1621 1026 praedicti
1642 991 1679 1013 eo
1701 978 1820 1015 facilius

1074 1040 1088 1061 a
1112 1039 1166 1062 sua
1192 1028 1357 1062 insolentia
1381 1037 1633 1075 compescantur,
1655 1041 1719 1076 quo
1753 1042 1820 1064 ma-

1073 1077 1121 1123 gis
1143 1089 1158 1111 a
1182 1076 1300 1112 Christi
1325 1076 1471 1112 fidelibus
1497 1077 1586 1113 abiici
1615 1090 1647 1113 se
1685 1078 1820 1114 viderint

1074 1135 1102 1161 et
1125 1127 1295 1161 contemni:
1325 1127 1469 1161 volumus
1497 1127 1714 1172 nihilominus,
1736 1129 1818 1177 quod

1074 1176 1253 1211 huiusmodi
1280 1188 1461 1223 processum
1502 1185 1667 1218 nostrum,
1701 1179 1732 1212 iu
1768 1191 1821 1212 ve-

1073 1234 1207 1260 strarum
1231 1224 1391 1260 civitatum
1415 1233 1445 1260 et
1466 1225 1647 1262 dioecesum
1667 1228 1821 1272 terminis,

1075 1275 1191 1309 iteratis
1220 1274 1340 1310 vicibus
1375 1275 1571 1322 publicantes
1603 1288 1638 1311 ac
1673 1276 1822 1313 facientes

1075 1336 1128 1371 per
1153 1323 1277 1371 aliquos
1317 1324 1482 1372 publicari,
1523 1325 1648 1361 eosdem
1686 1327 1822 1375 populos

1073 1373 1255 1408 auctoritate
1283 1382 1385 1409 nostra
1415 1376 1568 1410 moneatis
1602 1384 1631 1410 et
1666 1375 1822 1411 inducatis

1073 1431 1199 1464 attente,
1224 1436 1261 1458 ne
1283 1424 1419 1471 aliquem
1458 1423 1497 1459 de
1534 1424 1700 1472 praedictis
1737 1439 1824 1474 prae-

1074 1472 1169 1508 fatum
1186 1473 1327 1508 habitum
1345 1473 1558 1509 deferentibus
1588 1475 1726 1523 recipere
1739 1489 1824 1523 prae-

1073 1531 1199 1557 sumant
1227 1523 1257 1558 in
1286 1523 1434 1571 hospitio,
1464 1524 1510 1559 vel
1533 1524 1578 1559 eis
1605 1524 1723 1572 aliquas
1745 1525 1823 1561 elee-

1073 1585 1220 1620 mosynas
1247 1573 1430 1620 largiantur;
1458 1587 1514 1609 nec
1542 1573 1578 1609 ad
1615 1573 1821 1611 deferendum

1073 1621 1213 1657 habitunt
1239 1622 1338 1663 illum,
1366 1635 1422 1658 seu
1463 1625 1489 1658 ei
1531 1623 1727 1659 consimilem
1762 1626 1822 1660 im-

1074 1672 1211 1719 pendant
1233 1673 1412 1717 consilium⁷
1436 1673 1584 1709 auxilium
1609 1674 1654 1709 vel
1672 1674 1820 1710 savorem.

1123 1721 1191 1756 Dat.
1215 1722 1339 1757 Romae
1359 1722 1445 1770 apud
1467 1722 1501 1758 S.
1525 1723 1690 1764 Sabinam,
1724 1728 1744 1759 5
1779 1725 1821 1759 id.

1074 1772 1187 1816 martii,
1206 1781 1292 1819 pont.
1322 1772 1420 1807 nostri
1449 1785 1531 1808 anno
1554 1773 1663 1820 primo.

1132 1830 1192 1861 Dat.
1211 1831 1257 1861 die
1276 1830 1309 1860 11
1329 1831 1425 1860 martii
1443 1830 1527 1867 1286,
1551 1835 1628 1870 pont.
1649 1841 1724 1861 anno
1746 1841 1764 1861 1.

1423 1956 1470 1992 vl.

1077 2033 1169 2074 Quod
1188 2033 1250 2078 filii
1269 2040 1295 2066 ee
1320 2039 1438 2077 nepotes
1464 2033 1539 2071 eius,
1568 2032 1623 2078 qui
1647 2032 1682 2066 de
1708 2032 1824 2065 haeresi

1122 2084 1285 2128 inquisitus
1307 2090 1332 2115 el
1355 2083 1510 2116 absolutus
1532 2083 1602 2127 fuit,
1637 2083 1680 2116 ad
1718 2082 1822 2127 officia

1121 2141 1147 2166 et
1174 2134 1315 2178 beneficia
1342 2133 1467 2166 admitti
1483 2133 1601 2177 possint
1625 2133 1679 2174 (l).

1339 2211 1554 2241 SUMMARIUM

1074 2276 1100 2305 l.
1135 2275 1255 2305 Romani
1289 2274 1371 2304 Pont.
1402 2274 1572 2314 frequenter
1596 2274 1822 2314 inquisitoribus

1112 2321 1325 2350 commiserunt
1342 2320 1504 2349 haereticos
1517 2324 1545 2349 et
1556 2319 1695 2355 fautores,
1706 2328 1823 2348 eorum-

1112 2374 1168 2404 que
1197 2365 1272 2395 silios
1294 2368 1321 2393 et
1349 2368 1468 2403 nepotes
1491 2363 1643 2393 beneficiis
1666 2368 1694 2393 et
1720 2364 1823 2394 officiis

1113 2409 1229 2448 privari.
1252 2426 1289 2430 -
1311 2408 1338 2438 9.
1366 2408 1489 2444 Quidam
1514 2406 1678 2447 Philippus,
1697 2409 1824 2448 inquisi-

1107 2480 1146 2515 (1)
1164 2479 1363 2507 Haereticorum
1384 2478 1450 2506 filios
1465 2478 1590 2505 omnibus
1611 2477 1704 2505 officiis
1728 2483 1754 2505 et
1779 2478 1822 2505 di-

1072 2521 1217 2556 gnitatibus
1234 2520 1352 2555 privatos
1373 2519 1455 2546 voluit
1476 2518 1643 2545 Innocentius
1663 2518 1696 2545 tv
1715 2520 1820 2546 constit.

1072 2569 1101 2593 11,
1123 2564 1188 2587 tom.
1207 2569 1245 2591 iu,
1265 2568 1322 2596 pag.
1344 2560 1405 2587 505.
1422 2560 1489 2586 Huic
1505 2567 1568 2586 vero
1578 2567 1675 2594 poenae
1683 2559 1823 2586 subiicien-

1072 2601 1120 2628 dos
1139 2609 1196 2628 esse
1216 2600 1282 2627 filios
1309 2600 1414 2627 illorum
1438 2599 1648 2631 haereticorum,
1668 2607 1735 2634 quos
1755 2607 1820 2635 poe-

1072 2641 1207 2668 nitentiam
1224 2640 1306 2675 egisse
1331 2640 1489 2671 constiterit,
1510 2639 1653 2666 declaravit
1672 2639 1821 2666 Alexander

1074 2681 1117 2714 tv,
1135 2681 1240 2708 constit.
1262 2687 1336 2712 xnvr,
1353 2679 1369 2715 ς
1385 2680 1411 2713 2,
1430 2684 1502 2706 tomo
1519 2678 1622 2711 eodem,
1635 2686 1692 2715 pag.
1706 2679 1766 2706 663.

1834 280 1870 306 Απ
1902 277 2014 306 01286

1848 989 1903 1010 Haec
1918 990 2021 1010 eonstitu-

1834 1024 1864 1043 tio
1881 1020 1964 1049 populis
1979 1021 2019 1041 de-

1835 1053 1941 1074 claranda.
