2274 3265
116 286 164 313 Λη.
180 285 207 313 Ε.
229 286 296 313 1512

123 1340 223 1360 carnibus
238 1345 293 1359 nun-

110 1377 169 1397 quam
185 1376 241 1391 usus.

130 1641 176 1661 Eius
193 1641 270 1661 ieinuta

120 2431 141 2451 Et
155 2435 290 2452 austeritates

107 2463 126 2482 iu
143 2469 168 2489 qu
176 2464 288 2488 tdt'it:r⁴tit³.

950 285 1093 307 CLEMENS
1117 285 1134 305 Υ
1159 285 1206 306 ΙΨ.

312 341 382 376 dam
406 342 595 389 exemplaria
621 343 698 375 vitae
719 350 859 381 nostrae,
883 341 961 387 ipse,
978 341 1054 374 sieut

313 391 456 437 pluribus
489 399 520 425 et
556 391 615 425 lide
649 391 753 437 dignis
790 390 978 424 testimoniis
1010 399 1056 423 est

313 440 488 486 probatum,
512 442 640 475 vestium
669 439 868 487 splendorem
891 451 927 473 ac
949 439 1057 473 levita-

312 498 372 524 tem
391 490 580 538 despiciens,
605 491 634 524 in
657 489 773 537 quibus
791 497 945 523 amatores
962 489 1056 523 buius

310 541 425 574 saeculi
449 541 655 578 delectamur,
671 539 782 573 ciliciis
804 538 843 573 de
867 538 936 584 pilis
954 550 1055 585 equo-

311 602 378 623 rum
404 590 501 633 sactis,
530 588 701 624 reticulatis
725 588 838 634 pariter
860 596 888 622 et
917 587 1054 626 nodosis.

311 639 450 674 vestibus
476 651 602 686 quoque
624 637 692 672 aliis
727 637 839 671 vilibus
862 638 993 671 multum
1026 646 1053 672 et
1076 653 1077 660 ¹

310 689 429 735 asperis
449 688 622 735 tegebatur.
647 687 693 721 Ad
711 686 826 721 nudam
851 699 978 734 quoque
992 700 1057 722 car-

311 751 380 773 nem
409 749 548 774 catenam
572 738 703 772 ferream
727 745 756 771 et
779 738 930 771 circulum
955 750 1056 784 quan-

310 788 414 835 doque
449 788 584 823 ferreum
616 786 784 821 deserebat.
835 787 921 821 Lecti
962 788 1053 821 etiam

311 838 470 873 mollitiem
505 837 666 872 declinans
699 840 760 880 (ne
783 849 854 871 caro
879 837 1056 884 petulanter

311 887 473 922 lasciviens
500 887 592 922 noxie
624 886 786 922 moliretur
819 887 848 921 in
887 887 1054 934 spiritum]

311 938 340 971 in
369 945 448 972 terra
484 945 536 972 aut
559 936 652 972 nudis
675 937 788 971 tabulis
803 936 992 980 dormiebat,
1010 937 1054 971 rel

310 987 338 1021 in
358 986 537 1021 cancellatis
559 987 728 1027 craticulis,
752 987 882 1021 vestinis
909 987 1010 1021 cilicio
1025 993 1054 1020 et

309 1037 419 1083 pannis
442 1037 552 1075 solitis,
576 1037 772 1084 praecinctus
795 1036 919 1070 lumbos
947 1044 1054 1071 catena

309 1086 406 1121 ferrea
435 1095 483 1121 aut
514 1086 642 1121 circulo.
679 1086 740 1121 Pro
777 1087 927 1133 pulvinari
959 1099 1054 1129 roro,

308 1136 393 1182 ligno
416 1144 468 1170 aut
490 1136 606 1183 lapide,
621 1149 675 1170 seu
691 1136 766 1170 dura
785 1148 816 1170 re
829 1135 885 1170 alia
901 1135 1054 1176 utebatur,

308 1194 337 1220 et
360 1185 462 1233 (quod
486 1186 683 1233 importabile
702 1189 770 1229 est)
798 1198 893 1219 sanus
927 1185 971 1219 vel
999 1185 1051 1218 in-

309 1236 418 1270 firmus
445 1236 535 1270 lectis
556 1236 623 1270 aliis
647 1247 707 1269 non
731 1244 777 1269 est
801 1248 885 1269 usus.

356 1285 376 1331 S
398 1286 430 1319 5.
453 1285 593 1319 Studens
616 1286 707 1319 ctiam
733 1297 788 1331 pro
811 1284 928 1317 viribus
943 1283 1054 1317 dome-

308 1335 419 1369 sticum
459 1335 585 1369 domare
624 1334 761 1372 bostem,
802 1346 839 1367 ne
877 1333 1053 1380 praevalere

308 1393 412 1431 posset
445 1384 593 1431 spiritui,
617 1396 674 1418 nec
701 1396 796 1417 sanus
823 1396 880 1417 nec
910 1382 1053 1417 inlirmus

306 1434 455 1468 carnibus
477 1433 671 1468 vescebatur.
696 1433 810 1467 Vinum
836 1445 907 1466 vero
931 1445 991 1465 non
1011 1432 1054 1466 bi-

306 1483 396 1518 bebat
423 1483 482 1518 nisi
509 1483 677 1527 rarissime,
699 1483 744 1517 sic
772 1492 874 1517 tamen
903 1482 1052 1518 dilutum,

307 1542 339 1567 ut
366 1533 524 1567 videretur
545 1532 606 1567 vini
631 1533 766 1580 speciem
786 1545 846 1566 non
872 1532 995 1566 babere.

352 1586 366 1626 g
395 1585 426 1617 6.
450 1582 584 1629 Semper
611 1595 750 1629 quoquo,
775 1582 832 1615 nisi
856 1581 967 1616 diebus
993 1581 1052 1616 do—

305 1632 440 1673 minicis,
464 1632 631 1667 ieiunabat.
655 1632 717 1666 Sex
747 1631 953 1665 nibilominus
976 1644 1052 1678 qua-

303 1682 455 1730 dragenas
482 1683 617 1729 singuiis
643 1682 733 1716 annis
757 1681 886 1721 faciens,
902 1689 1050 1720 mentem,

303 1744 365 1767 non
390 1740 529 1767 ventrem
546 1732 673 1766 relicere
696 1731 866 1778 cupiendo,
897 1731 1052 1777 aliligebat

304 1782 334 1816 in
366 1783 442 1830 ipsis
478 1782 569 1817 solito
605 1782 715 1816 durius
743 1794 867 1815 carnem
896 1793 995 1815 suam.
1024 1782 1052 1813 ()

302 1832 456 1879 stupenda
479 1841 507 1866 et
530 1831 600 1866 aliis
623 1832 743 1866 insueta
768 1843 871 1865 rerum
896 1831 1051 1874 materies,

303 1894 433 1916 cernere
448 1882 606 1916 bominem
625 1882 653 1915 iu
675 1893 767 1916 carne
790 1881 957 1926 (legentem
974 1893 1052 1914 mor-

304 1932 354 1965 tali
379 1940 409 1966 et
436 1931 547 1977 fragili,
571 1931 630 1965 sub
654 1939 714 1965 tam
738 1940 881 1966 austerae
897 1938 924 1963 et
943 1930 1052 1976 longae

303 1981 525 2016 macerationis
554 1981 691 2028 pondere
725 1993 787 2014 non
810 1979 992 2014 cadentem!
1017 1979 1050 2013 ln

304 2031 405 2065 tribus
433 2043 569 2077 namque
604 2030 815 2078 quadragenis
855 2029 883 2062 in
918 2042 996 2075 pane
1023 2037 1050 2063 et

303 2093 382 2128 aqua
419 2080 576 2115 ieiunabat
620 2080 767 2114 continue
799 2088 826 2113 vt
861 2079 1052 2126 quandoque

303 2143 375 2164 cum
396 2131 471 2164 solis
490 2129 572 2165 foliis
600 2130 735 2164 caulium
759 2129 877 2176 absque
894 2141 983 2175 pauo.
1000 2128 1053 2162 ln-

305 2180 426 2214 terdum
457 2189 560 2214 autem
584 2180 658 2214 solis
687 2179 788 2226 pomis
824 2178 869 2212 rel
898 2179 1052 2212 castaneis

303 2242 357 2264 seu
385 2230 491 2276 granis
514 2230 653 2264 fabarum
678 2229 864 2263 mollificatis
893 2230 922 2261 in
954 2240 1051 2274 aqua,

304 2287 357 2313 aut
377 2279 484 2314 crudis
508 2280 589 2326 rapis
617 2279 835 2313 tantummodo
860 2277 1050 2313 vescebatur.

305 2329 337 2363 ln
361 2329 491 2364 caeteris
508 2341 579 2363 vero
602 2328 823 2376 quadragenis,
848 2341 908 2362 uno
932 2336 1050 2362 tantum

306 2379 424 2413 ferculo
459 2379 628 2418 utebatur,
663 2378 797 2424 insipido
826 2386 926 2412 tamen
956 2386 985 2411 et
1021 2377 1050 2411 iu

306 2429 426 2463 modica
458 2429 641 2476 quantitate.
664 2427 698 2462 In
736 2429 844 2462 barum
874 2440 944 2460 vero
967 2440 1052 2474 qua-

305 2479 511 2523 dragenarum
535 2477 694 2524 aliquibus
717 2477 818 2524 (quod
844 2485 971 2511 naturae
993 2476 1051 2510 ltu-

306 2530 387 2563 mani
415 2529 556 2575 corporis
583 2537 628 2561 est
652 2527 784 2570 liorror)
817 2539 893 2560 usus
915 2535 961 2561 est
996 2539 1051 2573 pro

306 2587 391 2613 veste
414 2578 480 2613 solo
500 2577 609 2612 cilicio.
639 2577 672 2610 In
697 2576 886 2623 quibusdam
917 2588 988 2610 vero
1007 2577 1051 2609 ci-

305 2628 376 2662 licio
399 2636 429 2662 et
444 2640 538 2675 super
554 2627 655 2673 ipsum
680 2626 773 2660 lorica
797 2626 889 2659 cuius
912 2625 1050 2671 pondere

305 2690 376 2712 caro
399 2678 467 2712 eius
501 2689 553 2724 per
581 2676 792 2710 subintrantes
816 2675 914 2708 nodos
943 2674 1049 2717 cilicii,

1725 275 1789 306 231

1101 347 1131 373 ut
1151 346 1303 374 testantur
1318 340 1386 373 eius
1399 340 1490 379 socii,
1505 339 1692 386 aliquotiens
1706 339 1846 374 disrum-

1101 389 1243 435 pebatur.
1284 388 1321 423 Et
1346 402 1447 423 revera
1483 389 1557 423 baec
1581 390 1609 422 in
1634 389 1762 424 bomine
1786 390 1845 424 isto

1098 447 1205 473 sancto
1241 450 1334 484 supra
1373 439 1531 472 bominem
1566 439 1766 485 gerebantur.
1797 439 1843 473 Ad

1100 488 1174 522 baec
1197 488 1280 522 enim
1306 488 1431 521 serenda
1455 496 1515 521 tant
1534 489 1636 534 gravia
1668 489 1763 523 virtus
1780 488 1845 522 bu-

1099 550 1187 572 mana
1212 550 1273 571 non
1299 537 1421 571 ridetur
1444 550 1535 584 posse
1557 538 1711 578 sufficere,
1731 538 1785 572 sed
1801 538 1845 571 di-

1098 588 1165 622 viua
1191 587 1295 634 potius
1318 587 1347 621 in
1376 587 1443 633 ipso
1466 586 1608 621 hatmans
1630 587 1690 621 lioc
1705 587 1844 633 gerebat.

1146 637 1165 681 Ξ
1190 641 1219 670 7.
1252 636 1312 670 Hic
1346 636 1455 670 beatus
1484 636 1527 670 vir
1561 637 1619 671 iam
1650 636 1844 672 mortificatis

1097 687 1206 733 spiritu
1247 687 1350 721 caruis
1389 685 1555 720 desideriis
1589 694 1617 720 et
1667 688 1843 733 repressis,

1098 749 1220 771 summe
1243 736 1375 770 devotus
1392 734 1470 775 lieo,
1493 736 1612 770 orando
1626 736 1754 770 assidue
1769 737 1844 770 ani-

1099 800 1183 820 mum
1207 786 1243 820 ad
1268 785 1369 820 Deum
1399 785 1498 819 tenuit
1526 785 1656 820 firmiter
1678 785 1843 820 elevatum.

1098 836 1165 883 lpse
1200 836 1316 870 etenim
1349 836 1386 870 ad
1417 835 1584 869 matutinas
1611 834 1720 869 laudes
1743 835 1844 870 media

1098 894 1188 921 noete
1219 885 1385 932 surgebat,
1410 885 1551 932 ipsisque
1588 884 1690 923 dictis,
1724 884 1845 930 legebat

1099 936 1279 982 psalterium
1303 947 1375 970 cnm
1394 935 1497 969 litania
1520 942 1548 969 et
1585 934 1725 968 collectis
1751 946 1844 982 quam

1099 985 1253 1031 pluribus,
1289 997 1323 1019 ac
1357 984 1477 1019 crebris
1508 983 1781 1030 genuflexionibus
1816 992 1845 1017 et

1097 1034 1269 1081 disciplinis
1291 1035 1378 1069 duris
1412 1046 1537 1069 carnem
1559 1046 1648 1068 suam
1672 1046 1742 1068 cum
1764 1034 1846 1067 vitiis

1097 1085 1374 1131 concupiscentiae
1409 1084 1623 1130 crucifigens:
1664 1084 1694 1117 in
1734 1095 1845 1118 aurora

1098 1146 1181 1175 vero,
1207 1134 1299 1168 missa
1324 1147 1378 1181 per
1406 1134 1508 1180 ipsum
1540 1132 1706 1176 celebrata,
1731 1133 1844 1167 iterum

1096 1183 1206 1217 devote
1231 1183 1386 1230 incipiens
1415 1183 1456 1216 ibi
1480 1182 1682 1229 psalterium,
1710 1182 1761 1216 ubi
1796 1182 1846 1216 di-

1097 1232 1233 1271 miserat,
1256 1245 1344 1267 orare
1377 1244 1476 1279 usquc
1511 1232 1547 1266 ad
1585 1232 1691 1266 boram
1721 1231 1844 1267 tertiam

1097 1294 1158 1315 non
1182 1282 1334 1316 cessabat.

1144 1332 1163 1378 g
1191 1334 1222 1365 8.
1247 1332 1291 1365 Ne
1319 1340 1421 1366 autem
1451 1331 1552 1378 ipsum
1577 1330 1712 1377 reperire
1741 1337 1846 1377 posset

1095 1380 1241 1415 diabolus
1263 1381 1417 1421 otiosum,
1440 1379 1600 1414 laborabat
1623 1381 1761 1426 propriis
1783 1392 1847 1414 ma-

1097 1430 1201 1471 nibus,
1228 1430 1397 1464 scribendo
1427 1430 1471 1463 vel
1500 1429 1621 1463 suendo
1645 1429 1756 1469 cilicia,
1789 1441 1844 1463 seu

1097 1480 1237 1514 faciendo
1264 1480 1348 1514 aliud
1386 1492 1467 1526 opus
1499 1479 1668 1514 honestum
1707 1487 1737 1513 et
1772 1479 1846 1513 utile

1095 1530 1132 1563 ab
1168 1530 1240 1563 liora
1282 1531 1371 1564 tertia
1411 1541 1510 1576 usque
1552 1528 1588 1562 ad
1618 1540 1744 1562 nonam.
1773 1528 1847 1562 Post

1095 1579 1200 1613 cibum
1237 1579 1372 1627 denique
1400 1587 1561 1625 sumptum
1595 1590 1693 1626 usquc
1716 1577 1752 1612 ad
1781 1590 1846 1612 uo-

1860 285 1908 309 An.
1927 281 1956 308 C,
1976 279 2043 307 13¹2

1872 646 1987 666 continua·
1997 652 2045 672 pre*

1860 684 1894 697 ces
1911 679 1934 697 aa
1951 677 2021 698 Deum.

1867 1342 1939 1362 Labori
1948 1349 2042 1362 manuum

1860 1380 1896 1394 vae
1906 1378 1923 1393 tt:

1095 1639 1175 1663 ctem
1208 1630 1394 1675 profundam
1420 1627 1639 1676 perseverabat
1670 1640 1741 1661 cum
1766 1627 1858 1671 Deo„

1094 1679 1131 1712 ab
1169 1680 1310 1713 oratione
1348 1679 1484 1713 fervente
1519 1678 1663 1725 spiritum
1694 1689 1754 1711 non
1790 1690 1845 1712 re-

1097 1729 1213 1763 laxans.

1142 1782 1162 1822 ,ξ
1184 1783 1215 1813 9.
1241 1778 1363 1813 Morum
1379 1778 1472 1812 etiam
1491 1777 1653 1812 honestate
1682 1785 1844 1821 venustus,

1095 1828 1190 1863 odore
1225 1841 1299 1863 suae
1328 1827 1502 1863 sanctitatis
1535 1827 1611 1861 vitae
1634 1827 1845 1861 communiter

1096 1879 1155 1912 iam
1180 1879 1348 1925 disperso,
1376 1878 1413 1912 ad
1448 1890 1540 1911 suum
1572 1876 1687 1911 multos
1721 1876 1845 1910 attraxit

1094 1936 1268 1974 aspectum,
1295 1935 1325 1961 et
1359 1926 1562 1974 quamplures
1584 1926 1766 1961 aberrantes
1790 1937 1845 1972 per

1097 1979 1242 2011 vitiorum
1267 1977 1399 2024 abrupta
1437 1976 1560 2011 reduxit
1590 1976 1626 2010 ad
1649 1975 1753 2010 Deum
1777 1975 1844 2009 suis

1095 2027 1211 2062 sanctis
1234 2027 1503 2062 exhortationibus
1529 2034 1559 2060 et
1581 2025 1744 2071 exemplis.
1780 2024 1844 2059 Nec

1095 2078 1222 2120 mirum,
1239 2089 1308 2111 nam
1335 2078 1435 2123 ipsum
1454 2075 1603 2110 reddebat
1625 2074 1748 2110 eunctis
1762 2086 1845 2108 com-

1096 2139 1223 2162 munem
1262 2127 1385 2165 caritas,
1425 2125 1602 2160 obedientia
1639 2132 1842 2171 promptum,

1097 2177 1252 2223 placidum
1290 2176 1480 2215 humilitas,
1519 2175 1616 2221 pietas
1652 2173 1843 2221 patientibus

1095 2227 1296 2264 roalllietum,
1320 2226 1468 2259 decorum
1495 2224 1625 2271 puritas,
1655 2222 1842 2270 parsimonia

1096 2276 1268 2310 mirabilem
1284 2303 1291 2315 ,
1315 2275 1488 2309 honestatis
1511 2273 1675 2308 maturitas
1698 2284 1844 2307 reveren-

1095 2325 1182 2370 dum,
1207 2325 1385 2370 benignitas
1420 2324 1560 2366 bilarem,
1585 2330 1731 2357 constans
1762 2333 1843 2369 quo-

1094 2388 1155 2422 que
1175 2376 1274 2409 virtus
1296 2375 1390 2409 animi
1421 2375 1450 2408 in
1471 2372 1609 2408 adversis
1632 2381 1661 2407 et
1686 2372 1842 2420 prosperis

1095 2425 1294 2460 uniformem.

1142 2479 1156 2518 ξ
1192 2477 1246 2509 10.
1287 2473 1430 2520 Denique
1466 2472 1512 2507 vir
1543 2479 1672 2506 sanctus
1708 2470 1841 2517 cupiens

1094 2525 1233 2558 divinum
1253 2523 1399 2570 ampliare
1416 2522 1548 2565 cultum,
1564 2521 1839 2568 congregationem

1095 2574 1296 2608 monasticam
1321 2572 1380 2606 sub
1403 2571 1439 2605 B.
1463 2571 1625 2605 Benedicti
1654 2569 1773 2617 regula,
1786 2582 1840 2603 su-

1095 2623 1263 2670 peratlditis
1278 2623 1305 2656 ei
1330 2622 1453 2656 statutis
1466 2620 1658 2665 arctissimis,
1674 2619 1839 2662 ordinavit,

1095 2674 1144 2707 ubi
1182 2673 1309 2706 fratrum
1349 2683 1476 2705 snorum
1514 2669 1580 2704 Deo
1619 2669 1838 2704 famulantium

1872 1788 1912 1807 Suo
1946 1787 2042 1813 exemplu

1859 1819 1911 1837 alios
1926 1818 1950 1837 ud
1968 1818 2042 1837 bonam

1859 1848 1937 1874 frugem
1949 1854 2041 1869 sevocatv

1868 2484 2019 2510 tlongregnuo-

1855 2521 1901 2535 nem
1923 2517 2038 2537 monacho—

1854 2552 1897 2566 rum
1915 2548 2011 2567 instituit.
