2274 3265
211 285 259 311 An.
278 286 306 309 (ἱ.
325 283 389 308 111211

227 2065 357 2085 Obstantinni
370 2065 404 2083 de-

221 2099 308 2121 rogatio.

457 273 525 304 708

455 340 475 385 5²
495 343 521 372 1.
542 338 623 371 Cum
637 336 767 370 abbates
784 334 1005 368 Cistcrciensis
1026 332 1157 366 Ordinis

408 388 445 422 ad
469 385 748 421 commonitionem
773 392 825 417 etc.
845 387 900 426 tt).

457 438 476 483 ᾖ
497 441 530 470 2.
555 435 617 469 Nos
639 434 721 468 enim
748 433 1004 479 propagationem
1027 431 1157 465 Ordinis

225 495 331 519 tsswuwiw
358 494 392 517 (⁴¹0
408 496 436 521 ct
462 485 717 531 tranquillitati-in
744 482 974 528 praedit-totum
995 480 1156 522 abbatum,

210 533 247 551 qua
260 532 278 545 ιιι
291 525 393 547 rubricat.

409 537 561 582 priorum7
575 533 801 568 abbatissarum
814 540 841 564 et
855 538 1068 564 conventuum
1083 530 1156 562 dicti

408 585 562 626 Ordinis,
596 583 726 617 intentis
761 581 927 614 desideriis
953 580 1157 619 attentantes,

409 633 551 679 praelatis
573 641 602 666 et
627 631 768 678 pluribus
801 631 869 663 aiiis
898 628 1056 663 latoribus
1085 640 1158 674 pro-

407 684 496 729 sequi
540 682 704 722 volentes,
732 693 840 713 corum
873 676 1158 724 supplicationibus

409 731 559 769 inclinati,
576 731 614 764 tle
636 729 764 776 speciali
780 729 876 773 gratia
893 739 1015 761 necnon
1032 739 1071 759 ex
1087 738 1160 759 con-

408 781 597 816 sideratione
628 778 850 813 nonnullortnn
884 788 990 821 regum
1019 784 1049 809 ct
1073 775 1158 821 prin-

409 832 528 877 cipum,
547 830 599 876 qui
622 828 713 862 nobis
734 841 808 861 snas
831 826 1027 859 destinarunt
1043 825 1158 864 literas7

412 879 603 913 universitati
629 885 748 911 restrae
773 889 826 922 per
853 874 1023 920 apostolica
1044 872 1158 918 scripta

411 929 610 969 mandamus,
632 934 790 973 quatenus
817 924 935 957 «lictum
959 922 1101 956 abbatem
1129 930 1159 954 et

410 990 521 1011 omnes
543 985 572 1009 et
593 975 735 1021 singulos
757 974 897 1012 abbates,
919 972 1038 1018 priores
1060 980 1088 1005 et
1103 970 1156 1004 ab·

411 1028 542 1061 batissas
576 1034 602 1059 et
633 1024 736 1058 omnia
766 1031 795 1056 et
820 1021 942 1067 singula
972 1020 1159 1054 monasteria

410 1086 437 1109 ct
461 1074 636 1120 singulares
656 1085 805 1119 personas
828 1071 902 1105 tlicti
919 1070 1048 1104 Ordinis
1070 1082 1160 1115 prae-

411 1125 509 1159 sentia
533 1132 563 1156 et
585 1123 699 1161 futura,
724 1122 915 1166 ubicumque
939 1132 994 1165 pro
1020 1127 1161 1164 tempore

411 1173 589 1215 existentia,
611 1186 624 1205 a
651 1171 860 1216 praestatione
882 1169 1075 1203 decimarum
1100 1176 1159 1201 tam

411 1225 449 1257 de
467 1221 721 1269 possessionibus
737 1219 849 1254 habitis¹
862 1226 933 1252 ante
950 1226 979 1252 ct
1000 1225 1069 1263 post
1084 1229 1162 1252 con-

411 1273 516 1306 cilium
542 1279 760 1308 memoratum,
783 1281 876 1314 quam
900 1268 939 1301 ‹le
966 1274 1090 1301 caetero
1114 1266 1163 1300 lta-

414 1322 538 1364 bendis,
554 1328 583 1353 et
607 1329 666 1353 tam
691 1319 729 1352 de
744 1317 908 1352 novalibus
929 1317 997 1350 sive
1012 1324 1083 1350 ante
1098 1316 1163 1349 sive

415 1379 483 1416 post
518 1369 685 1403 concilium
715 1366 897 1401 lnnnsmodi
934 1365 1097 1411 acquisitis
1134 1372 1162 1398 et

413 1419 624 1465 acquirendis,
651 1429 731 1463 qnae
756 1416 890 1462 propriis
913 1413 1094 1461 sumptibus
1112 1426 1164 1447 ex-

414 1468 522 1502 colunt
544 1480 598 1501 seu
628 1466 784 1504 excolent,
811 1477 905 1511 quam
935 1464 1011 1497 alias
1035 1476 1165 1509 quomo-

414 1523 592 1567 documque
620 1521 664 1553 vel
679 1519 952 1566 qualitercumque
971 1518 1164 1556 excolantur,

416 1585 442 1609 et
466 1576 559 1608 etiam
580 1576 618 1607 do.
634 1575 696 1607 illis
712 1572 978 1618 possessionibus,
994 1571 1032 1604 de
1047 1571 1166 1617 quibus

416 1629 527 1675 aliquis
542 1629 694 1662 hactenus
706 1625 856 1672 percepit,
867 1637 988 1659 necnon
1004 1624 1042 1658 de
1056 1624 1166 1667 bortis,

417 1683 561 1728 virgultis
573 1690 600 1715 et
619 1678 845 1727 piscationibus
861 1678 928 1712 suis
941 1685 969 1711 et
983 1677 1022 1711 de
1036 1690 1164 1712 suorum

416 1737 596 1771 animalium
627 1732 848 1775 nutrimentis,
880 1731 996 1776 singuli
1029 1739 1165 1766 vestrum

416 1791 545 1824 omnino
568 1787 699 1822 servetis
722 1787 890 1820 immunes.
913 1785 1168 1819 Contradictores

417 1857 472 1891 per
492 1854 655 1878 censuram
679 1840 935 1879 ecclesiasticam,
954 1839 1168 1886 appellatione

419 1896 602 1944 postposita,
620 1893 865 1941 compescendi»,
883 1893 1027 1927 invocato
1043 1893 1079 1927 ad
1098 1893 1169 1938 lior,

418 1952 441 1985 si
464 1963 546 1997 opus
569 1950 674 1992 suerit,
698 1948 815 1982 auxilio
840 1947 957 1981 bracliii
987 1948 1168 1982 saecularis.

467 2006 486 2052 g
514 2008 545 2039 5.
574 2004 837 2048 Quibuscumque
865 2002 1169 2041 constitutionibus,

419 2059 671 2095 ordinationibus
692 2058 874 2105 apostolicis
892 2070 926 2091 ac
949 2057 1017 2091 aliis
1042 2057 1071 2090 in
1094 2070 1171 2091 eon-

420 2115 546 2149 trarium
577 2114 685 2155 editis,
708 2112 799 2146 etiam
833 2112 1020 2153 iuramento,
1049 2112 1170 2146 contii·-

420 2171 557 2203 matione
580 2168 747 2214 apostolica
777 2167 822 2199 vot
846 2179 1046 2213 quacumque
1067 2166 1172 2200 tirmi-

421 2231 481 2256 tate
509 2222 567 2256 alia
592 2221 834 2260 roboratis,non
853 2219 1062 2253 obstantibus.
1086 2220 1170 2254 Nulli

420 2288 494 2321 ergo
517 2285 569 2309 etc.

470 2330 584 2365 Datum
609 2329 729 2364 Romae
752 2329 831 2375 apud
860 2330 893 2363 S.
918 2328 1047 2362 Mariam
1074 2328 1172 2362 Maio-

423 2397 501 2425 rem,
525 2398 608 2420 nono
636 2384 785 2419 kalendas
804 2384 953 2423 octobris,
974 2384 1173 2430 pontificatus

424 2440 520 2473 nostri
544 2452 627 2474 anno
649 2439 794 2486 septimo.

439 2501 498 2530 Dat.
515 2502 561 2530 die
578 2501 616 2531 23
632 2500 808 2540 septembris
824 2500 909 2536 1424,
926 2504 1003 2539 pont.
1021 2509 1097 2528 anno
1112 2507 1159 2527 vn.

457 2573 496 2605 (1)
513 2573 652 2599 Omittitur
674 2572 737 2598 haee
758 2572 889 2597 narrativa
903 2591 910 2602 ‚
931 2571 991 2605 quia
1017 2569 1108 2595 eadem
1134 2570 1174 2594 est

424 2624 447 2641 ιιι
465 2616 575 2642 Constit.
594 2624 681 2642 Lxxtn
699 2616 806 2642 Honorii
826 2615 869 2646 ΙΙΙ,
888 2617 953 2641 Cum
969 2616 1086 2645 abbates,
1109 2616 1172 2639 tom.

424 2667 464 2691 ni,
482 2668 541 2694 pag.
559 2660 619 2686 408.

984 277 1083 299 mmm
1089 277 1169 299 utum
1191 273 1354 298 ROMANUM

1534 326 1616 360 Xttl.

1198 405 1323 435 Statum
1333 408 1358 433 et
1371 399 1578 433 ordinationes
1590 397 1757 430 nonnullae
1769 397 1947 429 sanciuntur

1247 452 1285 483 ab
1313 449 1505 482 auditoribus
1536 448 1630 480 Rotae
1659 447 1826 483 Romanae,
1853 446 1949 478 advo-

1247 500 1390 542 catisque,
1411 497 1664 542 procuratoribus
1686 502 1712 528 et
1735 495 1864 527 natm-iis
1886 496 1949 526 eins

1249 549 1360 582 Curiae
1372 547 1589 587 observandae,
1598 546 1707 589 quibus
1716 545 1790 582 vita,
1797 554 1951 588 moresque

1246 598 1336 642 probi
1354 597 1615 642 praescribuntur.

1468 664 1681 695 surttttAttttut

1201 729 1388 758 l'rotemium.
1418 745 1456 750 —
1490 728 1514 756 1.
1537 726 1702 756 Nonnullas
1726 725 1951 755 constitutiones

1242 774 1294 802 bac
1318 772 1353 801 de
1387 782 1417 801 re
1441 772 1534 801 editas
1568 771 1706 800 infirmat.
1737 787 1775 791 —
1806 769 1833 798 2.
1858 768 1952 798 Hasce

1241 826 1317 852 vero,
1340 822 1367 846 ot
1393 826 1467 855 quas
1497 816 1543 845 bic
1568 815 1667 844 laudat
1689 814 1799 843 servari
1825 814 1952 843 mandat.

1240 879 1278 883 —
1300 862 1326 890 3.
1351 861 1389 889 De
1413 861 1566 899 punitione
1589 868 1773 888 excessuum.
1796 874 1835 879 —-
1852 857 1879 886 4.
1896 857 1954 886 Au-

1241 905 1325 940 ditor,
1348 904 1394 933 cni
1429 904 1511 943 prius
1543 903 1702 933 commissa
1727 912 1814 931 causa
1849 900 1954 933 suerit.

1241 950 1305 978 eius
1325 949 1363 978 sit
1381 948 1483 984 iudex;
1500 952 1527 977 et
1543 948 1570 977 in
1588 947 1684 977 dubiis
1701 946 1850 985 antiquior
1869 945 1955 975 iudex

1242 993 1389 1032 procedat.
1406 993 1487 1021 —5.
1505 992 1542 1021 tie
1562 992 1742 1021 notariorum
1763 990 1953 1020 admissione⁴

1241 1054 1278 1058 —
1296 1037 1324 1066 f).
1344 1036 1443 1066 Officia
1469 1037 1572 1065 notarii
1598 1045 1654 1064 non
1678 1035 1784 1071 locent,
1807 1043 1860 1064 nec
1888 1044 1957 1063 ven-

1243 1081 1327 1115 dant,
1340 1090 1393 1109 nec
1403 1080 1502 1109 absint
1517 1090 1531 1108 a
1542 1079 1687 1109 Curia.—
1699 1079 1725 1107 7.
1737 1078 1843 1107 Eorum
1858 1088 1953 1108 mores

1241 1126 1344 1164 quales
1356 1135 1421 1154 esse
1435 1124 1569 1154 debeant.
1586 1140 1623 1145 —-
1635 1124 1662 1152 8.
1676 1123 1816 1152 Fideliter
1829 1123 1956 1162 quisque

1243 1179 1329 1199 suuni
1349 1173 1484 1198 exerceat
1506 1168 1645 1198 officium.
1667 1184 1706 1189 —
1723 1168 1751 1197 9.
1771 1166 1846 1196 Taxa
1871 1167 1957 1196 loan-

1244 1214 1289 1243 nis
1324 1212 1394 1242 xxtt
1418 1222 1469 1252 per
1501 1222 1551 1242 eos
1580 1211 1734 1241 servanda.
1762 1227 1801 1232 --
1832 1211 1877 1241 to.
1904 1210 1959 1240 Pro

1245 1257 1424 1297 pauperibus
1444 1257 1534 1295 gratis
1557 1267 1571 1285 a
1596 1255 1731 1292 notariis,
1750 1255 1960 1294 advocatisque

1244 1302 1445 1331 scribendum.
1462 1318 1499 1322 -—
1517 1301 1562 1330 11.
1582 1300 1711 1330 iniustas
1732 1308 1838 1329 causas
1861 1299 1962 1328 desen-

1244 1346 1356 1375 dendas
1381 1355 1438 1375 non
1458 1345 1633 1384 suscipiant.
1656 1361 1694 1365 —
1714 1343 1759 1373 12.
1783 1344 1803 1372 Α
1824 1343 1962 1373 clamori-

1245 1390 1300 1419 bus
1314 1389 1489 1419 abstineant.
1509 1406 1546 1411 -
1562 1389 1608 1418 13.
1625 1387 1679 1424 Qui
1700 1391 1810 1427 partem
1831 1387 1961 1417 defendit

1245 1434 1347 1469 semel,
1357 1434 1478 1463 alteram
1492 1434 1520 1462 in
1530 1433 1632 1462 eadem
1645 1441 1733 1461 causa
1746 1441 1803 1461 non
1817 1431 1962 1469 suscipiat

1245 1478 1470 1507 defendendam.
1493 1494 1532 1500 —-
1548 1478 1590 1507 tt.
1608 1477 1815 1506 Procuratores
1835 1476 1962 1505 examini

1246 1522 1352 1551 subiic.
1368 1539 1405 1544 —
1416 1523 1462 1552 15.
1481 1522 1586 1551 Eorum
1602 1522 1707 1551 officia.
1723 1520 1821 1550 -16,
1839 1519 1962 1549 Maiores

1248 1566 1275 1594 in
1301 1565 1442 1595 Ecclesiis
1462 1566 1619 1603 dignitates
1638 1564 1805 1594 obtinentes
1826 1573 1963 1602 procura-

1248 1611 1320 1639 toris
1345 1610 1441 1640 offieio
1465 1619 1523 1639 non
1546 1609 1716 1647 fungantur.
1748 1625 1786 1630 —
1819 1608 1866 1638 17.
1895 1607 1965 1638 Pro-

1248 1658 1398 1683 curatores
1425 1658 1453 1683 et
1479 1653 1586 1683 notarii
1609 1652 1792 1682 concubinas
1821 1661 1879 1681 non
1912 1652 1964 1682 ha-

1250 1698 1345 1727 beant.
1361 1715 1399 1720 -
1425 1698 1469 1727 18.
1494 1697 1621 1727 Honeste
1645 1697 1750 1726 vivant.
1769 1713 1808 1718 ——
1830 1696 1873 1726 19.
1889 1695 1965 1726 Ordo

1250 1742 1413 1771 servandus
1443 1743 1470 1771 in
1494 1741 1593 1771 causis
1622 1741 1794 1770 summariis
1818 1741 1846 1770 in
1872 1741 1965 1780 prima

1251 1787 1400 1815 instantia:
1423 1803 1460 1808 —
1493 1786 1541 1816 20.
1564 1786 1595 1815 In
1630 1785 1770 1815 secunda:
1799 1802 1838 1807 —
1864 1785 1911 1814 21.
1935 1785 1964 1815 ln

1252 1831 1345 1859 tertia.
1379 1847 1418 1853 —
1450 1831 1497 1860 22.
1528 1830 1608 1866 Quae
1640 1830 1819 1859 omissiones
1851 1829 1964 1860 nullum

1251 1875 1375 1904 reddant
1398 1884 1582 1913 processum.
1610 1891 1650 1897 —
1671 1874 1719 1904 23.
1743 1873 1780 1903 De
1804 1873 1914 1911 causis,
1937 1875 1966 1904 in

1251 1919 1361 1957 quibus
1383 1920 1553 1958 proceditur
1576 1919 1604 1948 in
1624 1920 1715 1957 ligura
1736 1918 1849 1948 indicii.
1865 1935 1905 1941 —
1919 1918 1966 1948 24.

1253 1963 1290 1992 De
1314 1965 1443 1993 secunda
1470 1963 1620 1993 instantia.
1637 1980 1677 1985 —
1694 1963 1741 1992 25.
1757 1962 1796 1992 De
1820 1962 1913 1992 tertia.
1929 1980 1968 1985 ——

1251 2008 1298 2037 26.
1333 2008 1543 2038 Procuratores
1566 2008 1636 2047 quid
1666 2008 1816 2037 advertere
1842 2007 1967 2037 debeant

1254 2052 1281 2081 in
1300 2053 1505 2082 observatione
1526 2052 1727 2082 terminorum.
1743 2068 1782 2074 —-
1799 2051 1847 2081 27.
1865 2050 1967 2081 Causae

1255 2093 1334 2122 omni
1351 2093 1493 2122 brevitate
1513 2093 1747 2130 cognoscendae,
1760 2096 1788 2121 et
1801 2091 1875 2121 infra
1892 2092 1966 2121 duos

1254 2142 1373 2162 menses
1405 2132 1616 2171 expediendae.
1654 2148 1694 2154 —
1730 2132 1777 2161 28.
1811 2131 1967 2161 Auditores

1253 2173 1325 2212 quid
1358 2182 1476 2202 servare
1513 2176 1668 2202 teneantur
1699 2181 1750 2210 pro
1783 2171 1967 2209 expeditione

1253 2222 1423 2242 causarum.
1440 2229 1479 2234 —
1491 2212 1538 2242 29.
1554 2212 1666 2241 Causae
1683 2211 1874 2241 beneficiales
1891 2211 1965 2240 infra

1255 2262 1401 2282 summam
1431 2253 1470 2283 60
1499 2252 1562 2281 ssor.
1591 2251 1620 2280 S.
1651 2251 1682 2281 R.
1708 2251 1737 2280 E.
1765 2250 1966 2280 cardinalibus

1255 2303 1311 2322 non
1336 2292 1574 2322 committendae.
1598 2308 1637 2313 —
1659 2292 1705 2322 30.
1728 2291 1808 2326 Quae
1832 2291 1893 2320 sieri
1918 2291 1968 2320 de-

1255 2334 1343 2362 beant
1375 2341 1425 2371 pro
1456 2332 1589 2362 habenda
1624 2331 1809 2369 expeditione
1843 2335 1966 2360 senteu-

1256 2374 1372 2403 tiarum.
1404 2389 1443 2394 —
1474 2373 1520 2402 31.
1544 2371 1583 2401 De
1619 2372 1702 2402 seriis
1735 2376 1763 2401 et
1791 2370 1898 2401 diebus
1932 2371 1967 2400 ad

1254 2413 1435 2442 audientiam
1455 2413 1613 2452 deputatis.

1256 2479 1393 2507 Martinus
1421 2480 1562 2515 episeopus
1582 2486 1678 2507 servus
1697 2485 1837 2507 servorum
1861 2477 1922 2511 Dei.

1349 2529 1383 2556 ad
1410 2530 1571 2564 perpetuam
1599 2528 1639 2556 rei
1664 2527 1832 2556 momen-tam.

1267 2592 1398 2627 Romani
1426 2592 1589 2627 Pontilicis
1614 2591 1805 2638 providentia
1831 2591 1969 2626 circuni—

1216 2652 1321 2689 specta
1352 2654 1580 2689 nonnunquam
1605 2649 1691 2689 gesta
1709 2653 1862 2688 pereum,
1880 2640 1969 2676 ratio-

1964 267 2011 292 An.
2031 266 2057 291 C.
2080 267 2144 292 itam

2010 2602 2142 2625 Pron-mium.
