2274 3265
234 260 270 280 Αιι
302 255 319 281 C
348 256 413 281 1359

484 246 548 278 152

427 311 605 357 positi,aut
631 309 681 342 alii
708 309 976 344 administratores
1004 311 1173 350 extiterint,

427 371 488 393 non
518 357 671 393 habentes
691 367 893 399 conventum,
915 360 968 394 sed
992 360 1174 403 antistitem,

426 408 568 443 abbatem
599 407 644 443 vel
667 407 765 443 alium
793 409 986 456 superiorem
1017 410 1176 455 religionis

426 457 581 502 eiusdem,
609 466 774 493 tractatum
804 459 998 505 praedictum
1022 472 1092 494 cunr
1121 474 1176 493 eo-

426 507 497 542 dem
520 508 684 555 superiore
702 509 912 555 praemittant,
936 518 966 543 et
985 522 1056 543 cnm
1077 509 1176 555 ipsius

426 557 562 597 lieentia,
590 566 619 592 et
648 570 709 592 non
732 558 822 592 aliter
841 557 953 593 saciant
979 560 1097 592 lirrnanr
1121 570 1174 592 seu

426 607 610 642 locationem
631 607 810 654 praefatam.
826 607 887 642 Per
906 607 964 642 lroe
986 617 1089 642 antem
1114 620 1174 641 non

428 656 622 691 intendimus
661 657 851 704 probibere,
892 657 1065 704 quominus
1099 656 1176 690 rerl—

426 706 510 741 ditus
525 716 554 740 et
580 714 750 753 proventus
778 706 1086 741 administrationum
1103 719 1176 739 sua-

427 769 495 790 rum
519 755 621 791 locare
656 769 710 790 seu
748 755 882 790 vendere
910 756 1030 790 valeant
1058 755 1176 802 absque

426 805 623 840 solemnitate
647 805 817 852 praemissa
846 805 883 839 ad
919 814 1044 851 tempus
1072 804 1177 839 modi-

425 867 511 894 cum,
541 863 624 889 mxta
647 867 765 888 moreni
794 868 823 888 111
861 867 1011 901 regione,
1048 867 1077 887 11ι
1116 866 1176 900 qua

426 913 531 944 erunt,
558 904 685 938 solitum
714 903 885 943 observari,
913 904 1037 938 statutis
1063 902 1177 937 Eccle-

426 954 554 993 siarnm,
579 952 841 987 monasteriorum
867 953 911 987 vel
939 952 1073 987 aliorum
1097 952 1177 987 loco-

427 1015 495 1037 rum
514 1001 672 1048 religionis
690 1001 832 1037 eiusdem
861 1003 896 1045 (si
920 1016 981 1049 qna
1003 1015 1098 1049 super
1118 1002 1176 1037 lroe

427 1052 552 1094 fuerint)
569 1051 807 1086 rationabilibus
821 1050 1005 1086 observatis.
1021 1051 1054 1086 Si
1074 1060 1175 1086 tarmen

426 1115 462 1136 ex
503 1101 684 1136 huiusmodi
723 1101 877 1136 locatione
912 1114 966 1136 seu
998 1101 1176 1135 venditione

428 1160 634 1206 proventuum
650 1149 687 1185 ad
704 1159 829 1198 tempus
846 1150 1017 1192 modicum,
1043 1159 1074 1185 ut
1092 1164 1178 1198 prae-

427 1200 572 1243 mittitur,
589 1199 751 1241 faciendis.
766 1201 961 1247 contingeret
985 1200 1063 1235 infra
1080 1214 1175 1235 unum

426 1262 542 1285 annum
566 1250 660 1297 recipi
687 1250 873 1296 pecuniam
876 1229 946 1284 Dvel
974 1250 1057 1285 alind
1081 1250 1176 1297 quod

427 1313 563 1355 tumque
588 1300 735 1346 pretium,
765 1307 947 1346 proventum
983 1300 1024 1334 1·ιί
1060 1299 1176 1334 locatae

428 1350 521 1384 unius
548 1349 621 1383 antri
645 1349 824 1391 excedens,
853 1357 926 1383 tun(
962 1349 1178 1384 solemnitates

428 1399 617 1445 praemissas
628 1399 772 1433 volumus
787 1398 957 1433 observari.
971 1399 1072 1432 Simili
1084 1398 1177 1433 modo

427 1449 519 1483 etiarn
549 1448 764 1495 probibemus,
789 1461 827 1482 ne
849 1447 955 1494 aliquo
978 1461 1050 1482 casu
1071 1448 1178 1483 lirmae

427 1511 480 1532 seu
501 1498 673 1532 locationes
695 1510 749 1532 seu
775 1497 968 1532 venditiones
997 1498 1177 1532 huiusmodi

429 1549 502 1582 liant
531 1561 584 1595 per
603 1546 729 1582 eosdem
754 1547 896 1593 personis
917 1547 1083 1594 suspectis
1101 1560 1178 1582 nere

427 1596 592 1644 quibusvis
641 1596 802 1639 firmariis7
843 1608 897 1631 sen
933 1596 1179 1632 conductoribus

427 1659 490 1680 sno
518 1645 716 1693 emptoribus
738 1645 816 1680 liber
835 1646 994 1692 originalis
1012 1658 1179 1691 censuum,

426 1703 479 1729 aut
496 1696 701 1730 instrumenta
725 1708 779 1730 sen
797 1703 1000 1730 monumenta
1015 1696 1178 1742 originalia

427 1758 522 1791 super
559 1744 681 1780 iuribus
708 1744 925 1779 Ecclesiarum
951 1745 995 1779 vel
1035 1746 1179 1780 admini-

427 1795 613 1830 strationum
629 1794 770 1829 confecta
798 1794 969 1839 tradantur,
982 1807 1060 1829 neve
1084 1795 1180 1830 iuris-

427 1846 582 1880 dictiones
608 1858 665 1892 per
691 1858 746 1889 se,
780 1853 831 1879 aut
860 1857 932 1879 curn
962 1845 1179 1881 universitates

427 1908 480 1930 sen
497 1896 648 1935 civitates,
677 1894 723 1930 vel
748 1894 848 1936 villae,
876 1895 921 1929 vel
945 1894 1077 1942 insignia
1100 1895 1178 1936 loca,

428 1958 482 1980 seu
505 1954 605 1980 castra
627 1945 671 1980 vel
701 1944 850 1980 fortalicia
873 1945 1027 1991 locentur,
1063 1959 1117 1980 seu
1141 1946 1178 1981 ad

429 1998 547 2029 lirmarn
577 1995 749 2034 tradantur,
776 1996 842 2030 sive
873 1994 933 2029 sub
961 1994 1116 2031 locatione
1134 1998 1178 2031 vel

429 2046 516 2079 firma
553 2045 764 2080 includantur.
794 2045 949 2080 Redditus
977 2053 1090 2079 tamem
1123 2060 1177 2081 seu

430 2104 598 2142 proventus
612 2095 771 2129 civitatum
788 2094 862 2130 dicti
875 2094 1005 2134 ordinis,
1024 2095 1177 2140 villarum,

430 2145 583 2187 locorum,
598 2154 772 2180 castrorum
788 2153 818 2179 et
834 2144 1056 2180 l'ortaliciorurn
1071 2145 1180 2181 huius·

430 2194 526 2235 modi,
550 2204 639 2242 prout
663 2195 810 2241 superius
833 2195 1058 2241 praemittitur,
1088 2196 1177 2230 vendi

430 2244 547 2279 valeant
575 2258 630 2279 seu
660 2245 764 2280 locari.
801 2245 861 2280 Ubi
886 2254 989 2279 autern
1013 2245 1179 2281 occasione

431 2295 588 2328 lii-marum
629 2304 682 2329 aut
709 2295 898 2330 locationum
941 2308 995 2329 sen
1023 2295 1179 2330 venditio—

431 2357 504 2378 num
534 2345 713 2380 lruiusmodi
753 2345 915 2391 continget
942 2358 1092 2392 personas
1132 2346 1177 2380 vel

432 2395 511 2429 bona
526 2395 734 2430 ecelesiastica
749 2396 849 2442 ipsius
863 2395 1020 2441 religionis
1048 2395 1178 2443 obligari

432 2444 476 2478 xel
505 2445 658 2484 submitti,
674 2445 882 2493 obligationes
897 2454 925 2479 et
949 2445 1179 2480 submissiones

433 2494 610 2530 huiusmodi
650 2496 713 2530 lieri
762 2495 903 2530 volumus
945 2495 1177 2531 ecclesiastieae

434 2544 640 2580 iurisdictioni
659 2574 666 2584 ,
712 2556 739 2581 et
780 2546 951 2580 coerctioni
992 2546 1178 2589 dumtaxat,

433 2604 460 2628 et
503 2608 557 2641 per
595 2594 835 2630 ecelesiasticam
872 2595 1118 2631 iurisdictionem
1149 2604 1178 2630 et

434 2645 642 2679 coerctionem
680 2646 855 2680 executioni
881 2645 1032 2681 mandari.
1055 2645 1178 2681 Firmas

1017 256 1205 279 nutantum
1234 256 1393 278 ROMANUM

1214 317 1317 344 autern
1337 321 1391 343 sen
1411 309 1581 344 locationes
1603 317 1656 344 aut
1672 310 1868 344 venditiones
1885 324 1966 358 prae-

1215 359 1286 393 diet«
1288 372 1324 401 rs,
1340 358 1546 405 locorumque
1564 358 1747 394 traditiones
1761 367 1868 395 contra
1885 373 1971 407 prae-

1217 409 1308 442 missa
1333 408 1424 447 sacta.
1448 408 1654 442 instrumenta
1671 421 1798 455 quoque
1824 418 1854 443 et
1878 422 1971 464 quae-

1216 459 1291 492 libet
1306 457 1493 492 documenta
1511 470 1607 505 snper
1623 457 1669 492 eis
1684 458 1860 499 confecta,
1855 459 1970 494 iustitia

1216 520 1320 541 (arere
1356 506 1578 548 decr-,ruimus
1619 515 1648 541 et
1682 507 1802 542 nullius
1835 508 1969 543 existere

1218 556 1382 591 lirrnitatis.
1403 556 1443 590 Et
1457 535 1663 591 nilrilorilinus
1677 557 1816 600 abbates,
1838 556 1970 604 priores,

1219 620 1262 653 pr.
1256 605 1388 652 aepositi
1429 614 1459 640 et
1488 605 1601 640 caeteri
1624 606 1895 642 administratores
1915 620 1970 642 su-

1220 668 1372 700 periore-m
1391 654 1555 701 religionis
1569 655 1714 691 eiusdem
1729 669 1789 691 non
1807 655 1970 696 babentes,

1217 705 1270 751 qni
1294 704 1547 745 contrafecerint,
1571 717 1626 752 per
1648 706 1863 752 praesidentes
1891 707 1969 760 capi-

1218 754 1303 792 tulis,
1329 754 1373 789 rel
1394 767 1449 801 per
1486 754 1659 790 visitatores
1693 755 1891 803 deputandos
1913 768 1969 795 ers,

1218 805 1425 850 co·rri‘¹.antur
1458 804 1580 839 Caeteri
1605 817 1679 839 vero
1717 818 1771 852 per
1797 804 1970 848 antistites,

1217 853 1347 888 abbates
1369 866 1422 887 seu
1446 853 1524 888 alios
1558 854 1756 889 immediatos
1791 854 1972 902 superiores

1218 916 1340 946 eorum,
1362 903 1386 937 5-1
1411 903 1455 936 eis
1471 903 1570 938 risum
1586 903 1690 943 suerit.
1713 905 1743 938 in
1759 904 1868 951 quinta
1886 912 1971 951 parte

1220 953 1308 999 pretii
1332 931 1501 987 locationis
1530 953 1594 987 sire
1618 953 1737 1002 firmae,
1759 953 1893 988 fabricae
1915 966 1970 988 seu

1218 1003 1414 1036 ornamentis
1430 1001 1606 1042 Ecclesiae,
1620 991 1801 1038 rrionasterii
1819 1003 1883 1037 sive
1898 1002 1971 1042 loci,

1219 1052 1267 1085 eni
1300 1051 1480 1086 immediate
1507 1052 1683 1096 suber,unt
1714 1051 1914 1100 applicanda,
1941 1061 1971 1087 et

1218 1101 1294 1136 alias
1321 1101 1426 1136 debite
1456 1101 1635 1148 puniantur.

1266 1151 1287 1198 g
1310 1152 1366 1185 46.
1383 1150 1423 1185 Ut
1446 1150 1674 1189 Ecclesiarurn,
1707 1152 1969 1186 monasteriorum

1219 1209 1247 1233 vt
1288 1200 1422 1235 alioruin
1461 1201 1600 1235 locorum
1631 1200 1791 1247 religionis
1826 1200 2003 1236 eiusdeur³
2049 1202 2086 1214 ‘⁵

1220 1250 1299 1285 bona
1346 1259 1374 1284 et
1415 1250 1482 1284 iura
1516 1249 1682 1285 salubriter
1719 1259 1971 1291 conserventur,

1218 1300 1386 1334 statuimus
1400 1300 1484 1347 quod
1510 1300 1726 1354 praesidentes
1748 1299 1898 1335 Ecclesiis
1921 1313 1973 1336 ca—

1220 1348 1433 1392 tlredralibns,
1470 1349 1690 1388 monasteriis,
1721 1349 1910 1397 prioratibus
1944 1359 1973 1385 et

1219 1398 1544 1433 administrationibus
1562 1398 1630 1434 aliis
1644 1398 1899 1446 quibuscumque
1923 1399 1973 1433 di-

1219 1457 1285 1483 etae
1325 1448 1505 1495 reliJionis,
1540 1448 1776 1495 ‹pramprimnm
1807 1450 1974 1484 commode

1221 1506 1385 1544 poterunt,
1414 1497 1581 1537 conficiant
1610 1510 1666 1533 sen
1707 1498 1818 1532 confici
1861 1498 1974 1534 faciant

1222 1547 1350 1594 registra
1379 1547 1409 1581 in
1437 1547 1553 1594 quibus
1581 1547 1813 1594 possessiones,
1842 1560 1973 1588 census,

1221 1597 1285 1631 inra
1318 1606 1347 1631 et
1387 1606 1508 1631 caetera
1548 1596 1628 1631 bona
1663 1596 1836 1631 immobilia
1869 1610 1974 1645 quae—

1220 1658 1358 1693 cumque
1391 1656 1420 1680 ct
1458 1646 1731 1693 qualitercumque
1759 1645 1895 1691 suerint,
1935 1647 1973 1683 ad

1220 1708 1330 1731 eornm
1359 1695 1663 1731 administrationem
1692 1696 1877 1743 spectantia,
1906 1697 1974 1732 sin-

1219 1745 1347 1791 gillatim
1376 1754 1406 1780 et
1438 1745 1585 1792 specifice
1618 1745 1849 1781 describantur.
1883 1745 1974 1782 Fiant

1220 1796 1314 1830 etiam
1333 1808 1386 1842 per
1408 1795 1536 1830 eosdem
1566 1795 1697 1842 registra
1720 1795 1758 1830 de
1781 1797 1974 1832 ornamentis

1220 1845 1452 1889 ecclesiasticis,
1475 1845 1567 1886 vasis,
1592 1845 1691 1890 lectis,
1719 1845 1910 1881 animalibus
1944 1855 1974 1881 et

1220 1895 1288 1930 aliis
1302 1895 1395 1931 rebus
1413 1894 1584 1930 mobilibus
1601 1904 1630 1931 et
1650 1908 1684 1930 se
1702 1895 1903 1931 moventibus
1918 1909 1973 1944 pro

1220 1945 1411 1992 agricultura
1451 1954 1481 1980 et
1509 1945 1567 1980 alia
1597 1945 1803 1980 instructione
1832 1945 1971 1981 locorum

1222 1995 1409 2031 necessariis
1448 1995 1495 2030 vel
1538 1995 1688 2036 utilibus,
1726 2003 1755 2029 et
1791 1995 1972 2031 huiusmodi

1221 2046 1349 2093 registra
1378 2046 1408 2080 in
1445 2045 1521 2080 locis
1547 2045 1699 2081 subiectis
1721 2045 1790 2080 aliis
1825 2046 1974 2092 superio-

1222 2096 1306 2131 ribus
1321 2095 1482 2150 religionis
1494 2094 1636 2130 eiusdem
1656 2095 1877 2143 duplicentur
1900 2108 1972 2143 quo-

1221 2159 1290 2181 rum
1316 2158 1413 2180 unum
1439 2158 1470 2179 ιιι
1492 2145 1561 2180 loco
1580 2145 1750 2193 superiori,
1766 2153 1796 2179 et
1816 2145 1971 2192 reliquum

1222 2197 1251 2231 in
1274 2195 1417 2230 subiecto
1439 2202 1614 2230 ser-rentur.
1637 2194 1823 2230 Visitatores
1845 2208 1972 2243 quoque

1222 2246 1250 2280 in
1280 2244 1526 2293 provincialibus
1553 2245 1700 2292 capitulis
1717 2245 1872 2300 deputati,
1899 2258 1971 2280 cum

1221 2295 1394 2330 visitabunt
1416 2294 1482 2329 loca
1510 2307 1585 2329 snae
1600 2294 1767 2329 visitationi
1791 2294 1971 2336 commissa,

1221 2345 1345 2391 praelati
1365 2344 1578 2379 etiametalii
1603 2345 1796 2392 superiores,
1823 2358 1896 2380 cum
1914 2344 1972 2394 l'u-

1220 2396 1274 2429 erit
1304 2403 1532 2442 opportunum,
1555 2394 1724 2441 diligenter
1747 2395 1917 2442 inquirant,
1933 2407 1970 2430 an

1221 2459 1269 2480 res
1293 2454 1322 2479 et
1346 2445 1425 2479 bona
1455 2444 1610 2492 praedicta
1635 2445 1808 2480 necessaria
1838 2458 1894 2492 pro
1921 2445 1971 2480 in-

1220 2496 1392 2530 511·-ι1ι·11ιιιιι
1429 2495 1568 2530 locorum
1612 2503 1777 2529 teneantur·
1818 2496 1848 2529 in
1893 2495 1972 2530 locis

1219 2559 1234 2578 ι
1230 2545 1351 2585 isdem,
1367 2554 1394 2579 et
1414 2545 1597 2592 pr‘orideant
1611 2544 1696 2593 quod
1715 2553 1865 2592 perpetuo
1883 2553 1971 2580 tene-

1219 2603 1312 2630 antur
1343 2596 1371 2629 in
1401 2609 1471 2640 ers,
1502 2595 1656 2642 aliterque
1696 2602 1816 2642 reperta
1857 2594 1971 2630 saciant

1220 2645 1391 2687 emendari,
1420 2654 1447 2679 rt
1471 2644 1644 2680 secundum
1669 2644 1752 2692 qnod
1776 2644 1866 2692 eulpa
1893 2657 1970 2680 exe-

1984 257 2032 282 An.

2054 258 2071 281 (ἱ
2099 257 2164 282 1559
