2274 3265
167 248 213 272 An.
229 247 247 273 C
279 249 344 273 ¹33ss

414 239 483 267 5:50

364 315 441 348 quas
464 300 535 335 dicti
553 300 766 346 praesidentes
784 299 830 333 eis
846 299 992 333 duxerint
1016 299 1113 344 impo-

366 350 484 386 nendas
511 362 566 396 per
592 350 679 396 ipsos
703 349 928 395 praesidentes,
954 361 990 383 ac
1018 349 1111 382 etiam

364 410 582 446 quoscumque
613 398 767 432 dictarnui
797 397 1008 433 Ecclesiaruni
1043 411 1113 432 ino—

367 462 461 484 nacos
509 448 663 494 praefatos
697 447 846 482 benelieia
876 446 1046 481 inonacalia
1075 446 1112 480 ad

365 498 490 533 easdem
519 497 677 532 Ecclesias
713 496 899 544 pertinentia
922 496 1113 535 obtinentes,

366 548 403 582 ad
426 546 694 583 contriliutioiiein
717 547 746 580 in
776 546 924 593 expensis
947 544 1115 580 moderatis

368 596 617 635 rationabilibus,
640 608 719 642 quas
742 595 817 631 dieti
834 595 955 642 priores
977 607 1031 628 sen
1048 606 1115 627 uia-

368 647 448 681 iores
470 646 601 681 fecerint
627 645 665 680 ad
698 645 762 692 ipsa
791 645 925 691 capitula
960 643 1115 678 veniendo

366 705 394 730 et
417 696 447 730 in
471 696 517 730 eis
537 694 650 730 stando
672 706 707 729 ac
730 694 768 728 de
786 694 847 728 illis
869 692 1043 732 redeundo,
1061 704 1116 738 per

368 746 486 791 priores
500 757 556 780 seu
573 744 709 779 maiores
725 743 913 790 praedictos,
931 742 1116 776 anctoritate

366 794 550 840 apostolica,
567 806 622 840 pei·
637 805 802 827 censuram
823 791 1069 826 ecelesiasticam
1087 799 1116 825 et

367 844 424 879 alia
453 843 589 878 remedia
612 851 804 889 opportuna.
827 841 949 875 sublato
975 840 1116 887 appella-

369 894 462 928 tionis
483 891 646 927 obstaculo
662 918 670 930 ,
697 890 928 937 compellendo.
958 889 1116 936 Quodque

367 942 468 989 quivis
489 941 637 976 ordinarii
666 941 819 979 locorum,
841 940 978 985 exenipti
1003 949 1032 973 et
1055 951 1115 972 non

367 990 526 1037 exempti,
554 990 675 1025 nullnni
705 989 872 1035 praedictis
899 989 945 1022 vel
986 988 1118 1032 singulis

369 1040 632 1095 impedimentum
655 1046 820 1086 apponant
847 1039 893 1072 vel
917 1039 1033 1083 apponi
1053 1050 1119 1091 pei-

370 1090 508 1124 mittant:
536 1089 591 1123 sed
615 1088 763 1134 legitimis
790 1087 986 1133 temporibus
1009 1099 1118 1133 requi-

368 1140 430 1183 siti,
453 1151 489 1173 ea
516 1138 623 1173 omnia
645 1147 675 1172 et
704 1136 829 1182 singula
865 1137 977 1171 faciant
1000 1148 1117 1171 execu-

369 1189 443 1223 tioni
478 1188 620 1223 mandari
648 1196 677 1221 et
701 1186 920 1220 inviolabiliter
948 1186 1116 1219 observari.

369 1239 556 1273 Praecavere
578 1236 736 1283 siqnidem
762 1235 974 1274 intendentis,
999 1248 1035 1269 ne
1068 1235 1118 1268 iin-

370 1286 586 1334 pedimeutnm
600 1285 746 1320 accidi-ns
761 1284 962 1320 conventioni
987 1285 1120 1318 alicuius

372 1336 571 1384 provincialis
593 1335 731 1381 capitulo
754 1334 865 1369 obesse
893 1346 908 1367 v
913 1333 1004 1373 ιιΙι-ιιι
1033 1333 1121 1367 intel-

371 1386 496 1432 ligimus
517 1394 548 1420 et
583 1385 747 1423 volumus,
778 1383 863 1430 qnod
890 1385 916 1418 si
955 1383 1121 1429 contigeiit

372 1435 528 1471 Ecclesias
539 1434 747 1477 cathedrales,
756 1446 875 1468 monac
871 1433 946 1487 ales,
963 1433 1122 1479 prioribus

373 1485 417 1520 vel
438 1483 506 1519 aliis
530 1493 599 1538 post
631 1484 767 1530 ipszvinin
791 1483 945 1517 antistites
967 1483 1123 1525 (existen-

373 1535 458 1568 tibus
485 1533 577 1568 ineis
604 1533 775 1567 maioribus
763 1551 788 1571 5,
812 1541 840 1565 ιιι
868 1532 1051 1578 praefertur)
1076 1531 1121 1565 iel

375 1583 560 1618 monasteria
589 1595 644 1617 sen
668 1583 732 1616 loca
755 1581 814 1615 alin
842 1581 963 1615 oidinis
998 1589 1050 1615 ant
1074 1594 1123 1615 ie-

375 1632 501 1679 ligionis
522 1632 663 1666 eiusdem
697 1631 763 1665 suis
792 1643 898 1664 vacare
933 1643 989 1664 seu
1018 1643 1124 1665 carere

376 1681 566 1728 pastoribus,
593 1681 646 1728 qni
679 1680 818 1715 adstricti
846 1689 949 1714 essent
973 1680 1009 1713 ad
1045 1692 1123 1713 eon-

376 1730 565 1766 venienduni
595 1732 625 1764 in
661 1730 843 1775 provinciali
867 1729 1005 1776 capitulo
1032 1737 1123 1764 ante-

376 1780 473 1821 dicto,
496 1789 638 1827 tempore
670 1779 815 1814 videlicet
846 1791 910 1825 quo
945 1779 1125 1813 imminebit

377 1832 480 1877 ipsum
496 1828 688 1877 provinciale
698 1828 873 1875 capitulum
888 1828 1126 1872 celebrandum,

378 1888 542 1915 teneantur
577 1878 711 1926 capitula
740 1878 953 1913 Ecclesiaiuin
986 1886 1016 1912 et
1043 1891 1126 1912 eon-

379 1938 489 1964 ventus
518 1928 793 1967 inonasteimiornni
821 1928 1018 1974 ali0ininque
1042 1928 1128 1962 loto·

380 1992 446 2013 rum
474 1978 728 2013 conventualium
753 1977 1000 2024 pi·aediit·oiiiiii‚
1026 1990 1129 2023 perso-

380 2040 450 2063 nam
472 2028 682 2063 sufflcientem
698 2027 736 2060 de
760 2027 880 2072 gremio
904 2026 1128 2066 Ecclt·siai·,iiiii

381 2078 641 2113 monasteriorum
665 2086 694 2111 et
717 2076 855 2111 locorum
880 2077 1065 2110 corumdem
1088 2084 1118 2118 (s
1122 2076 1128 2109 i

381 2127 548 2162 commode
568 2127 632 2161 lieri
658 2126 776 2173 possit)
801 2125 846 2160 vel
882 2126 1009 2160 aliunde
1033 2126 1129 2168 (duni

382 2187 486 2212 tamen
515 2176 678 2220 idoneum)
700 2176 912 2210 transmittere
947 2175 983 2209 ad
1012 2176 1130 2209 dictum

383 2226 558 2273 capitulum
600 2239 655 2273 pro
685 2225 835 2259 faciendis
863 2233 891 2259 et
921 2224 1132 2270 adimplendis

384 2276 548 2316 omnibus,
584 2287 663 2321 quae
698 2275 800 2310 faeere
825 2283 952 2321 possent
979 2274 1132 2313 abbates,

386 2338 516 2372 priores.
543 2337 663 2359 necnon
698 2337 817 2370 priores
851 2336 906 2358 sen
937 2336 1072 2358 maiores
1104 2336 1132 2357 in

388 2375 462 2420 ipsis
483 2374 635 2409 Ecclesiis
649 2373 884 2408 cathedralibus
905 2386 959 2407 sen
973 2373 1042 2407 aliis
1055 2373 1135 2407 eius-

387 2423 457 2459 dem
495 2424 572 2458 locis
616 2423 878 2457 conventualibus
922 2423 1136 2469 praesidentes

389 2473 530 2519 praelati,
552 2473 577 2507 si
607 2472 767 2507 venissent
793 2472 830 2507 ad
855 2473 936 2507 ideni
961 2472 1134 2518 capituluiii

389 2531 418 2556 et
451 2523 480 2556 in
520 2535 558 2556 eo
588 2522 794 2568 personaliter
822 2522 1019 2556 interessent.
1043 2521 1135 2563 Quod

390 2581 491 2607 autem
508 2571 717 2618 praemittitur
740 2572 778 2606 de
802 2570 982 2617 provinciali
1001 2571 1138 2616 capitulo

390 2621 428 2656 ·le
455 2621 589 2656 iiii-unio
619 2622 648 2656 in
679 2621 846 2655 trienninm
871 2620 1071 2661 celebrando,
1100 2619 1137 2654 ad

942 246 978 267 tit*
985 244 1066 266 IJAR
1073 245 1079 266 l
1086 245 1100 266 ι’
1107 244 1127 265 u
1159 242 1317 265 timtANt‘M

1154 297 1319 332 cuiuslibet
1342 295 1557 330 haesitationis
1583 295 1770 341 scrupulum
1791 307 1905 341 ampu—

1156 347 1298 386 tandum,
1322 345 1359 380 ad
1383 357 1494 380 sanum
1520 344 1625 378 referri
1652 343 1797 378 voluinus
1819 345 1907 380 intel-

1156 396 1287 430 leetnin:
1316 395 1447 432 scilieet,
1479 402 1511 427 nt
1538 406 1610 427 cuin
1634 405 1697 427 uno
1724 405 1807 427 anno
1836 407 1908 440 pro-

1157 445 1289 479 iinciale
1313 458 1327 478 ι
1332 444 1486 490 apituluni
1513 443 1604 476 liieiit
1628 441 1833 481 celebratum,
1847 443 1907 477 alio

1158 495 1300 541 proxiino
1328 494 1435 527 luturo
1461 504 1544 526 anno
1565 491 1605 526 ab
1628 491 1680 525 illo
1697 491 1798 526 valeat
1815 493 1910 526 absti-

1158 544 1245 578 neri:
1284 551 1314 577 et
1343 544 1392 577 tiai
1421 542 1551 576 otntiiito
1575 552 1657 575 ιιιιιιο
1681 540 1773 574 tertio
1794 540 1909 576 subse-

1156 592 1275 646 quenti.
1291 593 1375 627 Sine
1390 591 1460 638 qnia
1474 602 1600 646 supervi
1593 602 1706 624 acuum
1722 589 1801 624 foret
1815 590 1909 626 edere

1157 654 1230 675 sani
1236 643 1318 675 tioni
1323 655 1350 685 5
1361 642 1385 675 si
1400 641 1701 687 praetei·tni··tttiettir
1718 651 1909 674 eorttmexe-

1158 692 1256 730 cutio,
1270 700 1297 724 et
1313 703 1374 724 nott
1391 697 1496 724 essent
1501 702 1569 736 ⁷qut
1589 697 1752 723 tuerentur
1767 689 1907 723 easdem:

1158 740 1342 774 ordinamus
1365 747 1394 774 et
1419 716 1582 778 voluiiius,
1612 746 1643 773 nt
1679 739 1797 772 dictum
1821 750 1911 772 eoin-

1159 802 1253 823 inune
1289 801 1344 823 seu
1383 788 1571 835 provinciale
1599 787 1797 833 capitulum,
1825 787 1909 834 apud

1159 851 1257 872 nuum
1274 838 1312 871 de
1329 837 1528 872 monasteriis
1549 837 1692 872 eiusdem
1712 837 1834 872 ordinis
1855 849 1909 872 seu

1160 887 1322 933 religionis
1337 886 1374 921 ad
1396 887 1454 921 lioc
1469 895 1577 932 aptum
1602 887 1638 929 <si
1663 887 1691 920 in
1715 886 1825 921 eadem
1843 888 1911 921 exi-

1158 945 1218 971 stat
1247 937 1420 983 provincia)
1447 936 1559 970 debeat
1577 935 1738 970 celebrari.
1758 935 1909 983 Alioquin

1159 986 1334 1020 celebretur
1358 986 1387 1020 in
1406 986 1474 1020 loco
1496 984 1556 1019 alio
1580 998 1721 1030 congruo
1744 993 1775 1018 et
1786 997 1911 1028 securo,

1159 1035 1198 1069 de
1225 1049 1300 1081 quo,
1322 1047 1359 1069 ac
1385 1034 1424 1069 de
1452 1034 1502 1069 die
1521 1035 1613 1080 tiriiiii
1644 1034 1773 1081 capituli
1800 1034 1913 1069 huius-

1160 1083 1244 1119 modi
1269 1084 1449 1119 celebrandi
1466 1092 1494 1118 et
1510 1083 1579 1118 aliis
1601 1091 1781 1130 opportune
1799 1084 1912 1118 facien-

1161 1134 1243 1168 tilius
1277 1135 1359 1168 cirea
1395 1134 1492 1175 idem,
1530 1132 1738 1179 proiidelinnt
1774 1132 1829 1176 illi,
1858 1133 1910 1179 qui

1161 1196 1258 1230 super
1282 1184 1339 1218 lioe
1375 1196 1429 1229 per
1456 1183 1571 1217 Sedeni
1606 1181 1819 1228 Apostolieain
1843 1182 1913 1216 sne-

1162 1233 1223 1267 rint
1255 1232 1395 1279 deputati
1436 1233 1534 1278 prima
1573 1232 1648 1266 vice.
1677 1231 1716 1265 Et
1754 1239 1785 1265 ut
1818 1243 1914 1278 super

1162 1282 1274 1317 eodeni
1298 1282 1437 1328 capitulo
1464 1290 1493 1315 et
1527 1294 1581 1328 per
1609 1280 1687 1315 illud
1710 1294 1747 1315 ex
1782 1289 1856 1315 tune
1885 1282 1913 1315 in

1164 1341 1322 1378 postirnin
1339 1340 1369 1366 et
1387 1340 1538 1377 peipetiio
1554 1330 1748 1365 rationabilis
1762 1330 1915 1364 ordinatio

1164 1381 1315 1416 liabtatni
1329 1408 1336 1421 ,
1364 1382 1533 1415 statuimus
1561 1381 1644 1426 qnod
1669 1380 1698 1413 in
1719 1379 1804 1414 dicto
1826 1380 1915 1426 capi-

1164 1431 1227 1464 tnlo
1257 1430 1403 1478 piiinitns
1441 1430 1629 1464 celebrando
1663 1438 1692 1463 et
1731 1440 1858 1476 semper
1885 1442 1914 1463 ιιι

1163 1489 1252 1514 antei
1288 1480 1491 1521 successive,
1532 1478 1746 1525 praesidentes
1782 1478 1917 1525 singulis

1165 1529 1313 1576 eapitnlis
1341 1529 1537 1563 celebrandis
1564 1541 1617 1562 sen
1648 1529 1745 1562 maior
1768 1541 1838 1574 pars
1861 1541 1917 1562 eo-

1166 1592 1234 1612 rniu
1278 1579 1459 1625 provideant
1495 1588 1524 1613 et
1551 1578 1695 1612 ordinare
1725 1586 1916 1624 procurent,

1167 1641 1221 1675 pei·
1244 1641 1336 1674 quein
1354 1628 1540 1674 insequenti
1564 1627 1702 1674 capitulo
1716 1640 1823 1661 sermo
1839 1628 1917 1667 lieri,

1167 1679 1324 1724 missaque
1347 1677 1497 1712 celebrari
1522 1676 1646 1721 debeat,
1675 1685 1704 1711 et
1732 1677 1847 1723 eligant
1872 1677 1919 1712 lo-

1167 1741 1237 1762 cum
1268 1740 1324 1773 pio
1360 1726 1548 1761 celeliiando
1582 1727 1639 1761 alia
1676 1726 1741 1761 viee
1775 1727 1919 1773 proxima

1169 1777 1307 1823 piaefato
1329 1776 1480 1823 capitulo,
1496 1784 1526 1811 et
1542 1776 1596 1823 qui
1621 1776 1836 1823 praesidentes
1851 1788 1921 1810 esse

1168 1826 1332 1861 debeant
1327 1840 1356 1860 in
1385 1826 1508 1865 eodem,
1536 1834 1565 1860 et
1591 1826 1636 1860 sic
1663 1838 1699 1860 ex
1723 1834 1799 1860 tune
1822 1826 1919 1860 fiatin

1171 1876 1414 1922 provincialibus
1437 1876 1583 1921 capitulis
1614 1876 1814 1910 successivis.
1841 1875 1921 1910 Pro-

1171 1926 1294 1960 xideant
1317 1926 1409 1960 etiam
1433 1925 1487 1972 qui
1509 1925 1649 1964 abbates,
1677 1937 1757 1971 quae
1785 1933 1816 1960 et
1846 1934 1923 1972 quot

1170 1988 1204 2009 ae
1223 1976 1372 2023 quotiens
1394 1975 1553 2010 Ecclesias
1579 1974 1788 2013 cathedrales,
1813 1987 1923 2008 mona-

1171 2025 1274 2064 eales,
1299 2025 1487 2059 monasteria
1516 2032 1546 2058 et
1582 2024 1641 2058 alia
1678 2024 1743 2058 loca
1779 2023 1921 2058 eiusdem

1172 2075 1293 2109 ordinis
1316 2087 1370 2108 sen
1396 2074 1557 2119 ieligionis
1596 2073 1731 2108 debeant
1759 2085 1858 2121 nsque
1885 2073 1922 2108 ad

1174 2125 1277 2170 ipsum
1301 2136 1440 2179 sequens
1454 2108 1649 2170 provinciali
1677 2123 1850 2178 capitulum
1880 2123 1924 2156 vi-

1173 2175 1277 2208 sit-ara(
1302 2173 1340 2207 Ut
1375 2173 1468 2219 iginii
1490 2172 1529 2207 de
1553 2173 1721 2219 pr·0vinciis
1750 2185 1781 2207 in
1809 2172 1926 2220 quibus

1176 2223 1357 2257 liuiusinodi
1393 2222 1527 2269 capitula
1565 2222 1677 2256 lueiint
1713 2222 1925 2261 cetebranda,

1175 2273 1322 2307 distincta
1351 2272 1492 2306 limitatio
1514 2271 1676 2309 habeatnr,
1706 2284 1763 2306 nec
1788 2271 1827 2306 de
1850 2272 1926 2326 ipsis

1177 2323 1206 2356 iti
1231 2330 1316 2368 posti
1322 2334 1389 2356 runi
1416 2322 1597 2361 liaesitetui,
1613 2321 1786 2367 quamlibet
1806 2334 1927 2367 provin

1176 2372 1269 2414 ciani
1283 2371 1542 2425 pionis-equitum
1564 2371 1768 2417 deputanins;
1784 2370 1927 2405 videlicet

1177 2421 1261 2468 quod
1288 2434 1467 2467 provinciae
1494 2420 1661 2455 Reinensis
1675 2428 1705 2454 et
1720 2420 1929 2458 senonensis

1180 2484 1234 2517 pio
1259 2484 1329 2504 ιιιιιι.
1358 2469 1624 2516 Rollioniagensis
1651 2479 1681 2504 et
1710 2469 1929 2508 Ίυιοιιθιι5ι5,

1179 2532 1250 2554 euin
1281 2520 1469 2554 munasterio
1503 2520 1536 2554 S.
1572 2518 1723 2554 Florentii
1752 2517 1874 2554 Veteris
1900 2526 1929 2552 et

1181 2570 1331 2604 inemliris
1358 2571 1434 2609 suis,
1465 2569 1549 2616 quod
1580 2569 1608 2603 in
1635 2568 1719 2603 nullo
1748 2568 1930 2614 episcopatu

1181 2632 1249 2654 essi*
1267 2619 1392 2658 dicitur,
1409 2631 1465 2666 pro
1484 2619 1552 2653 alia.
1578 2618 1787 2653 Ritiiricensis
1803 2625 1831 2652 et
1854 2616 1932 2650 Bur-

1921 239 2014 267 Aac.
2035 238 2101 265 t556
