2274 3265
128 258 310 286 An.c.1555

150 2094 268 2115 Exordium,

926 258 988 280 tNNt
995 257 1095 280 »Gt-:Nn
1103 256 1136 279 ΓΞ
1161 257 1191 279 Vl
1222 257 1267 279 tw.

692 315 714 348 l.

324 388 501 421 Iurisdi'cti'o
528 394 553 420 et
580 388 740 432 facultates
764 387 893 431 AEqidii
913 387 949 419 S.
973 386 1010 419 R.
1037 386 1075 418 E.

373 437 545 470 cardinalis
583 438 688 480 legali,
725 444 751 469 ct
784 436 895 469 vicarii
915 436 1081 480 apostolici

371 487 462 520 totius
484 487 592 520 Status
615 486 645 519 E
647 486 830 519 eclesiastici.

590 554 805 585 SUMMAMUM

1753 248 1822 281 505

1125 313 1155 346 in
1176 313 1295 347 eisdem
1312 320 1341 346 et
1365 313 1504 359 ipsorum
1525 313 1747 360 cooperatione
1772 314 1876 348 landa-

1125 361 1176 395 bili
1193 362 1289 395 nostri
1301 362 1406 396 oneris
1420 361 1650 397 alleviationem
1671 362 1875 404 facientibus,

1124 422 1180 444 nos
1194 411 1402 445 ministerium
1418 411 1509 445 nobis
1524 412 1742 453 commissum,
1754 412 1874 447 faventi·

1121 459 1225 494 divina
1240 461 1349 506 gratia,
1374 460 1496 495 facilins
1518 469 1547 495 et
1566 460 1725 496 eflicacins
1742 473 1875 508 exequa-

1122 521 1205 543 mur.

1169 558 1189 604 5
1216 562 1244 591 t.
1268 558 1364 602 Sane,
1387 558 1458 592 licet
1483 558 1520 592 ad
1545 567 1733 594 cunctorum
1756 559 1872 595 Christi

322 613 491 643 Exordium.
518 630 558 635 —
580 614 606 642 t.
628 613 741 642 Causae
765 613 875 650 legatos
905 611 1077 651 deputandi.
1122 606 1262 641 fidelium
1287 619 1395 642 curam
1411 617 1440 642 et
1457 608 1610 654 regimen,
1625 607 1719 642 veluti
1734 609 1872 655 ipsarum

362 675 401 680 —
425 657 452 687 2.
474 657 609 695 AEgidius
638 657 799 686 cardinalis
827 657 893 686 talis
920 656 1078 696 deputatur

363 702 390 731 in
410 701 492 731 Statu
510 701 660 731 Ecclesiae
680 701 837 730 Romanae.
855 718 894 723 —
908 701 1076 730 Facultates

361 747 467 776 dantur
485 746 580 776 eidem
610 763 649 768 —
667 746 694 775 3.
716 745 826 775 Causas
845 755 948 775 omnes
968 755 1077 783 cogno-

361 791 474 820 scendi:
496 807 536 812 —
552 791 580 820 4.
600 789 746 827 Ramnes,
765 791 899 830 aliosque
922 792 1076 831 puniendi:

358 851 397 857 -
418 836 445 864 5.
474 834 643 874 Omnesque
667 836 824 874 deputandi
852 836 1009 866 officiales:
1037 852 1076 858 —

360 879 387 908 6.
422 877 593 918 Culpabiles
633 879 792 917 puniendi:
821 897 860 902 —
890 881 916 909 7.
947 879 1074 909 Dissidia

360 923 574 961 componendi:
596 940 636 944 —
657 923 684 952 8.
712 922 865 953 Pactiones
889 928 989 953 contra
1018 924 1074 953 bo-

359 976 428 996 num
449 968 538 997 initas
558 968 695 997 cassandi
709 969 802 998 :—9.
821 968 968 1007 Occupata
989 978 1074 999 reeu-

359 1012 499 1050 perandi:
521 1029 560 1034 —
580 1012 622 1042 10.
638 1011 708 1041 Cum
729 1012 972 1051 delinquentibus
989 1023 1068 1043 coin-

359 1057 502 1095 ponendi:
530 1073 570 1079 —
599 1057 646 1086 il.
683 1056 837 1085 Exercitus
869 1058 1073 1094 comparandi:

357 1117 395 1122 —-
411 1101 458 1130 12.
474 1100 578 1130 Hostes
595 1101 818 1140 compescendi:
834 1118 873 1122 —
886 1101 931 1130 13.
949 1102 1073 1140 Aliaqne

358 1145 447 1175 buius
471 1146 589 1183 generis
617 1150 780 1184 opportuna
806 1145 944 1175 faciendi.
968 1162 1006 1167 —
1028 1147 1071 1176 14.

356 1188 545 1219 Obstantium
565 1191 726 1227 derogatio.
744 1207 782 1212 —
801 1191 847 1219 15.
871 1190 1001 1229 Tempus
1028 1191 1072 1219 le-

357 1235 484 1272 gationis
503 1235 700 1265 indelinitum.
715 1251 754 1256 ——
770 1235 816 1264 16.
832 1234 988 1264 faciendis
1005 1244 1071 1264 om-

357 1277 444 1308 nibus
463 1279 554 1308 robur
572 1278 720 1308 adiicitur.
739 1295 778 1300 —
798 1278 844 1307 17.
865 1277 920 1307 Per
939 1278 1009 1307 haec
1028 1288 1073 1307 re-

355 1323 486 1352 ctoribus
499 1323 627 1362 aliisque
639 1322 816 1352 officialibus
834 1322 982 1351 Romanae
995 1322 1071 1351 Eccl.

356 1367 470 1396 nullum
490 1367 551 1396 vnlt
574 1367 676 1397 inferri
705 1367 934 1406 praeiudicium.
964 1384 1002 1389 —
1027 1368 1071 1397 18.

354 1411 527 1441 Obedientia
548 1412 644 1450 legato
668 1411 851 1450 praestanda.

313 1478 484 1507 innocentius
508 1478 650 1514 episcopus
667 1485 761 1507 servus
781 1485 923 1507 servorum
942 1478 998 1511 Dei,
1031 1479 1070 1506 di·

358 1523 430 1552 lecto
459 1523 516 1551 filio
540 1523 654 1558 nigidio,
680 1523 762 1551 tituli
793 1524 886 1552 Sancti
910 1523 1070 1556 Clementis,

357 1568 518 1603 presbytero
542 1568 690 1601 cardinali,
726 1568 897 1604 Apostolicae
928 1568 1003 1596 sedis
1030 1568 1072 1596 le-

357 1614 434 1648 gato.
453 1620 483 1641 ac
503 1613 531 1640 in
550 1613 691 1648 provincia
710 1613 873 1642 Patrimonii
894 1613 972 1641 Beati
996 1613 1072 1641 Petri

357 1657 385 1685 in
404 1658 531 1690 Thuscia.
551 1657 673 1686 nuoatus
696 1658 846 1693 Spoletani,
867 1658 1002 1686 marchiae
1021 1658 1069 1686 Διι-

359 1709 457 1736 conae.
484 1709 515 1730 ac
546 1702 752 1735 Romandiolae,
790 1703 951 1738 Campaniae
983 1704 1013 1731 et
1044 1703 1072 1730 in

358 1747 513 1776 Maritimae
544 1747 701 1783 provinciis,
733 1755 763 1776 ac
787 1748 815 1775 in
842 1747 1003 1776 civitatibus
1044 1748 1071 1776 et

359 1793 456 1825 terris,
491 1794 520 1821 et
551 1792 615 1820 aliis
634 1793 758 1821 omnibus
779 1793 910 1820 Romanae
938 1792 1071 1820 Ecclesiae

360 1837 517 1865 immediate
537 1837 668 1866 subiectis
691 1839 721 1865 et
744 1838 821 1865 intra
848 1837 981 1865 terminos
1004 1838 1070 1865 tuae

360 1882 509 1916 legationis
528 1882 704 1914 constitum,
718 1883 814 1910 nostro
835 1883 864 1910 et
883 1882 1001 1909 eiusdem
1021 1882 1072 1909 Ro-

361 1932 456 1954 manae
480 1926 613 1954 Ecclesiae
629 1927 658 1954 in
677 1926 876 1961 temporalibus
895 1926 997 1954 vicario
1024 1933 1070 1961 ge-

361 1970 461 2003 nerali,
475 1970 593 1998 salutem
606 1972 633 1999 et
651 1971 828 2006 apostolicam
846 1971 1069 1999 benedictionem.

366 2035 449 2070 Cum
488 2049 569 2070 onus
602 2037 786 2071 universalis
814 2037 976 2082 regiminis
1002 2037 1070 2072 Do-

318 2085 423 2120 minici
446 2087 549 2131 gregis
573 2098 709 2133 superna
732 2087 940 2133 dispositione
969 2087 1071 2121 ininn-

316 2144 401 2168 ctum
424 2136 627 2179 attendimus,
650 2144 678 2169 et
703 2144 843 2170 nostrum
867 2144 982 2170 attente
996 2148 1071 2183 pro-

316 2184 470 2231 spicimus
493 2184 724 2231 imperfectum,
741 2185 883 2220 videntes
906 2185 992 2220 nullo
1008 2198 1070 2219 mo-

317 2235 356 2268 do
379 2245 434 2280 per
456 2245 514 2268 nos
537 2235 622 2281 ipsos
646 2247 737 2281 posse
762 2235 905 2269 exolvere
927 2235 1067 2268 debitum

316 2283 505 2329 apostolicae
519 2284 691 2322 servitutis,
707 2297 943 2330 nonnumquam
960 2284 1069 2319 fratres

316 2341 441 2367 nostros
464 2331 496 2366 S.
522 2332 561 2367 R.
585 2333 621 2366 E.
645 2334 832 2378 cardinales,
848 2335 929 2368 viros
951 2335 1067 2368 electos

315 2394 352 2415 ex
381 2381 522 2416 millibus
548 2383 678 2416 scientia
708 2383 864 2430 praeditos
886 2392 916 2417 et
943 2384 1068 2423 virtute,

316 2431 345 2465 in
368 2431 484 2478 quibus
500 2432 592 2466 timor
610 2432 737 2466 Domini
753 2440 879 2467 sanctus
896 2442 1068 2479 permanet,

316 2481 345 2514 in
370 2481 583 2515 solicitudinis
607 2489 723 2528 partem
758 2483 960 2520 assumimus,
991 2494 1068 2516 eos-

315 2530 453 2577 demque
481 2532 509 2565 in
538 2531 702 2565 universas
742 2532 848 2565 mnndi
891 2533 1068 2578 provincias

315 2588 344 2613 et
373 2589 488 2627 partes,
517 2581 774 2615 incumbentibus
803 2582 942 2627 negociis
977 2581 1067 2615 desi-

315 2639 458 2675 gnantes,
475 2639 508 2663 ut
523 2630 597 2676 ipsis
614 2631 697 2664 xices
713 2639 833 2664 nostras
846 2631 1067 2677 supplentibus

1119 658 1224 690 ovium
1246 665 1352 703 pastor
1379 665 1408 692 et
1431 666 1544 700 rector,
1562 657 1680 692 intente
1694 658 1808 692 mentis
1823 671 1876 693 no-

1119 714 1200 740 strae
1216 707 1314 740 aciem
1334 706 1560 746 extendamus;
1576 707 1755 752 provincias
1771 715 1872 741 tamen

1119 764 1149 790 et
1183 764 1280 790 terras
1316 755 1530 802 temporaliter
1561 755 1763 801 Apostolicae
1798 755 1872 791 Sedi

1118 805 1292 843 subiectas,
1304 814 1333 839 et
1351 805 1488 852 ipsarum
1503 805 1639 851 populos
1656 805 1799 840 diversos
1825 806 1875 852 ip-

1118 855 1183 889 sius
1218 853 1381 889 Romanae
1415 854 1576 889 Ecclesiae
1614 854 1771 901 speciales
1795 854 1874 889 filios

1118 913 1147 938 et
1187 904 1316 938 devotos
1350 903 1595 951 praecordialius
1635 904 1809 944 intuemur,
1844 913 1874 937 et

1117 965 1214 1000 super
1235 966 1344 988 eornm
1365 953 1445 988 felici
1472 953 1624 1000 regimine
1641 961 1671 988 et
1697 962 1778 988 statu
1797 965 1873 1000 pro-

1117 1015 1209 1048 spero
1245 1011 1273 1037 et
1304 1003 1472 1050 tranquillo
1516 1003 1686 1050 specialius
1708 1003 1874 1037 affectibus

1118 1052 1330 1098 peculiaribus
1366 1053 1515 1099 cupimus
1548 1052 1724 1099 providere.
1751 1052 1871 1086 Atten-

1117 1101 1227 1136 dentes
1262 1102 1365 1148 itaque
1399 1102 1484 1148 quod
1510 1110 1555 1142 tu,
1584 1109 1696 1148 potens
1723 1113 1820 1148 opere
1841 1110 1871 1135 et

1116 1162 1280 1194 sermone,
1307 1163 1400 1197 quem
1439 1151 1467 1184 in
1503 1151 1625 1196 magnis
1651 1158 1817 1197 expertum
1841 1160 1870 1185 et

1115 1199 1244 1243 arduis,
1269 1199 1423 1245 probitate
1451 1212 1487 1234 ac
1515 1199 1662 1234 fidelitate
1691 1199 1872 1247 probatum,

1115 1248 1284 1293 gratiarnm
1298 1248 1456 1283 Dominus
1475 1249 1624 1284 scientiae
1641 1249 1872 1295 magnitudine,

1116 1297 1287 1331 industriae
1324 1298 1486 1337 claritate,
1524 1298 1702 1332 maturitate
1737 1298 1872 1336 consilii,

1115 1358 1238 1380 morum
1262 1347 1429 1392 elegantia,
1447 1356 1477 1381 et
1504 1347 1574 1381 aliis
1601 1347 1767 1393 grandium
1805 1347 1872 1381 vir-

1116 1404 1215 1430 tutum
1241 1396 1339 1430 titulis
1364 1396 1537 1442 insignivit,
1567 1397 1597 1430 in
1631 1397 1725 1431 cuius
1760 1395 1871 1431 affectu

1113 1445 1244 1491 geritur,
1278 1454 1311 1479 ut
1340 1445 1554 1480 indubitanter
1578 1453 1735 1485 tenemus,
1764 1446 1873 1492 pacili-

1114 1507 1185 1528 care
1221 1495 1401 1535 discordes,
1435 1494 1546 1529 sedare
1583 1495 1806 1530 fluctuationes
1843 1504 1870 1528 et

1114 1544 1268 1578 turbines.
1292 1545 1428 1579 iustitiae
1452 1545 1603 1579 terminos
1624 1544 1744 1588 colere,
1767 1552 1798 1579 et
1820 1556 1874 1578 er-

1115 1602 1218 1628 rantes
1236 1594 1273 1627 ad
1309 1595 1386 1627 viam
1409 1602 1523 1628 rectam
1548 1593 1700 1628 reducere
1720 1594 1870 1635 veritatis,

1113 1643 1197 1689 qnod
1215 1655 1272 1676 nos
1289 1643 1448 1683 absentes,
1465 1651 1662 1690 repugnante
1677 1652 1869 1687 natura,non

1115 1704 1286 1738 possumus
1297 1693 1455 1733 assistere,
1465 1692 1665 1727 commissam
1681 1692 1736 1726 tibi
1749 1704 1869 1731 curam,

1113 1742 1218 1776 divina
1241 1742 1351 1787 gratia,
1382 1742 1554 1788 prudenter
1576 1751 1605 1776 et
1634 1741 1767 1776 fideliter
1794 1753 1870 1776 exe-

1113 1791 1231 1838 queris,
1262 1799 1379 1825 matura
1403 1803 1474 1825 cnm
1499 1790 1648 1825 fratribus
1673 1791 1790 1826 nostris
1812 1791 1869 1825 de-

1113 1840 1300 1874 liberatione
1331 1840 1523 1887 praehabita,
1546 1840 1584 1874 de.
1608 1840 1750 1887 ipsorum
1778 1852 1869 1874 com-

1114 1890 1199 1923 muni
1228 1889 1360 1924 consilio
1383 1898 1412 1924 et
1439 1902 1585 1930 assensn3

1161 1939 1229 1984 §⁶2-
1253 1938 1297 1973 Te
1311 1939 1341 1972 in
1359 1939 1549 1985 patrimonio
1569 1939 1606 1973 Β.
1625 1939 1708 1973 Petri
1731 1939 1761 1973 in
1776 1939 1868 1973 Tlin-

1112 1989 1188 2031 scia,
1206 1988 1320 2021 ducatu
1336 1988 1520 2034 Spoletano,
1539 1988 1696 2022 Marcbiae
1716 1989 1867 2031 Anconae,

1113 2033 1553 2084 Romandiolae,Campaniae
1563 2045 1593 2072 et
1603 2037 1778 2072 Maritimae
1793 2050 1867 2084 pro-

1114 2086 1236 2129 xinciis,
1258 2099 1293 2121 ac
1310 2087 1460 2121 omnibns
1484 2095 1511 2121 et
1540 2087 1673 2133 singulis
1688 2086 1868 2123 civitatibus

1112 2145 1142 2170 et
1167 2137 1255 2170 terris
1275 2136 1416 2170 eiusdem
1431 2136 1593 2171 Romanae
1608 2136 1769 2171 Ecclesiae
1786 2146 1868 2171 tem-

1113 2185 1271 2232 poraliter,
1293 2186 1426 2220 mediate
1448 2186 1492 2219 vel
1508 2186 1688 2220 immediate
1702 2185 1867 2229 subiectis,

1113 2234 1189 2268 infra
1210 2235 1363 2269 terminos
1405 2235 1570 2281 legationis
1603 2244 1686 2279 tuae,
1709 2243 1741 2269 nt
1773 2247 1867 2282 prae-

1113 2284 1258 2324 mittitur,
1287 2292 1441 2325 nostrum,
1469 2293 1498 2319 et
1525 2284 1668 2319 eiusdem
1705 2283 1866 2319 Romanae

1113 2333 1272 2368 Ecclesiae
1304 2335 1452 2368 vicarium
1482 2335 1511 2368 in
1542 2333 1785 2381 temporalibuS,
1815 2345 1865 2368 re-

1113 2382 1325 2427 formatorem,
1365 2396 1401 2418 ae
1444 2384 1528 2431 pacis
1561 2392 1590 2417 et
1631 2384 1864 2431 provinciarum

1111 2442 1362 2468 conservatorem
1405 2433 1628 2467 constituimus
1660 2433 1865 2479 generalem,

1111 2482 1385 2529 circumspectioni
1414 2490 1485 2517 tuae
1508 2482 1751 2526 Patrimonium,
1766 2482 1864 2517 duca-

1111 2539 1176 2565 tum
1201 2532 1357 2566 Marcliiae
1385 2533 1547 2571 Anconae,
1571 2532 1759 2579 provincias,
1787 2532 1864 2566 civi—

1111 2590 1189 2615 tates
1215 2592 1244 2615 et
1275 2590 1373 2616 terras
1403 2581 1591 2629 praedictas,
1616 2581 1771 2629 praefatae
1794 2581 1861 2616 Ro-

1111 2643 1220 2664 manae
1256 2630 1417 2665 Ecclesiae
1458 2631 1609 2676 nomine,
1641 2638 1732 2678 prout
1771 2640 1800 2665 et
1831 2632 1863 2666 in

1892 257 1939 283 Αη.
1959 257 1985 283 C.
2006 255 2072 282 ¹555

1901 570 1981 589 (husae
2012 570 2073 594 legn-

1889 604 1920 620 tos
1937 602 2058 627 deputandi,

1897 1948 1988 1973 AEgidius
2018 1955 2042 1969 ru

1882 1980 1958 1999 dinetus
1971 1980 2018 2000 talis
2028 1982 2068 2000 de—

1883 2014 1965 2036 putatur
1976 2012 1996 2030 in
2012 2015 2067 2031 statu

1883 2040 1991 2062 Ecclesiae
2025 2041 2067 2061 tt.»-

1882 2077 1955 2091 titanae

1890 2295 2008 2317 Facultates
2016 2298 2065 2317 dan<

1880 2331 1908 2347 tui
1929 2329 1996 2348 entem
