2274 3265
110 283 155 309 An,
180 286 208 310 C.
225 284 291 308 ΝΞΟ

114 2261 234 2282 Patri-{reba
252 2263 287 2281 de-

101 2294 166 2313 timvu
178 2293 285 2313 Nicolaum

102 2325 143 2344 illis
160 2328 287 2350 propositio-

102 2356 162 2375 ntbus
198 2355 286 2381 populos

102 2387 271 2407 scandalizasse:

924 284 946 304 M
953 284 968 304 Α
976 283 1025 304 u'rt
1032 282 1089 304 Nos
1118 282 1134 303 V
1164 282 1211 304 ΙΨ.

305 337 530 370 assertionibus
554 338 617 369 l‘orc
646 337 799 370 haeretica
818 337 885 370 labe
910 337 1055 375 infectos,

304 385 381 419 alios
405 398 567 423 erroneos,
590 386 711 432 aliquos
733 386 936 420 scaudalosos
958 393 987 419 et
1009 398 1058 419 sca

305 435 448 475 ditiosos,
468 443 497 469 et
515 435 637 481 aliquos
661 435 844 469 tcnwrarios
860 447 894 468 ac
918 435 1055 468 iniurio-

306 496 370 523 sos,
398 497 433 519 ac
455 497 509 518 eos
534 485 658 530 penitus
682 485 845 518 revocavit.
875 484 913 517 Et
941 484 1056 517 nihilo-

307 534 411 568 minus
451 534 626 568 iuramento
666 534 849 567 solemniter
896 533 1056 579 professus

306 583 375 626 fuit,
403 596 435 617 se
457 595 583 629 semper
605 591 686 617 stare
711 583 840 616 firmiter
867 590 896 615 et
924 582 1056 616 lidelitcr

306 645 377 667 cum
405 640 509 666 5311013
538 632 690 666 catholica
719 640 749 666 et
783 631 956 678 apostolica
990 631 1056 665 Ro-

307 693 397 716 mana
426 680 566 715 Ecclesia
592 682 621 714 iu
645 681 712 714 suis
738 680 1056 715 determinationibus

305 740 334 765 01
356 730 619 769 ordinationibus,
643 730 703 763 illis
719 742 846 776 semper
867 729 1055 773 obediendo⁷

307 781 335 813 in
359 779 408 813 his
436 779 631 826 praesertim,
660 792 740 825 quac
767 779 804 813 ad
842 779 933 812 fidem
960 780 1056 825 perti-

306 836 379 862 nent
396 828 553 866 camdem,
573 828 664 861 etiaui
682 828 784 874 quoad
807 828 970 862 damnatae
990 841 1056 862 me-

305 880 422 911 moriae
450 877 577 911 Ioannis
605 876 725 911 Wiclel'
757 885 785 911 et
814 877 938 911 loannis
973 877 1056 911 lluss

304 927 532 961 condemnatos
552 926 716 964 articulos,
740 939 811 960 cum
828 926 943 972 1111111115
961 927 1054 973 aliqui

303 989 339 1010 ex
368 977 488 1010 eisdem
517 975 657 1009 articulis
691 983 719 1009 ct
748 976 977 1009 assertionibus
1002 989 1056 1022 per

303 1025 448 1059 eumdem
480 1024 642 1058 Nicolaum
674 1024 861 1070 praedicatis
894 1033 924 1058 et
953 1025 1056 1071 publi-

302 1075 390 1114 catis,
411 1081 441 1107 ut
466 1073 639 1120 praefertur
654 1101 662 1117 7
685 1074 914 1108 connexionem
940 1074 1055 1109 hahere

302 1132 494 1163 noscuntur,
532 1122 796 1156 anathematizans
833 1132 861 1157 01
896 1123 1055 1158 1101051305

302 1185 413 1206 omnes
434 1180 463 1206 et
506 1171 646 1217 singulas
684 1172 830 1206 haereses
873 1180 902 1205 ct
933 1185 1055 1207 errores

303 1222 506 1255 articulorum
548 1221 803 1267 praedictorum,
836 1221 988 1268 quodque
1024 1222 1053 1256 in

302 1271 507 1305 sacramentis
529 1279 558 1303 01
586 1270 726 1304 clavibus
754 1270 855 1304 1110130
883 1270 1054 1311 Ecclesiae,

304 1321 501 1354 veneratione
516 1327 710 1357 sanctorum,
725 1328 754 1353 et
773 1320 894 1353 illorum
914 1320 1055 1366 reliquiis

302 1382 338 1403 30
367 1369 584 1414 indulgentiis,
609 1369 638 1402 in
664 1368 782 1402 unitate
806 1369 905 1415 ipsius
941 1369 1055 1403 Eccle-

302 1419 366 1452 siae
390 1419 511 1464 integre
533 1426 563 1451 et
586 1417 722 1463 perfecte
738 1417 857 1464 absque
873 1417 969 1451 dubio
987 1430 1055 1464 per-

303 1475 455 1510 maneret,
469 1474 499 1501 et
515 1467 538 1500 si
557 1467 623 1513 ipse
637 1474 742 1500 contra
760 1467 919 1513 praedicta
935 1466 1052 1514 aliquid

302 1516 436 1551 senserit
458 1524 509 1549 aut
528 1516 756 1562 praedicaverit
780 1515 906 1562 publice
931 1516 976 1550 vel
997 1528 1054 1550 oc-

301 1566 397 1605 culte,
421 1565 514 1599 verbo
539 1565 586 1599 vel
610 1566 638 1598 in
662 1564 799 1611 scriptis,
828 1577 983 1598 canonum
1000 1578 1053 1599 se-

302 1615 423 1649 veritati
451 1627 484 1648 se
508 1614 653 1653 subiecit,
676 1614 842 1660 ipsamque
871 1614 1053 1648 confessio—

303 1676 374 1697 nem
410 1676 504 1698 manu
541 1675 596 1698 sua
628 1664 753 1709 propria
778 1663 990 1710 subscriptam
1016 1664 1052 1697 ad

302 1725 433 1759 regnum
468 1712 618 1747 Franciae
640 1719 670 1746 et
692 1711 840 1746 Studium
875 1712 1052 1748 Parisiense

301 1774 336 1796 ac
360 1762 481 1795 nobiles
503 1770 533 1795 et
554 1761 799 1796 communitates
819 1761 1051 1807 praedictarum

300 1811 513 1846 Tornacensis
535 1819 566 1845 et
581 1811 822 1846 Cameracensis
844 1811 1005 1845 civitatum
1023 1819 1053 1845 et

300 1860 482 1895 dioecesum
498 1873 532 1894 ac
548 1860 739 1907 oppidorum
757 1860 1051 1895 circumiacentium

300 1909 392 1955 dirigi
417 1910 526 1949 voluit,
551 1922 588 1943 ne
608 1910 678 1956 quis
703 1910 829 1943 nomine
844 1910 889 1943 sui
904 1910 1052 1943 articulos

300 1969 328 1993 et
356 1960 545 1993 assertiones
581 1960 810 2006 suprascriptas
839 1959 1051 2006 approbaret,

300 2021 379 2055 quos
414 2009 523 2052 voluit,
548 2009 676 2054 rogarit,
703 2017 732 2042 et
755 2008 989 2047 obsecrabatur,
1014 2021 1052 2042 ne

300 2058 433 2091 ulterius
470 2059 536 2103 pias
559 2070 652 2091 aures
686 2058 894 2095 offenderent,
925 2057 1052 2104 publice

300 2108 336 2141 ad
375 2119 483 2141 eorum
512 2107 752 2141 detestationem
791 2108 943 2141 notoriam
973 2119 1052 2141 con-

300 2157 443 2191 cremari.

350 2206 423 2260 §65
448 2205 487 2239 Et
521 2207 698 2239 successive
726 2206 882 2251 pracfitus
915 2206 1052 2252 11311131-

301 2255 371 2293 cha,
397 2256 470 2289 visis
495 2267 548 2301 per
570 2268 641 2288 eum
666 2264 692 2288 et
715 2255 880 2296 1111111011111
905 2255 1052 2301 inspectis

301 2304 450 2338 omnibus
472 2305 548 2338 actis
564 2314 590 2338 et
608 2305 753 2347 actitatis,
767 2291 894 2343 habitis,
912 2305 1052 2359 probatis

301 2363 326 2387 et
353 2354 505 2387 confessis
529 2354 557 2387 in
582 2366 673 2387 causa
699 2333 1050 2400 11111115010111,1115151100,

300 2416 371 2437 cum
396 2403 557 2448 diligentia
582 2404 745 2437 recensitis
763 2412 791 2437 et
808 2404 1005 2445 examinatis,
1022 2412 1051 2436 et

300 2464 397 2499 super
424 2452 472 2485 bis
499 2464 571 2485 cum
601 2452 859 2499 archiepiscopis,
883 2453 1050 2499 episcopis,

300 2500 469 2535 abbatibus
491 2513 526 2535 ac
549 2502 706 2547 magistris
721 2511 749 2536 et
764 2502 948 2536 doctoribus
968 2514 1052 2549 prae-

300 2550 403 2589 dictis,
427 2550 651 2585 deliberatione
675 2560 792 2585 matura
817 2560 844 2585 et
864 2551 946 2585 fideli
965 2564 1052 2597 prae-

302 2599 426 2643 habitis,
449 2599 486 2633 ad
510 2601 728 2635 exaltationem
763 2601 831 2634 lidei
860 2609 889 2633 et
912 2602 1050 2634 veritatis

301 2649 611 2688 manifestationem,
640 2662 695 2697 per
729 2662 817 2684 suam
854 2650 1049 2684 diffinitivam

1728 274 1799 305 693

1097 336 1285 369 seutentiam
1301 363 1309 379 ,
1333 337 1423 371 etiam
1455 351 1509 383 per
1532 338 1716 372 venerabilis
1745 338 1848 371 fratris

1098 385 1194 419 nostri
1218 385 1359 419 'l'homae
1375 414 1382 425 ,
1404 387 1545 433 episcopi
1581 388 1846 433 (331101311000515Ἴ

1097 443 1125 467 et
1154 434 1340 468 dilectorum
1379 436 1512 470 liliorum
1551 436 1691 474 Roberti,
1724 436 1847 471 abbatis

1098 483 1277 518 monasterii
1293 483 1512 519 Cluniacensis
1522 485 1761 519 lllatisconeusis
1774 486 1849 518 ‹licc-

1097 533 1200 572 cesis‚
1229 545 1263 566 ac
1292 532 1425 568 Mauritii
1462 534 1501 567 1Ιο
1531 534 1651 578 Draga,
1686 534 1845 568 Guillelmi

1098 581 1378 627 Pulc-hrincpotis,
1412 583 1553 617 canonici
1588 583 1788 627 Anieiensis,
1817 585 1846 617 in

1097 631 1214 665 eisdem
1240 630 1394 677 theologia
1422 640 1451 665 et
1482 632 1602 666 iuribus
1625 633 1845 677 ma‘risttorum

1097 688 1125 713 et
1151 680 1316 715 doctorum
1333 680 1600 727 subscriptionem
1617 681 1762 715 minibus
1780 695 1847 728 pr-o

1099 729 1175 775 priis
1200 730 1310 764 factam
1329 737 1359 763 et
1371 729 1586 776 approbatam⁷
1614 731 1846 774 pronunciatit,

1097 778 1235 813 decreiit
1263 787 1291 813 et
1319 778 1487 813 decatltrnit
1510 778 1658 813 0111011001
1683 779 1845 813 'Nicolaum

1099 827 1127 861 iu
1156 828 1334 862 civitatibus
1357 827 1549 863 Tornacensi
1573 836 1603 862 et
1625 828 1846 862 Cameracensi

1097 889 1132 911 ac
1155 877 1296 924 partibus
1333 877 1525 924 praedictis,
1563 890 1618 924 per
1651 890 1725 911 suas
1758 878 1848 911 salsas

1097 926 1377 971 dogmatizationcs
1394 954 1401 966 ,
1439 927 1590 973 populum
1633 926 1778 961 infecisse
1817 928 1846 961 in

1097 976 1279 1010 scandalum
1309 975 1484 1017 Ecclesiae
1503 983 1532 1010 ct
1550 983 1656 1010 contra
1685 976 1845 1010 veritatem

1098 1025 1166 1058 lidei
1190 1033 1283 1072 atque
1312 1025 1465 1059 bonorum
1491 1037 1626 1065 morum,
1644 1024 1776 1072 illosque
1798 1039 1847 1072 pe-

1098 1074 1324 1109 riculosissime
1347 1074 1515 1109 seduxisse
1538 1082 1567 1107 et
1586 1074 1844 1108 circumvenisse.

1145 1123 1219 1169 57.
1245 1124 1282 1158 Et
1315 1124 1388 1171 quia
1418 1123 1633 1170 quorumlibet
1657 1123 1843 1158 dilictorum

1096 1172 1230 1218 qualitas
1258 1182 1288 1207 et
1315 1173 1473 1219 quantitas
1509 1172 1723 1220 inspiciendae
1760 1182 1831 1207 sunt

1098 1229 1129 1255 ut
1153 1222 1238 1256 iuxta
1267 1222 1333 1256 illas
1358 1222 1548 1269 poenitentia
1567 1221 1745 1265 inducatur,
1768 1223 1846 1256 civi-

1097 1278 1175 1304 tates
1197 1280 1227 1305 et
1249 1271 1410 1305 dioeceses
1431 1271 1651 1305 Tornacenses
1673 1280 1702 1306 et
1725 1272 1846 1305 Came-

1098 1332 1242 1354 racenses
1265 1320 1439 1367 praedictas
1461 1328 1491 1353 et
1515 1321 1672 1366 regionem
1701 1320 1745 1355 eis
1768 1333 1847 1354 con-

1097 1369 1232 1413 tiguam,
1257 1370 1383 1415 triginta
1413 1368 1572 1403 leucarum
1605 1369 1718 1415 spatio,
1742 1369 1845 1404 eidem

1096 1417 1247 1457 Nicolao,
1271 1417 1373 1464 quoad
1404 1418 1541 1461 viveret,
1564 1430 1599 1451 30
1626 1418 1782 1452 civitatem
1817 1428 1846 1453 et

1095 1466 1265 1501 dioecesim
1290 1467 1515 1510 parisiensem,
1544 1479 1645 1513 usque
1673 1467 1710 1501 ad
1734 1467 1845 1502 decem

1095 1528 1195 1550 annos
1220 1529 1235 1550 a
1259 1515 1310 1550 die
1342 1517 1420 1551 latae
1454 1517 1628 1550 sententiae
1665 1516 1845 1551 huiusmodi

1095 1565 1326 1612 computandos
1343 1593 1350 1605 ,
1378 1564 1437 1599 sub
1461 1577 1560 1612 poena
1590 1566 1847 1601 incarcerationis

1096 1622 1263 1660 perpetuae
1280 1614 1399 1661 absque
1414 1626 1470 1661 spe
1484 1615 1624 1649 cuiusvis
1640 1616 1846 1658 remissionis,

1095 1663 1266 1704 interdixit,
1291 1664 1407 1709 ipsum,
1430 1663 1454 1697 si
1470 1663 1701 1704 contrafecerit,
1718 1664 1846 1699 brachio

1094 1712 1246 1747 saeculari
1283 1712 1504 1759 relinquendo;
1533 1725 1655 1747 necnon
1687 1726 1846 1760 apparen-

1095 1762 1178 1795 tibus
1204 1762 1243 1796 1Ιο
1271 1762 1451 1808 praemissis
1485 1762 1645 1796 erroribus
1675 1762 1705 1796 in
1734 1763 1844 1798 eodem

1094 1810 1223 1845 Nicolao
1251 1811 1452 1845 contritionis
1474 1819 1501 1845 et
1526 1812 1784 1857 compunctionis
1802 1813 1846 1846 si-

1094 1861 1176 1906 gnis,
1199 1872 1235 1894 30
1259 1860 1359 1907 ipsius
1379 1860 1550 1894 voluntaria
1570 1873 1665 1907 super
1679 1861 1846 1896 salubriter

1095 1910 1298 1956 imponendis
1334 1909 1391 1944 sibi
1427 1910 1637 1951 subiectione,
1660 1918 1689 1944 et
1718 1910 1843 1945 illorum

1095 1959 1205 1993 humili
1236 1959 1388 2006 petitione
1413 1959 1559 2006 praeviis,
1588 1959 1758 2005 praefatum
1782 1960 1843 1994 Ni-

1093 2009 1216 2043 colaum
1246 2008 1283 2043 ad
1307 2021 1463 2053 gremium
1498 2019 1623 2042 sanctae
1650 2010 1758 2043 matris
1780 2009 1845 2044 Ec-

1093 2058 1207 2092 clesiae
1229 2058 1340 2092 devote
1369 2057 1551 2092 redeuntem
1579 2058 1730 2105 suscepit,
1752 2068 1781 2093 et
1805 2059 1845 2093 ab

1093 2107 1432 2141 excommunicationis
1453 2107 1608 2141 sententia
1631 2115 1663 2141 et
1683 2108 1751 2142 aliis
1770 2121 1845 2142 cen-

1093 2157 1175 2191 suris
1197 2156 1432 2198 ecclesiasticis,
1454 2155 1571 2202 quibus
1598 2157 1763 2191 tenebatur
1786 2158 1843 2191 ad-

1093 2207 1232 2244 strictus,
1255 2206 1302 2239 sui
1326 2205 1457 2239 Ordinis
1485 2205 1620 2251 regulari
1649 2207 1844 2241 correctione

1092 2264 1235 2301 excepta,
1249 2255 1393 2297 absolvit,
1408 2264 1437 2288 et
1452 2255 1668 2288 communioni
1683 2255 1844 2290 Ecclesiae

1095 2304 1250 2351 praefatae
1278 2303 1502 2343 reconciliavit,
1525 2303 1662 2350 sibique,
1685 2305 1708 2338 si
1734 2307 1842 2351 poeui-

1093 2354 1219 2387 teutiam
1244 2353 1303 2387 sibi
1326 2353 1496 2387 iniunctam
1522 2353 1690 2387 salubriter
1712 2366 1844 2400 perege—

1095 2404 1150 2442 rit,
1190 2402 1434 2437 misericorditer
1468 2403 1602 2448 rigorcm
1639 2404 1716 2437 iuris
1737 2411 1844 2438 attem-

1095 2464 1217 2499 perans,
1243 2460 1274 2485 ut
1298 2451 1440 2485 inclusus
1464 2464 1517 2498 per
1541 2451 1622 2485 duos
1643 2465 1743 2486 annos
1765 2465 1844 2486 con-

1093 2503 1197 2535 tinuos
1222 2501 1250 2534 in
1274 2501 1367 2534 domo
1391 2500 1523 2534 Metensi
1546 2501 1688 2535 ciusdem
1713 2501 1843 2536 Ordinis

1094 2550 1303 2585 Eremitarum
1338 2550 1443 2584 Sancti
1482 2550 1677 2596 Augustini,
1701 2559 1728 2584 et
1758 2551 1843 2585 illius

1094 2609 1191 2634 totum
1216 2599 1369 2633 ambitum
1395 2612 1449 2645 pro
1469 2600 1646 2633 carceribus
1660 2601 1842 2646 assignavit,

1092 2649 1177 2684 omni
1207 2649 1373 2683 collatione
1396 2657 1426 2682 et
1448 2649 1737 2684 communicatione
1760 2661 1839 2696 quo-

1862 282 2047 309 Αη.1,.1νι·)11

1875 1137 2016 1163 lmpositaqut*
2028 1142 2047 1156 et

1861 1171 2000 1194 poenitentia,
2026 1169 2046 1187 in

1837 1201 1845 1216 7
1861 1199 1961 1222 ,1101011101
1974 1198 2047 1217 Emta-

1861 1231 1904 1249 siae
1922 1232 2012 1254 recepit.
