2274 3265
195 239 226 263 Nu
261 240 287 263 (ἶ,
305 240 368 266 Ηιῦὃ

199 350 310 369 (,.ιιιι]ιιιιιι
329 350 366 369 11ηἶ

187 382 274 400 ιιικῐιιυιΙι
305 388 361 406 ρων»

187 416 276 437 <ruptae
290 415 364 431 iestes,

193 1091 312 1111 Huiustvo-lt
329 1096 362 1110 ve-

179 1129 200 1141 ri·
212 1126 313 1147 prioratu>
323 1125 361 1142 Se-

179 1154 197 1171 di
228 1154 287 1179 ‘lim'
322 1160 361 1174 iui-

180 1187 267 1203 iuvdmtw
290 1186 360 1205 subire

178 1218 230 1235 ctus>

195 2228 242 2247 Dua
275 2229 362 2248 facultas

181 2265 270 2283 §rivisf'm
281 2260 362 2280 elmen-

182 2292 199 2310 rli

432 232 501 262 (35⁹2

431 299 450 339 ,ξ
477 298 509 328 2.
548 295 695 329 Voleutes
731 303 759 329 et
800 296 908 330 eadem
945 298 1125 330 auctoritate

383 353 563 383 statuentes,
582 345 663 390 qnod
681 345 737 390 ipsi
755 345 863 378 l'ratres
877 355 945 379 artu
965 346 994 379 iu
1016 346 1124 379 eadent

382 394 474 427 domo
499 393 681 435 residentes,
714 407 887 440 voi-unique
913 408 1125 434 successores,

380 456 432 489 qui
457 451 546 476 crunt
561 456 616 489 pro
632 451 783 488 tempore,
798 445 939 477 canonici
956 445 1126 489 regulares,

380 502 405 526 et
422 492 596 526 secuudum
616 492 766 537 regularia
787 493 925 527 instituta
943 493 1124 528 liuinsniodi

379 542 602 575 ‹unimur-orum
626 541 814 587 regularium
851 543 1000 589 deinceps
1023 543 1126 577 vivere

379 600 406 624 et
423 591 531 625 fratres
551 591 584 624 S.
601 591 771 625 Salvator-is
787 593 962 639 nuncupari
980 592 1125 631 debeant,

378 650 406 673 et
429 653 562 687 quorum
586 641 714 687 quilibet
742 641 800 674 sul)
822 642 975 688 scapulari
1009 642 1126 676 roclie—

380 699 456 732 tum,
469 690 614 735 superius
633 699 735 724 autem
756 704 886 737 cappam
903 692 994 736 grisei
1013 691 1126 725 coloris

379 739 465 773 lanae
490 739 724 779 mordentis,nd
739 742 834 774 instar
856 754 1025 786 capparum
1051 753 1126 774 con-

379 801 538 823 versorum
549 789 1125 835 Cartliusiensium()r‹liuis,gestalut,

377 851 435 884 qua
471 838 598 884 quidem
633 851 729 884 (eappa
767 839 824 884 ipsi
854 838 961 872 fratres
989 847 1125 877 utantur,

376 900 447 921 cuni
471 901 524 922 eos
550 888 634 921 exire
658 888 821 931 contigerit
855 896 941 933 septa
971 888 1125 933 prioratus

376 949 430 971 seu
459 936 573 970 domus
603 936 782 970 liuiusniodi
809 936 846 971 ad
877 937 1027 983 populum
1062 937 1125 971 sive

377 986 509 1020 turbam.

424 1036 444 1081 g
472 1039 501 1069 5.
532 1034 658 1068 Necnon
695 1036 863 1079 prioratum
892 1036 957 1069 sive
995 1035 1124 1069 domum

377 1084 557 1118 huiusmodi
581 1097 652 1117 curn
677 1085 794 1117 eisdem
820 1083 967 1119 fratribus
992 1093 1020 1119 et
1049 1097 1125 1118 cou-

378 1136 472 1168 versis
494 1142 522 1168 et
547 1134 689 1179 personis
712 1134 791 1167 inea
814 1133 1014 1179 degentibus,
1035 1146 1127 1181 prar-

376 1183 517 1217 sentibus
544 1192 573 1217 et
598 1184 742 1229 posteris,
769 1196 840 1217 cuni
864 1183 1014 1217 omuibus
1033 1197 1124 1217 mem-

377 1232 452 1271 bris,
476 1246 597 1267 necnon
624 1233 713 1267 bonis
737 1232 908 1267 mobilibus
931 1242 961 1267 et
981 1233 1127 1267 immobi-

377 1282 458 1316 libus
487 1283 586 1329 ipsius
625 1283 740 1317 domus
778 1283 841 1315 sive
882 1282 1060 1328 prioratus,
1087 1283 1125 1317 ad

377 1332 504 1366 domum
545 1333 607 1365 sive
644 1332 815 1377 prioratum
845 1332 1036 1373 huiusmodi,
1065 1341 1124 1366 tam

378 1382 494 1415 ratione
517 1381 631 1414 domus
654 1381 717 1415 sive
742 1382 914 1428 prioratus,
937 1394 1030 1427 quam
1061 1394 1127 1428 per-

376 1443 522 1464 sonarum
548 1430 728 1464 huiusmodi
758 1429 994 1477 quomodolibet
1030 1431 1127 1477 perti-

376 1479 535 1523 nentibus,
564 1489 591 1512 et
616 1479 770 1514 devolutis
792 1488 822 1513 et
844 1479 1049 1515 devolvendis
1071 1493 1126 1526 pro

377 1539 528 1575 tempore,
551 1530 589 1563 ab
612 1529 696 1563 omni
729 1529 957 1575 superioritate,
985 1529 1126 1564 dominio

375 1588 402 1612 et
428 1587 578 1624 potestate
601 1579 712 1625 prioris
734 1578 889 1624 generalis
902 1578 976 1613 dicti
997 1578 1127 1613 Ordinis

376 1627 503 1662 fratrum
519 1627 740 1667 Eremitarum,
762 1639 883 1661 necnon
901 1628 1039 1674 episcopi
1061 1628 1126 1662 exi-

375 1678 485 1711 stentis
503 1690 556 1722 pro
573 1687 723 1723 tempore,
739 1689 773 1711 ac
787 1676 972 1710 dilectorum
989 1677 1124 1711 filiorum

376 1727 500 1773 capituli
523 1726 686 1765 Senensis,
701 1739 737 1760 ac
755 1725 971 1773 quorumlibet
993 1727 1124 1761 aliorum

375 1777 584 1822 superiorum,
617 1777 824 1810 saecularium
867 1784 894 1809 et
925 1776 1125 1822 regularium,

376 1826 557 1860 auctoritate
581 1826 737 1873 praedicta
759 1839 890 1872 prorsus
908 1826 1077 1861 eximimus
1096 1834 1126 1860 et

377 1875 510 1910 totaliter
533 1876 712 1910 liberamus.
737 1876 780 1910 lta
803 1876 887 1922 quod
913 1877 999 1922 prior
1021 1888 1125 1921 gene—

378 1925 459 1965 ralis,
483 1927 663 1972 episcopus,
686 1926 871 1972 capitulum,
895 1935 925 1959 et
947 1926 998 1960 alii
1028 1939 1125 1973 snpe-

377 1977 473 2010 riores
509 1976 657 2022 praedicti
696 1977 812 2010 nullam
850 1977 968 2023 possint
1002 1977 1029 2010 in
1071 1989 1126 2011 eos

379 2026 595 2066 visitationem,
611 2028 835 2061 correctionem
862 2027 905 2060 vel
922 2027 1012 2061 aliam
1032 2027 1126 2061 iuris-

377 2076 544 2110 dictionem
562 2089 719 2118 exercere,
742 2077 795 2111 sed
821 2077 911 2111 nobis
933 2085 963 2111 et
986 2076 1126 2124 Aposto-

377 2126 452 2159 licae
474 2125 548 2160 Sedi
578 2126 754 2161 immediate
778 2127 839 2160 sint
861 2126 1005 2161 subiecti.

426 2176 445 2222 g
464 2178 496 2209 4.
513 2175 550 2210 Et
571 2177 700 2222 insuper
716 2176 932 2222 praesentibus
947 2176 1124 2213 adiicimus,

378 2225 460 2271 quod
482 2226 537 2271 ipsi
566 2226 707 2260 canonici
732 2238 784 2259 seu
809 2226 928 2269 fratres,
948 2227 1000 2273 qui
1027 2240 1125 2272 regu-

379 2275 472 2308 larem
498 2276 588 2309 vitam
618 2276 799 2310 eorumdem
829 2277 1051 2310 caiiouicorum
1079 2290 1126 2310 rc-

378 2324 531 2367 gulariun]
549 2339 603 2372 pro
620 2334 759 2372 [empore
784 2326 913 2372 professi
938 2326 1073 2364 luerint,
1096 2335 1123 2360 et

378 2374 436 2408 sub
459 2375 566 2408 eadem
591 2375 787 2409 observantia
814 2377 946 2422 regulari
970 2376 1124 2410 dictorum

378 2425 599 2459 canonicorum
630 2425 816 2471 regularium
855 2440 909 2472 pro
933 2434 1072 2471 tempore
1096 2427 1124 2459 in

378 2474 470 2507 domo
486 2474 665 2509 huiusmodi
691 2475 883 2518 residebunt,
901 2476 1032 2522 possint,
1047 2488 1126 2522 quo-

379 2532 435 2556 ties
451 2533 662 2570 opportunum
679 2525 780 2561 suerit„
794 2535 896 2559 tamen
914 2527 995 2559 iuxta
1016 2525 1124 2559 eadem

381 2572 530 2617 regularia
555 2574 691 2608 instituta
733 2576 954 2609 canonicorum
997 2576 1125 2620 regula-

382 2623 475 2666 rium7
499 2622 645 2658 idoneum
683 2624 825 2669 fratrem,
854 2625 946 2659 etiam
984 2624 1125 2659 ciusdem

981 244 1163 266 alumnum!
1193 244 1352 265 nonlANUM

1935 248 1982 272 An.
2002 247 2028 272 C.
2050 247 2114 273 11108

1168 297 1297 330 (li-diuis
1321 298 1543 343 professorem,
1571 299 1599 331 in
1630 300 1764 344 priorem
1805 313 1914 335 eornm

1168 356 1196 380 et
1218 346 1360 379 eiusdem
1389 347 1503 380 domus
1525 347 1652 392 eligere.

1217 401 1231 436 ,ξ
1255 399 1285 428 5.
1310 396 1370 436 Qui
1394 403 1496 429 tamen
1522 405 1686 442 postquam
1711 399 1856 433 electioni
1879 401 1916 432 de
1932 409 2003 443 >Ριῡυτ
2033 409 2114 428 curm<

1168 458 1200 478 sc
1228 444 1324 478 l'actac
1352 445 1537 489 praestiterit
1565 459 1767 487 consensum,
1788 439 2059 495 lessCss·¹il'1i⁰‚11ii.¹l'
2075 440 2114 489 <ffb

1168 506 1243 527 sano
1267 493 1323 527 loci
1349 494 1393 527 vet
1422 494 1489 528 eins
1514 495 1626 529 vicario
1649 495 1678 529 iu
1702 497 1917 543 spiritualibus
1932 501 1956 520 ¹¹⁹
1981 502 2114 520 ⁰⁰¹¹ss¹⁸¹⁴=¹¹¹³

1168 543 1318 588 generali,
1344 543 1397 589 qui
1421 544 1479 578 crit
1503 557 1558 589 pro
1581 553 1733 591 tempore,
1763 559 1818 593 per
1852 547 1916 581 ele·
1932 533 2059 552 ⁰⁹¹¹⁵⁸¹¹¹¹¹¹⁵'

1168 601 1270 626 ctores
1292 592 1471 627 huiusmodi
1494 594 1655 628 dumtaxat
1689 595 1800 631 debeat
1829 609 1913 630 reve-

1169 650 1271 675 renter
1306 649 1335 675 et
1363 641 1521 676 luuuilitcr
1558 645 1760 689 praesentari.
1791 645 1918 692 Quique

1170 698 1333 737 postquam
1349 691 1448 726 taliter
1465 701 1679 738 praesentatus
1693 695 1839 738 extiterit,
1849 708 1920 729 ceu-

1168 748 1273 773 seatur
1291 753 1328 774 eo
1357 741 1424 786 ipso
1446 754 1461 775 a
1484 741 1567 776 Sede
1591 743 1725 789 praefata
1748 744 1919 779 confirm..-

1170 797 1239 822 tus:
1264 797 1345 823 etex
1363 801 1438 824 tuuc
1459 790 1577 825 dictum
1603 793 1771 838 prioratum
1802 794 1830 827 in
1855 796 1920 827 eis-

1169 839 1240 873 dem
1263 839 1482 885 spiritualibus
1504 849 1533 874 et
1556 843 1784 888 temporalibus
1822 842 1919 878 libere

1168 897 1195 922 et
1215 888 1296 922 licite
1325 889 1421 923 valeat
1443 889 1631 935 gubernare.

1217 943 1232 980 ᾗ
1260 942 1292 972 6.
1320 938 1381 980 Qui
1414 939 1542 985 quidem
1579 940 1662 986 prior
1697 954 1823 988 semper
1857 955 1919 976 nuo

1168 1000 1250 1022 anno
1273 987 1431 1034 completo
1455 988 1644 1035 intelligatur
1667 990 1843 1034 absolutus,
1860 993 1918 1026 nisi

1171 1045 1244 1071 tuuc
1268 1050 1322 1084 por
1345 1037 1494 1072 maiorem
1521 1048 1638 1084 partem
1656 1041 1839 1076 eorumdem
1865 1041 1920 1076 l'ra-

1170 1094 1251 1120 trum
1276 1086 1390 1121 domus
1414 1088 1590 1134 praedictae
1614 1089 1642 1122 iu
1666 1089 1822 1125 electione,
1844 1091 1919 1124 dicti

1171 1136 1281 1181 prioris
1319 1149 1423 1170 vocem
1453 1137 1636 1172 habentium
1674 1138 1918 1174 determinatuiu

1170 1186 1272 1229 suerit,
1289 1186 1389 1232 ipsum
1407 1187 1541 1232 priorem
1564 1187 1593 1221 in
1610 1188 1693 1222 dicto
1708 1188 1822 1224 debere
1837 1190 1921 1236 prio-

1170 1244 1255 1269 ratus
1277 1235 1380 1269 officio
1402 1236 1517 1270 domus
1543 1237 1685 1271 eiusdem
1711 1238 1842 1273 ulterius
1871 1253 1921 1273 re—

1170 1298 1307 1319 manere.
1349 1285 1509 1333 Quodque
1545 1286 1625 1320 dicta
1669 1287 1764 1322 domo
1808 1290 1921 1335 prioris

1168 1334 1279 1368 solatio
1301 1334 1448 1369 destituta
1473 1349 1527 1381 per
1550 1344 1681 1370 mortem
1704 1337 1814 1383 prioris
1833 1338 1921 1372 eius-

1169 1384 1253 1423 dem,
1270 1383 1313 1417 vel
1338 1384 1442 1431 aliquo
1464 1385 1524 1419 alio
1547 1398 1619 1420 casu
1634 1386 1742 1421 eadem
1760 1388 1920 1422 vacatione

1168 1434 1382 1478 contingente,
1409 1434 1492 1480 quod
1516 1435 1650 1469 durante.
1675 1437 1832 1471 vacatione
1861 1438 1921 1471 liu-

1170 1482 1320 1526 iusmodi,
1346 1483 1539 1528 praedictum
1576 1484 1715 1519 officium
1749 1498 1803 1531 per
1830 1487 1919 1520 auti—

1169 1533 1310 1578 quiorem
1326 1533 1449 1567 fratrem
1462 1534 1562 1568 dictae
1575 1534 1689 1568 domus
1703 1535 1731 1568 iu
1744 1535 1920 1571 sacerdotio

1168 1583 1372 1616 constitutum
1407 1592 1612 1622 exerceatur,
1640 1596 1807 1630 quousque
1842 1598 1919 1619 nova

1169 1630 1280 1664 electio
1315 1630 1444 1665 alterius
1481 1632 1593 1678 prioris
1633 1632 1716 1666 iuxta
1746 1633 1919 1679 praefatum

1170 1679 1297 1714 moduni
1322 1680 1388 1724 liat,
1408 1688 1437 1715 et
1459 1680 1496 1715 ad
1521 1681 1667 1715 ell'ectum
1691 1681 1834 1717 debitum
1851 1696 1921 1730 per-

1168 1729 1311 1763 ducatur.

1217 1783 1232 1821 ἕ
1258 1783 1287 1813 7.
1305 1778 1453 1814 volentes
1476 1781 1568 1814 etiam
1592 1790 1621 1815 et
1636 1782 1823 1816 auctoritate
1840 1794 1921 1829 prae-
1950 1792 2108 1827 communicate

1169 1829 1227 1862 fata
1243 1829 1454 1864 concedentes
1468 1830 1587 1865 eisdem
1609 1831 1704 1877 priori
1723 1840 1752 1865 et
1772 1831 1920 1867 fratribus
1935 1822 2120 1874 ffimsp‘gffissssss

1169 1878 1232 1912 sive
1255 1879 1427 1918 canonicis,
1442 1881 1602 1915 conversis
1624 1889 1654 1915 et
1673 1881 1827 1926 personis,
1841 1894 1919 1928 quos
1934 1884 1970 1933 {F-
1982 1885 2119 1921 E‘e⁰‘³.²‘'³.‘¹¹¹¹¹

1171 1940 1225 1974 pro
1251 1936 1390 1974 tempore
1414 1929 1443 1962 in
1459 1929 1554 1965 domo
1577 1930 1756 1965 huiusmodi
1781 1931 1918 1966 residere
1934 1918 2082 1943 ”Augfflm'

1168 1978 1345 2023 contigerit,
1362 1988 1394 2014 ut
1415 1980 1599 2024 praefertur,
1618 1980 1703 2027 quod
1740 1981 1797 2027 ipsi
1825 1981 1917 2028 potiri

1168 2036 1194 2061 et
1220 2027 1358 2073 gaudere.
1396 2029 1515 2075 possint
1542 2038 1573 2066 et
1599 2030 1735 2065 debeant
1766 2030 1862 2066 libere
1889 2040 1920 2066 et

1169 2077 1310 2112 absolute
1333 2078 1481 2113 omuibus
1505 2080 1688 2126 privilegiis,
1704 2080 1919 2127 indulgentiis,

1169 2127 1290 2173 gratiis,
1318 2129 1576 2174 exemptionibus
1598 2138 1628 2164 et
1652 2129 1848 2165 libertatibus
1875 2132 1921 2166 eis

1170 2177 1321 2212 liacteuus
1343 2191 1378 2212 ac
1404 2178 1515 2213 Ordini
1551 2179 1678 2214 fratrum
1706 2179 1919 2215 Eremitarum

1169 2236 1197 2261 et
1226 2228 1386 2262 canonicis
1418 2229 1612 2274 regularibus
1644 2229 1852 2270 huiusmodi,
1886 2243 1920 2265 ac

1170 2278 1366 2312 monasteriis
1380 2286 1409 2312 et
1429 2278 1505 2312 locis
1520 2291 1642 2319 eorum,
1659 2287 1719 2314 tam
1740 2293 1794 2326 per
1803 2279 1919 2314 sedem

1171 2327 1352 2373 praefatam,
1389 2341 1481 2375 quam
1520 2342 1573 2375 per
1599 2330 1676 2364 alios
1702 2342 1920 2376 quoscumque

1169 2379 1327 2412 concessis
1354 2386 1384 2411 et
1418 2378 1533 2424 quibus
1571 2380 1628 2425 ipsi
1653 2379 1762 2414 l'ratres
1789 2378 1920 2413 Ordinis

1171 2427 1389 2469 Eremitarum,
1403 2441 1438 2462 ac
1453 2430 1567 2463 caeteri
1584 2429 1725 2464 canonici
1750 2430 1919 2475 regulares,

1169 2489 1204 2510 ac
1224 2489 1331 2510 eorum
1348 2478 1474 2519 domus,
1498 2480 1685 2513 monasteria
1708 2488 1737 2513 et
1761 2479 1826 2513 loca
1844 2491 1920 2526 quo-

1170 2526 1339 2561 modolibet
1365 2528 1529 2573 potiuntur
1551 2538 1579 2562 et
1607 2529 1753 2574 gaudent.

1218 2578 1284 2619 ΕΒ.
1304 2576 1339 2610 Et
1355 2577 1482 2623 insuper
1506 2579 1649 2612 volumus
1671 2587 1701 2613 et
1724 2579 1918 2622 ordinamus,

1169 2625 1252 2672 quod
1271 2638 1336 2660 ven.
1350 2626 1442 2661 frater
1462 2635 1567 2662 noster
1582 2627 1740 2663 Antonius
1752 2629 1918 2676 episcopus

1948 947 2007 968 Prior
2030 948 2118 973 siugulis

1934 985 1995 998 aunis
2035 980 2118 1004 eligen-

1934 1012 1978 1030 dus.
