<?xml version="1.0" encoding="UTF-8"?>
<!DOCTYPE html PUBLIC "-//W3C//DTD XHTML 1.0 Transitional//EN"
    "http://www.w3.org/TR/xhtml1/DTD/xhtml1-transitional.dtd">
<html xmlns="http://www.w3.org/1999/xhtml" xml:lang="en" lang="en">
 <head>
  <title>
</title>
<meta http-equiv="Content-Type" content="text/html;charset=utf-8" />
  <meta name='ocr-system' content='tesseract 3.04.00' />
  <meta name='ocr-capabilities' content='ocr_page ocr_carea ocr_par ocr_line ocrx_word'/>
</head>
<body>
  <div class='ocr_page' id='page_1' title='image "./bullarumdiplomat04cath_0169.png"; bbox 0 0 2274 3265; ppageno 0'>
   <div class='ocr_carea' id='block_1_1' title="bbox 0 2079 5 2742">
    <p class='ocr_par' dir='ltr' id='par_1_1' title="bbox 0 2079 5 2742">
     <span class='ocr_line' id='line_1_1' title="bbox 0 2079 5 2742; baseline 0 0"><span class='ocrx_word' id='word_1_1' title='bbox 0 2079 5 2742; x_wconf 95' lang='lat' dir='ltr'> </span> 
     </span>
    </p>
   </div>
   <div class='ocr_carea' id='block_1_2' title="bbox 101 268 283 296">
    <p class='ocr_par' dir='ltr' id='par_1_2' title="bbox 101 268 283 296">
     <span class='ocr_line' id='line_1_2' title="bbox 101 268 283 296; baseline -0.011 0"><span class='ocrx_word' id='word_1_2' title='bbox 101 269 149 296; x_wconf 68' lang='lat' dir='ltr'>An.</span> <span class='ocrx_word' id='word_1_3' title='bbox 164 269 191 296; x_wconf 85' lang='lat' dir='ltr'>C.</span> <span class='ocrx_word' id='word_1_4' title='bbox 217 268 283 295; x_wconf 78' lang='lat'><strong>¹303</strong></span> 
     </span>
    </p>
   </div>
   <div class='ocr_carea' id='block_1_3' title="bbox 105 1570 287 1684">
    <p class='ocr_par' dir='ltr' id='par_1_3' title="bbox 105 1570 287 1684">
     <span class='ocr_line' id='line_1_3' title="bbox 117 1570 285 1595; baseline -0.012 -4"><span class='ocrx_word' id='word_1_5' title='bbox 117 1570 165 1591; x_wconf 75' lang='lat' dir='ltr'>Eius</span> <span class='ocrx_word' id='word_1_6' title='bbox 180 1571 200 1590; x_wconf 85' lang='lat' dir='ltr'>in</span> <span class='ocrx_word' id='word_1_7' title='bbox 216 1575 285 1595; x_wconf 73' lang='lat' dir='ltr'>regem</span> 
     </span>
     <span class='ocr_line' id='line_1_4' title="bbox 105 1601 287 1622; baseline -0.016 0"><span class='ocrx_word' id='word_1_8' title='bbox 105 1601 190 1622; x_wconf 52' lang='lat' dir='ltr'>ftomam</span> <span class='ocrx_word' id='word_1_9' title='bbox 227 1601 287 1621; x_wconf 69' lang='lat' dir='ltr'>elec-</span> 
     </span>
     <span class='ocr_line' id='line_1_5' title="bbox 105 1634 287 1658; baseline -0.005 -6"><span class='ocrx_word' id='word_1_10' title='bbox 105 1634 183 1653; x_wconf 81' lang='lat' dir='ltr'>t‘ionem</span> <span class='ocrx_word' id='word_1_11' title='bbox 209 1638 287 1658; x_wconf 78' lang='lat' dir='ltr'>appio-</span> 
     </span>
     <span class='ocr_line' id='line_1_6' title="bbox 105 1664 146 1684; baseline -0.024 0"><span class='ocrx_word' id='word_1_12' title='bbox 105 1664 146 1684; x_wconf 65' lang='lat' dir='ltr'>bat.</span> 
     </span>
    </p>
   </div>
   <div class='ocr_carea' id='block_1_4' title="bbox 899 265 1247 289">
    <p class='ocr_par' dir='ltr' id='par_1_4' title="bbox 899 265 1247 289">
     <span class='ocr_line' id='line_1_7' title="bbox 899 265 1247 289; baseline -0.006 0"><span class='ocrx_word' id='word_1_13' title='bbox 899 266 1085 289; x_wconf 73' lang='lat' dir='ltr'>ttoNtFACttts</span> <span class='ocrx_word' id='word_1_14' title='bbox 1114 265 1171 287; x_wconf 81' lang='lat' dir='ltr'>vn!</span> <span class='ocrx_word' id='word_1_15' title='bbox 1201 265 1247 287; x_wconf 70' lang='grc' dir='ltr'><strong>ΡΙ).</strong></span> 
     </span>
    </p>
   </div>
   <div class='ocr_carea' id='block_1_5' title="bbox 1713 255 1774 287">
    <p class='ocr_par' dir='ltr' id='par_1_5' title="bbox 1713 255 1774 287">
     <span class='ocr_line' id='line_1_8' title="bbox 1713 255 1774 287; baseline -0.016 0"><span class='ocrx_word' id='word_1_16' title='bbox 1713 255 1774 287; x_wconf 81' lang='grc'>161</span> 
     </span>
    </p>
   </div>
   <div class='ocr_carea' id='block_1_6' title="bbox 296 320 1832 372">
    <p class='ocr_par' dir='ltr' id='par_1_6' title="bbox 296 320 1832 372">
     <span class='ocr_line' id='line_1_9' title="bbox 296 320 1832 372; baseline -0.002 -14"><span class='ocrx_word' id='word_1_17' title='bbox 296 336 363 358; x_wconf 89' lang='lat' dir='ltr'>cem</span> <span class='ocrx_word' id='word_1_18' title='bbox 391 323 481 372; x_wconf 84' lang='lat' dir='ltr'>quasi</span> <span class='ocrx_word' id='word_1_19' title='bbox 505 335 565 358; x_wconf 92' lang='lat' dir='ltr'>non</span> <span class='ocrx_word' id='word_1_20' title='bbox 607 330 654 358; x_wconf 88' lang='lat' dir='ltr'>est</span> <span class='ocrx_word' id='word_1_21' title='bbox 687 321 802 358; x_wconf 87' lang='lat' dir='ltr'>sanitas</span> <span class='ocrx_word' id='word_1_22' title='bbox 837 321 866 357; x_wconf 91' lang='lat' dir='ltr'>in</span> <span class='ocrx_word' id='word_1_23' title='bbox 900 321 1043 363; x_wconf 86' lang='lat' dir='ltr'>eisdem;</span> <span class='ocrx_word' id='word_1_24' title='bbox 1086 333 1249 355; x_wconf 89' lang='lat' dir='ltr'>manorum</span> <span class='ocrx_word' id='word_1_25' title='bbox 1280 320 1407 367; x_wconf 78' lang='lat' dir='ltr'>regibus</span> <span class='ocrx_word' id='word_1_26' title='bbox 1442 320 1580 368; x_wconf 76' lang='lat' dir='ltr'>legitime</span> <span class='ocrx_word' id='word_1_27' title='bbox 1617 320 1832 365; x_wconf 76' lang='lat' dir='ltr'>intrantibus,</span> 
     </span>
    </p>
   </div>
   <div class='ocr_carea' id='block_1_7' title="bbox 296 373 1055 2754">
    <p class='ocr_par' dir='ltr' id='par_1_7' title="bbox 296 373 1050 1516">
     <span class='ocr_line' id='line_1_10' title="bbox 296 373 1041 421; baseline -0.001 -15"><span class='ocrx_word' id='word_1_28' title='bbox 296 385 494 421; x_wconf 78' lang='lat' dir='ltr'>quorumque</span> <span class='ocrx_word' id='word_1_29' title='bbox 519 373 623 408; x_wconf 88' lang='lat' dir='ltr'>vultus</span> <span class='ocrx_word' id='word_1_30' title='bbox 646 380 675 408; x_wconf 90' lang='lat' dir='ltr'>et</span> <span class='ocrx_word' id='word_1_31' title='bbox 699 373 787 420; x_wconf 83' lang='lat' dir='ltr'>plaga</span> <span class='ocrx_word' id='word_1_32' title='bbox 816 380 942 407; x_wconf 90' lang='lat' dir='ltr'>tumens</span> <span class='ocrx_word' id='word_1_33' title='bbox 980 383 1041 405; x_wconf 90' lang='lat' dir='ltr'>non</span> 
     </span>
     <span class='ocr_line' id='line_1_11' title="bbox 296 421 1044 470; baseline -0.005 -12"><span class='ocrx_word' id='word_1_34' title='bbox 296 432 343 458; x_wconf 65' lang='lat' dir='ltr'>est</span> <span class='ocrx_word' id='word_1_35' title='bbox 369 423 582 470; x_wconf 82' lang='lat' dir='ltr'>circumligata</span> <span class='ocrx_word' id='word_1_36' title='bbox 623 421 856 463; x_wconf 77' lang='lat' dir='ltr'>medicamine,</span> <span class='ocrx_word' id='word_1_37' title='bbox 890 432 948 455; x_wconf 88' lang='lat' dir='ltr'>nec</span> <span class='ocrx_word' id='word_1_38' title='bbox 984 421 1044 455; x_wconf 85' lang='lat' dir='ltr'>sota</span> 
     </span>
     <span class='ocr_line' id='line_1_12' title="bbox 297 469 1045 519; baseline -0.005 -11"><span class='ocrx_word' id='word_1_39' title='bbox 297 473 365 508; x_wconf 87' lang='lat' dir='ltr'>oleo</span> <span class='ocrx_word' id='word_1_40' title='bbox 384 472 573 508; x_wconf 86' lang='lat' dir='ltr'>Samaritani</span> <span class='ocrx_word' id='word_1_41' title='bbox 593 471 699 517; x_wconf 92' lang='lat' dir='ltr'>illius,</span> <span class='ocrx_word' id='word_1_42' title='bbox 739 471 792 519; x_wconf 90' lang='lat' dir='ltr'>qui</span> <span class='ocrx_word' id='word_1_43' title='bbox 828 470 949 505; x_wconf 86' lang='lat' dir='ltr'>bomini</span> <span class='ocrx_word' id='word_1_44' title='bbox 988 469 1045 504; x_wconf 88' lang='lat' dir='ltr'>de-</span> 
     </span>
     <span class='ocr_line' id='line_1_13' title="bbox 301 519 1046 561; baseline -0.005 -4"><span class='ocrx_word' id='word_1_45' title='bbox 301 522 463 558; x_wconf 83' lang='lat' dir='ltr'>scendenti</span> <span class='ocrx_word' id='word_1_46' title='bbox 490 523 529 557; x_wconf 90' lang='lat' dir='ltr'>de</span> <span class='ocrx_word' id='word_1_47' title='bbox 558 522 726 557; x_wconf 80' lang='lat' dir='ltr'>Ierusalem</span> <span class='ocrx_word' id='word_1_48' title='bbox 757 522 786 555; x_wconf 91' lang='lat' dir='ltr'>in</span> <span class='ocrx_word' id='word_1_49' title='bbox 827 520 936 561; x_wconf 86' lang='lat' dir='ltr'>lerico,</span> <span class='ocrx_word' id='word_1_50' title='bbox 977 519 1046 554; x_wconf 80' lang='lat' dir='ltr'>vnl-</span> 
     </span>
     <span class='ocr_line' id='line_1_14' title="bbox 301 569 1047 619; baseline -0.005 -13"><span class='ocrx_word' id='word_1_51' title='bbox 301 572 429 608; x_wconf 77' lang='lat' dir='ltr'>neribus</span> <span class='ocrx_word' id='word_1_52' title='bbox 456 573 606 613; x_wconf 87' lang='lat' dir='ltr'>sauciato,</span> <span class='ocrx_word' id='word_1_53' title='bbox 629 579 663 606; x_wconf 89' lang='lat' dir='ltr'>ut</span> <span class='ocrx_word' id='word_1_54' title='bbox 686 571 847 619; x_wconf 88' lang='lat' dir='ltr'>proximus</span> <span class='ocrx_word' id='word_1_55' title='bbox 868 582 960 605; x_wconf 82' lang='lat' dir='ltr'>verus</span> <span class='ocrx_word' id='word_1_56' title='bbox 974 569 1047 604; x_wconf 89' lang='lat' dir='ltr'>sub-</span> 
     </span>
     <span class='ocr_line' id='line_1_15' title="bbox 301 620 1045 671; baseline -0.004 -14"><span class='ocrx_word' id='word_1_57' title='bbox 301 623 397 669; x_wconf 67' lang='lat' dir='ltr'>ienit,</span> <span class='ocrx_word' id='word_1_58' title='bbox 420 622 519 671; x_wconf 79' lang='lat' dir='ltr'>plagis</span> <span class='ocrx_word' id='word_1_59' title='bbox 545 622 614 657; x_wconf 89' lang='lat' dir='ltr'>eius</span> <span class='ocrx_word' id='word_1_60' title='bbox 637 621 740 656; x_wconf 89' lang='lat' dir='ltr'>vinum</span> <span class='ocrx_word' id='word_1_61' title='bbox 764 630 794 656; x_wconf 89' lang='lat' dir='ltr'>et</span> <span class='ocrx_word' id='word_1_62' title='bbox 816 620 919 655; x_wconf 90' lang='lat' dir='ltr'>oleum</span> <span class='ocrx_word' id='word_1_63' title='bbox 951 620 1045 655; x_wconf 91' lang='lat' dir='ltr'>mise-</span> 
     </span>
     <span class='ocr_line' id='line_1_16' title="bbox 301 669 1046 716; baseline -0.005 -7"><span class='ocrx_word' id='word_1_64' title='bbox 301 673 463 709; x_wconf 87' lang='lat' dir='ltr'>ricorditer</span> <span class='ocrx_word' id='word_1_65' title='bbox 490 670 698 715; x_wconf 86' lang='lat' dir='ltr'>infundendo,</span> <span class='ocrx_word' id='word_1_66' title='bbox 726 670 854 716; x_wconf 81' lang='lat' dir='ltr'>vestigia</span> <span class='ocrx_word' id='word_1_67' title='bbox 889 669 1046 705; x_wconf 84' lang='lat' dir='ltr'>imitantes</span> 
     </span>
     <span class='ocr_line' id='line_1_17' title="bbox 300 720 1045 766; baseline -0.007 -7"><span class='ocrx_word' id='word_1_68' title='bbox 300 724 497 759; x_wconf 83' lang='lat' dir='ltr'>decrevimus</span> <span class='ocrx_word' id='word_1_69' title='bbox 530 730 633 756; x_wconf 89' lang='lat' dir='ltr'>tecum</span> <span class='ocrx_word' id='word_1_70' title='bbox 670 720 917 756; x_wconf 82' lang='lat' dir='ltr'>misericorditer</span> <span class='ocrx_word' id='word_1_71' title='bbox 943 732 1045 766; x_wconf 79' lang='lat' dir='ltr'>agere,</span> 
     </span>
     <span class='ocr_line' id='line_1_18' title="bbox 299 771 1048 819; baseline -0.007 -10"><span class='ocrx_word' id='word_1_72' title='bbox 299 774 495 809; x_wconf 86' lang='lat' dir='ltr'>severitatem</span> <span class='ocrx_word' id='word_1_73' title='bbox 518 771 696 819; x_wconf 86' lang='lat' dir='ltr'>superando</span> <span class='ocrx_word' id='word_1_74' title='bbox 720 771 846 818; x_wconf 67' lang='lat' dir='ltr'>rigoris,</span> <span class='ocrx_word' id='word_1_75' title='bbox 870 778 902 805; x_wconf 93' lang='lat' dir='ltr'>ut</span> <span class='ocrx_word' id='word_1_76' title='bbox 925 778 956 805; x_wconf 92' lang='lat' dir='ltr'>tu</span> <span class='ocrx_word' id='word_1_77' title='bbox 986 782 1048 805; x_wconf 88' lang='lat' dir='ltr'>me-</span> 
     </span>
     <span class='ocr_line' id='line_1_19' title="bbox 301 820 1047 869; baseline -0.005 -10"><span class='ocrx_word' id='word_1_78' title='bbox 301 836 369 859; x_wconf 89' lang='lat' dir='ltr'>mor</span> <span class='ocrx_word' id='word_1_79' title='bbox 387 832 447 859; x_wconf 86' lang='lat' dir='ltr'>tam</span> <span class='ocrx_word' id='word_1_80' title='bbox 475 821 602 869; x_wconf 82' lang='lat' dir='ltr'>grandis</span> <span class='ocrx_word' id='word_1_81' title='bbox 632 833 729 857; x_wconf 80' lang='lat' dir='ltr'>norae</span> <span class='ocrx_word' id='word_1_82' title='bbox 756 829 879 856; x_wconf 87' lang='lat' dir='ltr'>nostrae</span> <span class='ocrx_word' id='word_1_83' title='bbox 917 820 1047 855; x_wconf 90' lang='lat' dir='ltr'>misera-</span> 
     </span>
     <span class='ocr_line' id='line_1_20' title="bbox 300 869 1047 920; baseline -0.004 -12"><span class='ocrx_word' id='word_1_84' title='bbox 300 874 392 908; x_wconf 80' lang='lat' dir='ltr'>tionis</span> <span class='ocrx_word' id='word_1_85' title='bbox 417 880 578 920; x_wconf 73' lang='lat' dir='ltr'>acceptae,</span> <span class='ocrx_word' id='word_1_86' title='bbox 616 879 742 906; x_wconf 91' lang='lat' dir='ltr'>tuorum</span> <span class='ocrx_word' id='word_1_87' title='bbox 778 870 880 906; x_wconf 88' lang='lat' dir='ltr'>discas</span> <span class='ocrx_word' id='word_1_88' title='bbox 919 869 1047 905; x_wconf 76' lang='lat' dir='ltr'>vulnera</span> 
     </span>
     <span class='ocr_line' id='line_1_21' title="bbox 298 919 1047 969; baseline -0.005 -12"><span class='ocrx_word' id='word_1_89' title='bbox 298 923 512 958; x_wconf 87' lang='lat' dir='ltr'>subiectorum</span> <span class='ocrx_word' id='word_1_90' title='bbox 549 929 579 956; x_wconf 91' lang='lat' dir='ltr'>et</span> <span class='ocrx_word' id='word_1_91' title='bbox 607 921 713 969; x_wconf 80' lang='lat' dir='ltr'>plagas</span> <span class='ocrx_word' id='word_1_92' title='bbox 735 933 789 968; x_wconf 88' lang='lat' dir='ltr'>per</span> <span class='ocrx_word' id='word_1_93' title='bbox 828 919 1047 955; x_wconf 87' lang='lat' dir='ltr'>mansuetudi-</span> 
     </span>
     <span class='ocr_line' id='line_1_22' title="bbox 299 970 1043 1007; baseline -0.005 0"><span class='ocrx_word' id='word_1_94' title='bbox 299 985 368 1007; x_wconf 85' lang='lat' dir='ltr'>nem</span> <span class='ocrx_word' id='word_1_95' title='bbox 397 972 455 1007; x_wconf 91' lang='lat' dir='ltr'>olei</span> <span class='ocrx_word' id='word_1_96' title='bbox 484 979 514 1006; x_wconf 89' lang='lat' dir='ltr'>et</span> <span class='ocrx_word' id='word_1_97' title='bbox 541 971 602 1006; x_wconf 83' lang='lat' dir='ltr'>vini</span> <span class='ocrx_word' id='word_1_98' title='bbox 630 970 832 1006; x_wconf 84' lang='lat' dir='ltr'>acrimoniam</span> <span class='ocrx_word' id='word_1_99' title='bbox 857 977 1043 1005; x_wconf 87' lang='lat' dir='ltr'>restaurare.</span> 
     </span>
     <span class='ocr_line' id='line_1_23' title="bbox 298 1019 1048 1069; baseline -0.004 -13"><span class='ocrx_word' id='word_1_100' title='bbox 298 1021 425 1057; x_wconf 81' lang='lat' dir='ltr'>Modum</span> <span class='ocrx_word' id='word_1_101' title='bbox 450 1033 585 1069; x_wconf 88' lang='lat' dir='ltr'>namque</span> <span class='ocrx_word' id='word_1_102' title='bbox 607 1020 698 1068; x_wconf 85' lang='lat' dir='ltr'>sequi</span> <span class='ocrx_word' id='word_1_103' title='bbox 724 1019 918 1068; x_wconf 79' lang='lat' dir='ltr'>providimus</span> <span class='ocrx_word' id='word_1_104' title='bbox 940 1019 970 1054; x_wconf 93' lang='lat' dir='ltr'>in</span> <span class='ocrx_word' id='word_1_105' title='bbox 991 1019 1048 1053; x_wconf 86' lang='lat' dir='ltr'>liac</span> 
     </span>
     <span class='ocr_line' id='line_1_24' title="bbox 300 1068 1048 1119; baseline -0.004 -13"><span class='ocrx_word' id='word_1_106' title='bbox 300 1080 398 1119; x_wconf 89' lang='lat' dir='ltr'>parte,</span> <span class='ocrx_word' id='word_1_107' title='bbox 422 1083 476 1119; x_wconf 91' lang='lat' dir='ltr'>per</span> <span class='ocrx_word' id='word_1_108' title='bbox 498 1083 592 1118; x_wconf 88' lang='lat' dir='ltr'>quem</span> <span class='ocrx_word' id='word_1_109' title='bbox 617 1078 662 1112; x_wconf 91' lang='lat' dir='ltr'>tu,</span> <span class='ocrx_word' id='word_1_110' title='bbox 690 1069 883 1117; x_wconf 86' lang='lat' dir='ltr'>approbatus</span> <span class='ocrx_word' id='word_1_111' title='bbox 909 1081 925 1103; x_wconf 89' lang='lat' dir='ltr'>a</span> <span class='ocrx_word' id='word_1_112' title='bbox 958 1068 1048 1103; x_wconf 89' lang='lat' dir='ltr'>nobis</span> 
     </span>
     <span class='ocr_line' id='line_1_25' title="bbox 299 1117 1047 1156; baseline -0.005 0"><span class='ocrx_word' id='word_1_113' title='bbox 299 1134 333 1155; x_wconf 87' lang='lat' dir='ltr'>ac</span> <span class='ocrx_word' id='word_1_114' title='bbox 357 1129 464 1156; x_wconf 89' lang='lat' dir='ltr'>nostro</span> <span class='ocrx_word' id='word_1_115' title='bbox 486 1128 517 1155; x_wconf 89' lang='lat' dir='ltr'>et</span> <span class='ocrx_word' id='word_1_116' title='bbox 538 1119 681 1155; x_wconf 89' lang='lat' dir='ltr'>eiusdem</span> <span class='ocrx_word' id='word_1_117' title='bbox 701 1119 861 1154; x_wconf 84' lang='lat' dir='ltr'>Ecclesiae</span> <span class='ocrx_word' id='word_1_118' title='bbox 884 1117 981 1153; x_wconf 89' lang='lat' dir='ltr'>sultus</span> <span class='ocrx_word' id='word_1_119' title='bbox 997 1130 1047 1152; x_wconf 91' lang='lat' dir='ltr'>au-</span> 
     </span>
     <span class='ocr_line' id='line_1_26' title="bbox 301 1167 1049 1217; baseline -0.005 -12"><span class='ocrx_word' id='word_1_120' title='bbox 301 1171 374 1206; x_wconf 85' lang='lat' dir='ltr'>xilio</span> <span class='ocrx_word' id='word_1_121' title='bbox 401 1180 431 1206; x_wconf 91' lang='lat' dir='ltr'>et</span> <span class='ocrx_word' id='word_1_122' title='bbox 454 1170 568 1211; x_wconf 79' lang='lat' dir='ltr'>favore,</span> <span class='ocrx_word' id='word_1_123' title='bbox 597 1181 693 1217; x_wconf 91' lang='lat' dir='ltr'>super</span> <span class='ocrx_word' id='word_1_124' title='bbox 720 1181 808 1215; x_wconf 83' lang='lat' dir='ltr'>reges</span> <span class='ocrx_word' id='word_1_125' title='bbox 848 1167 1049 1203; x_wconf 84' lang='lat' dir='ltr'>constituaris</span> 
     </span>
     <span class='ocr_line' id='line_1_27' title="bbox 301 1217 1049 1267; baseline -0.005 -12"><span class='ocrx_word' id='word_1_126' title='bbox 301 1228 331 1255; x_wconf 87' lang='lat' dir='ltr'>et</span> <span class='ocrx_word' id='word_1_127' title='bbox 357 1233 465 1267; x_wconf 84' lang='lat' dir='ltr'>regna,</span> <span class='ocrx_word' id='word_1_128' title='bbox 493 1228 527 1255; x_wconf 86' lang='lat' dir='ltr'>ut</span> <span class='ocrx_word' id='word_1_129' title='bbox 547 1219 661 1255; x_wconf 79' lang='lat' dir='ltr'>evellas</span> <span class='ocrx_word' id='word_1_130' title='bbox 682 1226 713 1254; x_wconf 88' lang='lat' dir='ltr'>et</span> <span class='ocrx_word' id='word_1_131' title='bbox 734 1218 889 1261; x_wconf 82' lang='lat' dir='ltr'>destruas,</span> <span class='ocrx_word' id='word_1_132' title='bbox 916 1217 1049 1265; x_wconf 84' lang='lat' dir='ltr'>dissipes</span> 
     </span>
     <span class='ocr_line' id='line_1_28' title="bbox 301 1268 1050 1317; baseline -0.004 -13"><span class='ocrx_word' id='word_1_133' title='bbox 301 1279 331 1304; x_wconf 86' lang='lat' dir='ltr'>et</span> <span class='ocrx_word' id='word_1_134' title='bbox 353 1269 526 1317; x_wconf 83' lang='lat' dir='ltr'>disperdas,</span> <span class='ocrx_word' id='word_1_135' title='bbox 553 1268 699 1304; x_wconf 84' lang='lat' dir='ltr'>aedifices</span> <span class='ocrx_word' id='word_1_136' title='bbox 721 1276 751 1303; x_wconf 88' lang='lat' dir='ltr'>et</span> <span class='ocrx_word' id='word_1_137' title='bbox 779 1268 911 1315; x_wconf 73' lang='lat' dir='ltr'>plantes,</span> <span class='ocrx_word' id='word_1_138' title='bbox 934 1279 969 1302; x_wconf 89' lang='lat' dir='ltr'>ac</span> <span class='ocrx_word' id='word_1_139' title='bbox 1004 1279 1050 1302; x_wconf 90' lang='lat' dir='ltr'>se-</span> 
     </span>
     <span class='ocr_line' id='line_1_29' title="bbox 302 1316 1050 1364; baseline -0.007 -9"><span class='ocrx_word' id='word_1_140' title='bbox 302 1320 380 1355; x_wconf 87' lang='lat' dir='ltr'>dens</span> <span class='ocrx_word' id='word_1_141' title='bbox 401 1321 432 1354; x_wconf 91' lang='lat' dir='ltr'>in</span> <span class='ocrx_word' id='word_1_142' title='bbox 449 1318 528 1354; x_wconf 90' lang='lat' dir='ltr'>solio</span> <span class='ocrx_word' id='word_1_143' title='bbox 554 1318 663 1353; x_wconf 87' lang='lat' dir='ltr'>iudicii</span> <span class='ocrx_word' id='word_1_144' title='bbox 687 1327 740 1353; x_wconf 92' lang='lat' dir='ltr'>tuo</span> <span class='ocrx_word' id='word_1_145' title='bbox 763 1317 875 1352; x_wconf 92' lang='lat' dir='ltr'>intuitu</span> <span class='ocrx_word' id='word_1_146' title='bbox 899 1316 1050 1364; x_wconf 79' lang='lat' dir='ltr'>prol&#39;tiges</span> 
     </span>
     <span class='ocr_line' id='line_1_30' title="bbox 301 1365 1049 1416; baseline -0.005 -12"><span class='ocrx_word' id='word_1_147' title='bbox 301 1381 395 1404; x_wconf 92' lang='lat' dir='ltr'>omne</span> <span class='ocrx_word' id='word_1_148' title='bbox 417 1369 546 1403; x_wconf 88' lang='lat' dir='ltr'>malum:</span> <span class='ocrx_word' id='word_1_149' title='bbox 586 1375 724 1416; x_wconf 80' lang='lat' dir='ltr'>accepta.</span> <span class='ocrx_word' id='word_1_150' title='bbox 752 1365 928 1402; x_wconf 89' lang='lat' dir='ltr'>secundum</span> <span class='ocrx_word' id='word_1_151' title='bbox 967 1366 1049 1413; x_wconf 82' lang='lat' dir='ltr'>Apo-</span> 
     </span>
     <span class='ocr_line' id='line_1_31' title="bbox 301 1415 1049 1459; baseline -0.004 -6"><span class='ocrx_word' id='word_1_152' title='bbox 301 1419 429 1459; x_wconf 82' lang='lat' dir='ltr'>stolum,</span> <span class='ocrx_word' id='word_1_153' title='bbox 453 1417 491 1453; x_wconf 92' lang='lat' dir='ltr'>ad</span> <span class='ocrx_word' id='word_1_154' title='bbox 514 1417 683 1452; x_wconf 82' lang='lat' dir='ltr'>vindictam</span> <span class='ocrx_word' id='word_1_155' title='bbox 700 1415 950 1457; x_wconf 84' lang='lat' dir='ltr'>malefactorum,</span> <span class='ocrx_word' id='word_1_156' title='bbox 973 1415 1049 1451; x_wconf 92' lang='lat' dir='ltr'>lau-</span> 
     </span>
     <span class='ocr_line' id='line_1_32' title="bbox 301 1466 930 1516; baseline -0.003 -14"><span class='ocrx_word' id='word_1_157' title='bbox 301 1468 438 1516; x_wconf 89' lang='lat' dir='ltr'>demque</span> <span class='ocrx_word' id='word_1_158' title='bbox 466 1467 621 1503; x_wconf 91' lang='lat' dir='ltr'>bonorum</span> <span class='ocrx_word' id='word_1_159' title='bbox 649 1466 742 1514; x_wconf 81' lang='lat' dir='ltr'>gladii</span> <span class='ocrx_word' id='word_1_160' title='bbox 766 1473 930 1514; x_wconf 85' lang='lat' dir='ltr'>potestate.</span> 
     </span>
    </p>

    <p class='ocr_par' dir='ltr' id='par_1_8' title="bbox 303 1515 1055 2713">
     <span class='ocr_line' id='line_1_33' title="bbox 349 1515 1051 1564; baseline -0.003 -12"><span class='ocrx_word' id='word_1_161' title='bbox 349 1522 365 1561; x_wconf 66' lang='grc' dir='ltr'>ξ,</span> <span class='ocrx_word' id='word_1_162' title='bbox 392 1520 424 1552; x_wconf 79' lang='grc'>5.</span> <span class='ocrx_word' id='word_1_163' title='bbox 452 1517 500 1552; x_wconf 83' lang='lat' dir='ltr'>Ad</span> <span class='ocrx_word' id='word_1_164' title='bbox 528 1517 659 1564; x_wconf 81' lang='lat' dir='ltr'>gloriam</span> <span class='ocrx_word' id='word_1_165' title='bbox 689 1516 784 1564; x_wconf 80' lang='lat' dir='ltr'>igitur</span> <span class='ocrx_word' id='word_1_166' title='bbox 823 1515 1051 1563; x_wconf 87' lang='lat' dir='ltr'>omnipotentis</span> 
     </span>
     <span class='ocr_line' id='line_1_34' title="bbox 303 1565 1050 1614; baseline -0.003 -13"><span class='ocrx_word' id='word_1_167' title='bbox 303 1567 358 1602; x_wconf 86' lang='lat' dir='ltr'>Dei</span> <span class='ocrx_word' id='word_1_168' title='bbox 387 1567 490 1603; x_wconf 88' lang='lat' dir='ltr'>Patris</span> <span class='ocrx_word' id='word_1_169' title='bbox 512 1575 543 1602; x_wconf 85' lang='lat' dir='ltr'>et</span> <span class='ocrx_word' id='word_1_170' title='bbox 568 1566 638 1602; x_wconf 89' lang='lat' dir='ltr'>Filii</span> <span class='ocrx_word' id='word_1_171' title='bbox 661 1574 692 1601; x_wconf 91' lang='lat' dir='ltr'>et</span> <span class='ocrx_word' id='word_1_172' title='bbox 718 1565 858 1614; x_wconf 85' lang='lat' dir='ltr'>Spiritus</span> <span class='ocrx_word' id='word_1_173' title='bbox 880 1565 999 1605; x_wconf 85' lang='lat' dir='ltr'>Sancti,</span> <span class='ocrx_word' id='word_1_174' title='bbox 1022 1574 1050 1600; x_wconf 91' lang='lat' dir='ltr'>et</span> 
     </span>
     <span class='ocr_line' id='line_1_35' title="bbox 304 1615 1052 1664; baseline -0.004 -12"><span class='ocrx_word' id='word_1_175' title='bbox 304 1617 412 1652; x_wconf 80' lang='lat' dir='ltr'>beatae</span> <span class='ocrx_word' id='word_1_176' title='bbox 428 1629 462 1652; x_wconf 91' lang='lat' dir='ltr'>ac</span> <span class='ocrx_word' id='word_1_177' title='bbox 477 1616 631 1664; x_wconf 81' lang='lat' dir='ltr'>gloriosae</span> <span class='ocrx_word' id='word_1_178' title='bbox 642 1628 832 1663; x_wconf 84' lang='lat' dir='ltr'>semperque</span> <span class='ocrx_word' id='word_1_179' title='bbox 844 1615 983 1662; x_wconf 77' lang='lat' dir='ltr'>Virginis</span> <span class='ocrx_word' id='word_1_180' title='bbox 991 1615 1052 1649; x_wconf 86' lang='lat' dir='ltr'>Ma-</span> 
     </span>
     <span class='ocr_line' id='line_1_36' title="bbox 304 1665 1049 1714; baseline -0.004 -12"><span class='ocrx_word' id='word_1_181' title='bbox 304 1668 378 1708; x_wconf 88' lang='lat' dir='ltr'>riae,</span> <span class='ocrx_word' id='word_1_182' title='bbox 404 1667 709 1714; x_wconf 89' lang='lat' dir='ltr'>beatorumquoque</span> <span class='ocrx_word' id='word_1_183' title='bbox 732 1665 946 1714; x_wconf 85' lang='lat' dir='ltr'>apostolorum</span> <span class='ocrx_word' id='word_1_184' title='bbox 968 1665 1049 1700; x_wconf 77' lang='lat' dir='ltr'>l&#39;etri</span> 
     </span>
     <span class='ocr_line' id='line_1_37' title="bbox 303 1715 1049 1753; baseline -0.004 -1"><span class='ocrx_word' id='word_1_185' title='bbox 303 1727 330 1752; x_wconf 88' lang='lat' dir='ltr'>et</span> <span class='ocrx_word' id='word_1_186' title='bbox 356 1717 444 1752; x_wconf 88' lang='lat' dir='ltr'>Pauli</span> <span class='ocrx_word' id='word_1_187' title='bbox 472 1726 502 1753; x_wconf 88' lang='lat' dir='ltr'>et</span> <span class='ocrx_word' id='word_1_188' title='bbox 528 1717 566 1752; x_wconf 92' lang='lat' dir='ltr'>ad</span> <span class='ocrx_word' id='word_1_189' title='bbox 592 1717 743 1752; x_wconf 84' lang='lat' dir='ltr'>bonorem</span> <span class='ocrx_word' id='word_1_190' title='bbox 767 1724 797 1751; x_wconf 91' lang='lat' dir='ltr'>et</span> <span class='ocrx_word' id='word_1_191' title='bbox 832 1715 1049 1751; x_wconf 77' lang='lat' dir='ltr'>exaltationem</span> 
     </span>
     <span class='ocr_line' id='line_1_38' title="bbox 304 1764 1050 1814; baseline -0.004 -12"><span class='ocrx_word' id='word_1_192' title='bbox 304 1767 335 1802; x_wconf 82' lang='lat' dir='ltr'>S.</span> <span class='ocrx_word' id='word_1_193' title='bbox 357 1767 517 1803; x_wconf 82' lang='lat' dir='ltr'>Romanae</span> <span class='ocrx_word' id='word_1_194' title='bbox 537 1766 711 1808; x_wconf 86' lang='lat' dir='ltr'>Ecclesiae,</span> <span class='ocrx_word' id='word_1_195' title='bbox 727 1778 762 1801; x_wconf 88' lang='lat' dir='ltr'>ac</span> <span class='ocrx_word' id='word_1_196' title='bbox 785 1765 908 1814; x_wconf 88' lang='lat' dir='ltr'>imperii</span> <span class='ocrx_word' id='word_1_197' title='bbox 926 1764 1050 1813; x_wconf 86' lang='lat' dir='ltr'>praedi-</span> 
     </span>
     <span class='ocr_line' id='line_1_39' title="bbox 303 1815 1052 1866; baseline -0.005 -13"><span class='ocrx_word' id='word_1_198' title='bbox 303 1827 482 1860; x_wconf 82' lang='lat' dir='ltr'>ctorum,et</span> <span class='ocrx_word' id='word_1_199' title='bbox 509 1829 696 1866; x_wconf 90' lang='lat' dir='ltr'>prosperum</span> <span class='ocrx_word' id='word_1_200' title='bbox 719 1824 833 1851; x_wconf 89' lang='lat' dir='ltr'>statum</span> <span class='ocrx_word' id='word_1_201' title='bbox 862 1815 984 1857; x_wconf 89' lang='lat' dir='ltr'>mundi,</span> <span class='ocrx_word' id='word_1_202' title='bbox 1013 1815 1052 1850; x_wconf 92' lang='lat' dir='ltr'>de</span> 
     </span>
     <span class='ocr_line' id='line_1_40' title="bbox 303 1867 1052 1914; baseline -0.004 -12"><span class='ocrx_word' id='word_1_203' title='bbox 303 1868 431 1904; x_wconf 78' lang='lat' dir='ltr'>fratrum</span> <span class='ocrx_word' id='word_1_204' title='bbox 445 1876 623 1904; x_wconf 89' lang='lat' dir='ltr'>nostrorum</span> <span class='ocrx_word' id='word_1_205' title='bbox 634 1867 776 1907; x_wconf 88' lang='lat' dir='ltr'>consilio,</span> <span class='ocrx_word' id='word_1_206' title='bbox 790 1873 954 1914; x_wconf 86' lang='lat' dir='ltr'>praesente</span> <span class='ocrx_word' id='word_1_207' title='bbox 972 1878 1052 1913; x_wconf 87' lang='lat' dir='ltr'>quo-</span> 
     </span>
     <span class='ocr_line' id='line_1_41' title="bbox 303 1915 1052 1967; baseline -0.007 -13"><span class='ocrx_word' id='word_1_208' title='bbox 303 1931 364 1965; x_wconf 90' lang='lat' dir='ltr'>que</span> <span class='ocrx_word' id='word_1_209' title='bbox 377 1918 587 1967; x_wconf 87' lang='lat' dir='ltr'>praelatorum</span> <span class='ocrx_word' id='word_1_210' title='bbox 614 1925 644 1953; x_wconf 87' lang='lat' dir='ltr'>et</span> <span class='ocrx_word' id='word_1_211' title='bbox 660 1916 790 1952; x_wconf 88' lang='lat' dir='ltr'>aliorum</span> <span class='ocrx_word' id='word_1_212' title='bbox 806 1916 930 1964; x_wconf 90' lang='lat' dir='ltr'>copiosa</span> <span class='ocrx_word' id='word_1_213' title='bbox 951 1915 1052 1950; x_wconf 88' lang='lat' dir='ltr'>multi-</span> 
     </span>
     <span class='ocr_line' id='line_1_42' title="bbox 305 1965 1051 2013; baseline -0.004 -11"><span class='ocrx_word' id='word_1_214' title='bbox 305 1968 413 2004; x_wconf 84' lang='lat' dir='ltr'>tudine</span> <span class='ocrx_word' id='word_1_215' title='bbox 440 1968 617 2007; x_wconf 87' lang='lat' dir='ltr'>curialium,</span> <span class='ocrx_word' id='word_1_216' title='bbox 647 1966 836 2002; x_wconf 79' lang='lat' dir='ltr'>authoritate</span> <span class='ocrx_word' id='word_1_217' title='bbox 870 1965 1051 2013; x_wconf 89' lang='lat' dir='ltr'>apostolica,</span> 
     </span>
     <span class='ocr_line' id='line_1_43' title="bbox 303 2015 1051 2066; baseline -0.005 -14"><span class='ocrx_word' id='word_1_218' title='bbox 303 2026 332 2052; x_wconf 91' lang='lat' dir='ltr'>et</span> <span class='ocrx_word' id='word_1_219' title='bbox 359 2019 398 2053; x_wconf 91' lang='lat' dir='ltr'>de</span> <span class='ocrx_word' id='word_1_220' title='bbox 420 2017 610 2066; x_wconf 85' lang='lat' dir='ltr'>apostolicae</span> <span class='ocrx_word' id='word_1_221' title='bbox 638 2015 834 2064; x_wconf 86' lang='lat' dir='ltr'>plenitudine</span> <span class='ocrx_word' id='word_1_222' title='bbox 866 2015 1051 2062; x_wconf 85' lang='lat' dir='ltr'>potestatis,</span> 
     </span>
     <span class='ocr_line' id='line_1_44' title="bbox 305 2064 1052 2115; baseline -0.005 -13"><span class='ocrx_word' id='word_1_223' title='bbox 305 2077 333 2102; x_wconf 87' lang='lat' dir='ltr'>te</span> <span class='ocrx_word' id='word_1_224' title='bbox 361 2068 391 2102; x_wconf 92' lang='lat' dir='ltr'>in</span> <span class='ocrx_word' id='word_1_225' title='bbox 431 2067 599 2115; x_wconf 87' lang='lat' dir='ltr'>specialem</span> <span class='ocrx_word' id='word_1_226' title='bbox 629 2067 726 2101; x_wconf 82' lang='lat' dir='ltr'>lilium</span> <span class='ocrx_word' id='word_1_227' title='bbox 761 2073 902 2100; x_wconf 91' lang='lat' dir='ltr'>nostrum</span> <span class='ocrx_word' id='word_1_228' title='bbox 938 2064 1052 2112; x_wconf 85' lang='lat' dir='ltr'>recipi-</span> 
     </span>
     <span class='ocr_line' id='line_1_45' title="bbox 304 2114 1051 2159; baseline -0.004 -8"><span class='ocrx_word' id='word_1_229' title='bbox 304 2130 374 2152; x_wconf 88' lang='lat' dir='ltr'>mus</span> <span class='ocrx_word' id='word_1_230' title='bbox 416 2125 445 2153; x_wconf 92' lang='lat' dir='ltr'>et</span> <span class='ocrx_word' id='word_1_231' title='bbox 482 2117 640 2152; x_wconf 89' lang='lat' dir='ltr'>Ecclesiae</span> <span class='ocrx_word' id='word_1_232' title='bbox 680 2124 894 2159; x_wconf 79' lang='lat' dir='ltr'>memoratae,</span> <span class='ocrx_word' id='word_1_233' title='bbox 939 2127 974 2149; x_wconf 91' lang='lat' dir='ltr'>ac</span> <span class='ocrx_word' id='word_1_234' title='bbox 1021 2114 1051 2148; x_wconf 89' lang='lat' dir='ltr'>in</span> 
     </span>
     <span class='ocr_line' id='line_1_46' title="bbox 304 2164 1054 2214; baseline -0.007 -12"><span class='ocrx_word' id='word_1_235' title='bbox 304 2179 409 2214; x_wconf 84' lang='lat' dir='ltr'>regem</span> <span class='ocrx_word' id='word_1_236' title='bbox 430 2166 647 2202; x_wconf 87' lang='lat' dir='ltr'>Romanorum</span> <span class='ocrx_word' id='word_1_237' title='bbox 670 2165 876 2205; x_wconf 82' lang='lat' dir='ltr'>assumimus,</span> <span class='ocrx_word' id='word_1_238' title='bbox 900 2164 928 2198; x_wconf 91' lang='lat' dir='ltr'>in</span> <span class='ocrx_word' id='word_1_239' title='bbox 957 2165 1054 2211; x_wconf 87' lang='lat' dir='ltr'>impe-</span> 
     </span>
     <span class='ocr_line' id='line_1_47' title="bbox 306 2214 1051 2263; baseline -0.007 -11"><span class='ocrx_word' id='word_1_240' title='bbox 306 2226 436 2252; x_wconf 89' lang='lat' dir='ltr'>ratorem</span> <span class='ocrx_word' id='word_1_241' title='bbox 460 2217 590 2252; x_wconf 84' lang='lat' dir='ltr'>authore</span> <span class='ocrx_word' id='word_1_242' title='bbox 623 2216 759 2251; x_wconf 90' lang='lat' dir='ltr'>Domino</span> <span class='ocrx_word' id='word_1_243' title='bbox 789 2214 1051 2263; x_wconf 69' lang='lat' dir='ltr'>promovendum.</span> 
     </span>
     <span class='ocr_line' id='line_1_48' title="bbox 305 2265 1052 2311; baseline -0.003 -11"><span class='ocrx_word' id='word_1_244' title='bbox 305 2266 453 2302; x_wconf 85' lang='lat' dir='ltr'>Volentes</span> <span class='ocrx_word' id='word_1_245' title='bbox 475 2276 505 2303; x_wconf 85' lang='lat' dir='ltr'>et</span> <span class='ocrx_word' id='word_1_246' title='bbox 531 2274 716 2311; x_wconf 84' lang='lat' dir='ltr'>statuentes,</span> <span class='ocrx_word' id='word_1_247' title='bbox 740 2274 772 2300; x_wconf 91' lang='lat' dir='ltr'>ut</span> <span class='ocrx_word' id='word_1_248' title='bbox 798 2265 836 2299; x_wconf 89' lang='lat' dir='ltr'>de</span> <span class='ocrx_word' id='word_1_249' title='bbox 864 2272 986 2299; x_wconf 85' lang='lat' dir='ltr'>caetero</span> <span class='ocrx_word' id='word_1_250' title='bbox 1014 2272 1052 2298; x_wconf 84' lang='lat' dir='ltr'>ta-</span> 
     </span>
     <span class='ocr_line' id='line_1_49' title="bbox 305 2314 1051 2365; baseline -0.004 -15"><span class='ocrx_word' id='word_1_251' title='bbox 305 2316 343 2350; x_wconf 89' lang='lat' dir='ltr'>lis</span> <span class='ocrx_word' id='word_1_252' title='bbox 371 2317 455 2352; x_wconf 87' lang='lat' dir='ltr'>filius</span> <span class='ocrx_word' id='word_1_253' title='bbox 475 2330 590 2365; x_wconf 78' lang='lat' dir='ltr'>rexque</span> <span class='ocrx_word' id='word_1_254' title='bbox 612 2316 828 2352; x_wconf 89' lang='lat' dir='ltr'>Romanorum</span> <span class='ocrx_word' id='word_1_255' title='bbox 857 2315 984 2355; x_wconf 82' lang='lat' dir='ltr'>existas,</span> <span class='ocrx_word' id='word_1_256' title='bbox 1022 2314 1051 2347; x_wconf 92' lang='lat' dir='ltr'>in</span> 
     </span>
     <span class='ocr_line' id='line_1_50' title="bbox 307 2366 1054 2415; baseline -0.003 -15"><span class='ocrx_word' id='word_1_257' title='bbox 307 2367 540 2414; x_wconf 86' lang='lat' dir='ltr'>imperatorem,</span> <span class='ocrx_word' id='word_1_258' title='bbox 568 2375 601 2402; x_wconf 91' lang='lat' dir='ltr'>ut</span> <span class='ocrx_word' id='word_1_259' title='bbox 624 2366 845 2415; x_wconf 85' lang='lat' dir='ltr'>praemittitur,</span> <span class='ocrx_word' id='word_1_260' title='bbox 869 2376 1054 2412; x_wconf 86' lang='lat' dir='ltr'>promoven-</span> 
     </span>
     <span class='ocr_line' id='line_1_51' title="bbox 305 2413 1051 2465; baseline -0.005 -15"><span class='ocrx_word' id='word_1_261' title='bbox 305 2416 376 2461; x_wconf 88' lang='lat' dir='ltr'>dns,</span> <span class='ocrx_word' id='word_1_262' title='bbox 403 2426 433 2452; x_wconf 89' lang='lat' dir='ltr'>et</span> <span class='ocrx_word' id='word_1_263' title='bbox 454 2416 539 2465; x_wconf 92' lang='lat' dir='ltr'>quod</span> <span class='ocrx_word' id='word_1_264' title='bbox 569 2430 622 2464; x_wconf 88' lang='lat' dir='ltr'>pro</span> <span class='ocrx_word' id='word_1_265' title='bbox 646 2417 698 2451; x_wconf 90' lang='lat' dir='ltr'>tali</span> <span class='ocrx_word' id='word_1_266' title='bbox 726 2415 765 2451; x_wconf 80' lang='lat' dir='ltr'>ab</span> <span class='ocrx_word' id='word_1_267' title='bbox 787 2415 856 2449; x_wconf 91' lang='lat' dir='ltr'>aliis</span> <span class='ocrx_word' id='word_1_268' title='bbox 884 2413 1051 2449; x_wconf 83' lang='lat' dir='ltr'>habearis:</span> 
     </span>
     <span class='ocr_line' id='line_1_52' title="bbox 306 2463 1052 2514; baseline -0.003 -15"><span class='ocrx_word' id='word_1_269' title='bbox 306 2466 436 2514; x_wconf 87' lang='lat' dir='ltr'>tibique,</span> <span class='ocrx_word' id='word_1_270' title='bbox 459 2469 540 2502; x_wconf 90' lang='lat' dir='ltr'>sicut</span> <span class='ocrx_word' id='word_1_271' title='bbox 562 2466 780 2502; x_wconf 83' lang='lat' dir='ltr'>Romanorum</span> <span class='ocrx_word' id='word_1_272' title='bbox 806 2465 868 2510; x_wconf 83' lang='lat' dir='ltr'>regi</span> <span class='ocrx_word' id='word_1_273' title='bbox 896 2464 996 2499; x_wconf 85' lang='lat' dir='ltr'>electo</span> <span class='ocrx_word' id='word_1_274' title='bbox 1015 2463 1052 2497; x_wconf 85' lang='lat' dir='ltr'>le-</span> 
     </span>
     <span class='ocr_line' id='line_1_53' title="bbox 306 2513 1051 2564; baseline -0.004 -14"><span class='ocrx_word' id='word_1_275' title='bbox 306 2517 427 2562; x_wconf 76' lang='lat' dir='ltr'>gitime,</span> <span class='ocrx_word' id='word_1_276' title='bbox 460 2526 489 2552; x_wconf 86' lang='lat' dir='ltr'>et</span> <span class='ocrx_word' id='word_1_277' title='bbox 521 2516 710 2564; x_wconf 82' lang='lat' dir='ltr'>Aquisgrani</span> <span class='ocrx_word' id='word_1_278' title='bbox 745 2522 894 2549; x_wconf 85' lang='lat' dir='ltr'>coronato</span> <span class='ocrx_word' id='word_1_279' title='bbox 933 2513 1051 2548; x_wconf 81' lang='lat' dir='ltr'>obediri</span> 
     </span>
     <span class='ocr_line' id='line_1_54' title="bbox 307 2562 1055 2611; baseline -0.004 -11"><span class='ocrx_word' id='word_1_280' title='bbox 307 2566 421 2601; x_wconf 87' lang='lat' dir='ltr'>debere</span> <span class='ocrx_word' id='word_1_281' title='bbox 447 2567 486 2602; x_wconf 89' lang='lat' dir='ltr'>ab</span> <span class='ocrx_word' id='word_1_282' title='bbox 508 2566 658 2602; x_wconf 88' lang='lat' dir='ltr'>omnibus</span> <span class='ocrx_word' id='word_1_283' title='bbox 681 2572 711 2600; x_wconf 89' lang='lat' dir='ltr'>et</span> <span class='ocrx_word' id='word_1_284' title='bbox 733 2563 867 2611; x_wconf 77' lang='lat' dir='ltr'>singulis</span> <span class='ocrx_word' id='word_1_285' title='bbox 889 2575 978 2599; x_wconf 83' lang='lat' dir='ltr'>sacro</span> <span class='ocrx_word' id='word_1_286' title='bbox 992 2562 1055 2598; x_wconf 77' lang='lat' dir='ltr'>Ro-</span> 
     </span>
     <span class='ocr_line' id='line_1_55' title="bbox 307 2613 1054 2663; baseline -0.004 -13"><span class='ocrx_word' id='word_1_287' title='bbox 307 2628 400 2651; x_wconf 89' lang='lat' dir='ltr'>mano</span> <span class='ocrx_word' id='word_1_288' title='bbox 427 2616 576 2652; x_wconf 88' lang='lat' dir='ltr'>subiectis</span> <span class='ocrx_word' id='word_1_289' title='bbox 599 2615 741 2663; x_wconf 89' lang='lat' dir='ltr'>imperio,</span> <span class='ocrx_word' id='word_1_290' title='bbox 770 2615 850 2649; x_wconf 89' lang='lat' dir='ltr'>sicut</span> <span class='ocrx_word' id='word_1_291' title='bbox 878 2613 978 2661; x_wconf 86' lang='lat' dir='ltr'>pareri</span> <span class='ocrx_word' id='word_1_292' title='bbox 1007 2625 1054 2648; x_wconf 88' lang='lat' dir='ltr'>so-</span> 
     </span>
     <span class='ocr_line' id='line_1_56' title="bbox 307 2662 1055 2713; baseline -0.005 -13"><span class='ocrx_word' id='word_1_293' title='bbox 307 2666 349 2701; x_wconf 87' lang='lat' dir='ltr'>let</span> <span class='ocrx_word' id='word_1_294' title='bbox 376 2674 404 2701; x_wconf 90' lang='lat' dir='ltr'>et</span> <span class='ocrx_word' id='word_1_295' title='bbox 436 2666 527 2702; x_wconf 86' lang='lat' dir='ltr'>debet</span> <span class='ocrx_word' id='word_1_296' title='bbox 564 2663 857 2713; x_wconf 81' lang='lat' dir='ltr'>praedecessoribus</span> <span class='ocrx_word' id='word_1_297' title='bbox 893 2663 954 2697; x_wconf 90' lang='lat' dir='ltr'>tnis</span> <span class='ocrx_word' id='word_1_298' title='bbox 987 2662 1055 2697; x_wconf 85' lang='lat' dir='ltr'>Ro-</span> 
     </span>
    </p>

    <p class='ocr_par' dir='ltr' id='par_1_9' title="bbox 388 2720 892 2754">
     <span class='ocr_line' id='line_1_57' title="bbox 388 2720 892 2754; baseline -0.008 0"><span class='ocrx_word' id='word_1_299' title='bbox 388 2724 452 2754; x_wconf 70' lang='lat' dir='ltr'>Bul!</span> <span class='ocrx_word' id='word_1_300' title='bbox 479 2723 556 2754; x_wconf 69' lang='lat' dir='ltr'>Ram.</span> <span class='ocrx_word' id='word_1_301' title='bbox 581 2722 700 2753; x_wconf 73' lang='lat' dir='ltr'>t·01.1t&#39;.</span> <span class='ocrx_word' id='word_1_302' title='bbox 859 2720 892 2750; x_wconf 71' lang='lat'>⁶21</span> 
     </span>
    </p>
   </div>
   <div class='ocr_carea' id='block_1_8' title="bbox 1086 369 1844 2364">
    <p class='ocr_par' dir='ltr' id='par_1_10' title="bbox 1086 369 1810 418">
     <span class='ocr_line' id='line_1_58' title="bbox 1086 369 1810 418; baseline -0.001 -12"><span class='ocrx_word' id='word_1_303' title='bbox 1086 379 1114 406; x_wconf 91' lang='lat' dir='ltr'>et</span> <span class='ocrx_word' id='word_1_304' title='bbox 1137 384 1152 406; x_wconf 89' lang='lat' dir='ltr'>a</span> <span class='ocrx_word' id='word_1_305' title='bbox 1177 371 1309 417; x_wconf 85' lang='lat' dir='ltr'>praefata</span> <span class='ocrx_word' id='word_1_306' title='bbox 1336 369 1419 406; x_wconf 86' lang='lat' dir='ltr'>Sede</span> <span class='ocrx_word' id='word_1_307' title='bbox 1441 371 1593 406; x_wconf 81' lang='lat' dir='ltr'>hactenus</span> <span class='ocrx_word' id='word_1_308' title='bbox 1619 370 1810 418; x_wconf 86' lang='lat' dir='ltr'>approbatis.</span> 
     </span>
    </p>

    <p class='ocr_par' dir='ltr' id='par_1_11' title="bbox 1086 420 1836 1069">
     <span class='ocr_line' id='line_1_59' title="bbox 1135 420 1830 468; baseline 0 -13"><span class='ocrx_word' id='word_1_309' title='bbox 1135 425 1150 464; x_wconf 65' lang='lat' dir='ltr'>g</span> <span class='ocrx_word' id='word_1_310' title='bbox 1177 424 1210 455; x_wconf 89' lang='lat'>6.</span> <span class='ocrx_word' id='word_1_311' title='bbox 1232 420 1425 468; x_wconf 78' lang='lat' dir='ltr'>Supplentes</span> <span class='ocrx_word' id='word_1_312' title='bbox 1447 433 1573 456; x_wconf 91' lang='lat' dir='ltr'>omnem</span> <span class='ocrx_word' id='word_1_313' title='bbox 1600 420 1758 456; x_wconf 85' lang='lat' dir='ltr'>desectum</span> <span class='ocrx_word' id='word_1_314' title='bbox 1773 448 1783 464; x_wconf 93' lang='lat'>,</span> <span class='ocrx_word' id='word_1_315' title='bbox 1805 420 1830 456; x_wconf 90' lang='lat' dir='ltr'>si</span> 
     </span>
     <span class='ocr_line' id='line_1_60' title="bbox 1086 470 1831 517; baseline 0 -12"><span class='ocrx_word' id='word_1_316' title='bbox 1086 471 1157 517; x_wconf 90' lang='lat' dir='ltr'>quis</span> <span class='ocrx_word' id='word_1_317' title='bbox 1184 479 1237 505; x_wconf 90' lang='lat' dir='ltr'>aut</span> <span class='ocrx_word' id='word_1_318' title='bbox 1259 471 1378 505; x_wconf 89' lang='lat' dir='ltr'>ratione</span> <span class='ocrx_word' id='word_1_319' title='bbox 1407 470 1522 506; x_wconf 76' lang='lat' dir='ltr'>formae</span> <span class='ocrx_word' id='word_1_320' title='bbox 1550 480 1602 505; x_wconf 92' lang='lat' dir='ltr'>aut</span> <span class='ocrx_word' id='word_1_321' title='bbox 1621 471 1738 506; x_wconf 86' lang='lat' dir='ltr'>ratione</span> <span class='ocrx_word' id='word_1_322' title='bbox 1762 479 1831 506; x_wconf 88' lang='lat' dir='ltr'>tuae</span> 
     </span>
     <span class='ocr_line' id='line_1_61' title="bbox 1088 519 1832 567; baseline 0.001 -13"><span class='ocrx_word' id='word_1_323' title='bbox 1088 520 1133 555; x_wconf 85' lang='lat' dir='ltr'>vel</span> <span class='ocrx_word' id='word_1_324' title='bbox 1158 529 1282 555; x_wconf 89' lang='lat' dir='ltr'>tuorum</span> <span class='ocrx_word' id='word_1_325' title='bbox 1311 519 1483 555; x_wconf 88' lang='lat' dir='ltr'>electorum</span> <span class='ocrx_word' id='word_1_326' title='bbox 1515 532 1742 567; x_wconf 81' lang='lat' dir='ltr'>personarum,</span> <span class='ocrx_word' id='word_1_327' title='bbox 1777 532 1832 555; x_wconf 89' lang='lat' dir='ltr'>seu</span> 
     </span>
     <span class='ocr_line' id='line_1_62' title="bbox 1087 569 1833 617; baseline 0.001 -13"><span class='ocrx_word' id='word_1_328' title='bbox 1087 582 1124 605; x_wconf 81' lang='lat' dir='ltr'>cx</span> <span class='ocrx_word' id='word_1_329' title='bbox 1152 570 1261 617; x_wconf 85' lang='lat' dir='ltr'>quavis</span> <span class='ocrx_word' id='word_1_330' title='bbox 1287 569 1345 605; x_wconf 89' lang='lat' dir='ltr'>alia</span> <span class='ocrx_word' id='word_1_331' title='bbox 1382 571 1500 605; x_wconf 87' lang='lat' dir='ltr'>ratione.</span> <span class='ocrx_word' id='word_1_332' title='bbox 1537 569 1582 605; x_wconf 81' lang='lat' dir='ltr'>vel</span> <span class='ocrx_word' id='word_1_333' title='bbox 1623 582 1729 615; x_wconf 88' lang='lat' dir='ltr'>causa,</span> <span class='ocrx_word' id='word_1_334' title='bbox 1768 570 1833 605; x_wconf 85' lang='lat' dir='ltr'>sive</span> 
     </span>
     <span class='ocr_line' id='line_1_63' title="bbox 1087 619 1834 669; baseline 0.001 -15"><span class='ocrx_word' id='word_1_335' title='bbox 1087 632 1289 669; x_wconf 85' lang='lat' dir='ltr'>quocumque</span> <span class='ocrx_word' id='word_1_336' title='bbox 1318 620 1423 661; x_wconf 90' lang='lat' dir='ltr'>modo,</span> <span class='ocrx_word' id='word_1_337' title='bbox 1447 620 1475 654; x_wconf 92' lang='lat' dir='ltr'>in</span> <span class='ocrx_word' id='word_1_338' title='bbox 1500 619 1682 655; x_wconf 85' lang='lat' dir='ltr'>huiusmodi</span> <span class='ocrx_word' id='word_1_339' title='bbox 1706 628 1756 654; x_wconf 91' lang='lat' dir='ltr'>tua</span> <span class='ocrx_word' id='word_1_340' title='bbox 1775 621 1834 655; x_wconf 85' lang='lat' dir='ltr'>ele-</span> 
     </span>
     <span class='ocr_line' id='line_1_64' title="bbox 1087 669 1834 713; baseline -0.004 -6"><span class='ocrx_word' id='word_1_341' title='bbox 1087 673 1216 713; x_wconf 88' lang='lat' dir='ltr'>ctione,</span> <span class='ocrx_word' id='word_1_342' title='bbox 1258 671 1462 707; x_wconf 85' lang='lat' dir='ltr'>coronatione</span> <span class='ocrx_word' id='word_1_343' title='bbox 1489 682 1524 705; x_wconf 90' lang='lat' dir='ltr'>ac</span> <span class='ocrx_word' id='word_1_344' title='bbox 1563 669 1834 705; x_wconf 82' lang='lat' dir='ltr'>administratione</span> 
     </span>
     <span class='ocr_line' id='line_1_65' title="bbox 1089 719 1836 766; baseline -0.007 -8"><span class='ocrx_word' id='word_1_345' title='bbox 1089 723 1185 758; x_wconf 77' lang='lat' dir='ltr'>fuisse</span> <span class='ocrx_word' id='word_1_346' title='bbox 1212 729 1368 757; x_wconf 90' lang='lat' dir='ltr'>noscatur.</span> <span class='ocrx_word' id='word_1_347' title='bbox 1396 720 1510 756; x_wconf 92' lang='lat' dir='ltr'>Omnia</span> <span class='ocrx_word' id='word_1_348' title='bbox 1542 719 1670 766; x_wconf 89' lang='lat' dir='ltr'>insuper</span> <span class='ocrx_word' id='word_1_349' title='bbox 1712 727 1742 755; x_wconf 89' lang='lat' dir='ltr'>et</span> <span class='ocrx_word' id='word_1_350' title='bbox 1774 720 1836 754; x_wconf 91' lang='lat' dir='ltr'>sin-</span> 
     </span>
     <span class='ocr_line' id='line_1_66' title="bbox 1087 768 1835 821; baseline -0.008 -13"><span class='ocrx_word' id='word_1_351' title='bbox 1087 773 1158 818; x_wconf 77' lang='lat' dir='ltr'>gula</span> <span class='ocrx_word' id='word_1_352' title='bbox 1187 785 1242 821; x_wconf 90' lang='lat' dir='ltr'>per</span> <span class='ocrx_word' id='word_1_353' title='bbox 1260 781 1302 813; x_wconf 90' lang='lat' dir='ltr'>te,</span> <span class='ocrx_word' id='word_1_354' title='bbox 1326 771 1372 807; x_wconf 85' lang='lat' dir='ltr'>vel</span> <span class='ocrx_word' id='word_1_355' title='bbox 1394 771 1472 806; x_wconf 91' lang='lat' dir='ltr'>alios</span> <span class='ocrx_word' id='word_1_356' title='bbox 1506 769 1545 805; x_wconf 89' lang='lat' dir='ltr'>de</span> <span class='ocrx_word' id='word_1_357' title='bbox 1584 768 1732 804; x_wconf 89' lang='lat' dir='ltr'>mandato</span> <span class='ocrx_word' id='word_1_358' title='bbox 1770 777 1835 813; x_wconf 89' lang='lat' dir='ltr'>tuo,</span> 
     </span>
     <span class='ocr_line' id='line_1_67' title="bbox 1088 819 1836 866; baseline -0.008 -8"><span class='ocrx_word' id='word_1_359' title='bbox 1088 823 1168 858; x_wconf 84' lang='lat' dir='ltr'>sacta</span> <span class='ocrx_word' id='word_1_360' title='bbox 1195 830 1225 858; x_wconf 85' lang='lat' dir='ltr'>et</span> <span class='ocrx_word' id='word_1_361' title='bbox 1246 821 1349 857; x_wconf 89' lang='lat' dir='ltr'>habita</span> <span class='ocrx_word' id='word_1_362' title='bbox 1378 821 1407 856; x_wconf 92' lang='lat' dir='ltr'>in</span> <span class='ocrx_word' id='word_1_363' title='bbox 1436 819 1707 855; x_wconf 84' lang='lat' dir='ltr'>administratione</span> <span class='ocrx_word' id='word_1_364' title='bbox 1750 830 1836 866; x_wconf 88' lang='lat' dir='ltr'>prae-</span> 
     </span>
     <span class='ocr_line' id='line_1_68' title="bbox 1088 868 1836 920; baseline -0.008 -12"><span class='ocrx_word' id='word_1_365' title='bbox 1088 873 1181 914; x_wconf 89' lang='lat' dir='ltr'>dicta,</span> <span class='ocrx_word' id='word_1_366' title='bbox 1204 884 1283 920; x_wconf 87' lang='lat' dir='ltr'>quae</span> <span class='ocrx_word' id='word_1_367' title='bbox 1310 871 1386 906; x_wconf 87' lang='lat' dir='ltr'>alias</span> <span class='ocrx_word' id='word_1_368' title='bbox 1417 871 1499 905; x_wconf 80' lang='lat' dir='ltr'>iuxta</span> <span class='ocrx_word' id='word_1_369' title='bbox 1535 876 1564 904; x_wconf 89' lang='lat' dir='ltr'>et</span> <span class='ocrx_word' id='word_1_370' title='bbox 1594 868 1677 903; x_wconf 90' lang='lat' dir='ltr'>licita</span> <span class='ocrx_word' id='word_1_371' title='bbox 1714 868 1836 903; x_wconf 83' lang='lat' dir='ltr'>extitis-</span> 
     </span>
     <span class='ocr_line' id='line_1_69' title="bbox 1088 919 1835 964; baseline -0.008 -6"><span class='ocrx_word' id='word_1_372' title='bbox 1088 931 1169 964; x_wconf 88' lang='lat' dir='ltr'>sent,</span> <span class='ocrx_word' id='word_1_373' title='bbox 1196 923 1237 958; x_wconf 87' lang='lat' dir='ltr'>ita</span> <span class='ocrx_word' id='word_1_374' title='bbox 1265 921 1366 956; x_wconf 86' lang='lat' dir='ltr'>valere</span> <span class='ocrx_word' id='word_1_375' title='bbox 1398 919 1611 963; x_wconf 87' lang='lat' dir='ltr'>decernimus,</span> <span class='ocrx_word' id='word_1_376' title='bbox 1647 926 1677 953; x_wconf 90' lang='lat' dir='ltr'>et</span> <span class='ocrx_word' id='word_1_377' title='bbox 1716 926 1835 959; x_wconf 89' lang='lat' dir='ltr'>tenere,</span> 
     </span>
     <span class='ocr_line' id='line_1_70' title="bbox 1089 967 1834 1016; baseline -0.005 -10"><span class='ocrx_word' id='word_1_378' title='bbox 1089 973 1167 1007; x_wconf 88' lang='lat' dir='ltr'>sicut</span> <span class='ocrx_word' id='word_1_379' title='bbox 1191 973 1216 1007; x_wconf 91' lang='lat' dir='ltr'>si</span> <span class='ocrx_word' id='word_1_380' title='bbox 1231 970 1460 1007; x_wconf 85' lang='lat' dir='ltr'>administratio</span> <span class='ocrx_word' id='word_1_381' title='bbox 1480 969 1545 1016; x_wconf 89' lang='lat' dir='ltr'>ipsa</span> <span class='ocrx_word' id='word_1_382' title='bbox 1568 967 1622 1003; x_wconf 91' lang='lat' dir='ltr'>tibi</span> <span class='ocrx_word' id='word_1_383' title='bbox 1645 968 1834 1016; x_wconf 85' lang='lat' dir='ltr'>competisse</span> 
     </span>
     <span class='ocr_line' id='line_1_71' title="bbox 1090 1021 1512 1069; baseline -0.009 -13"><span class='ocrx_word' id='word_1_384' title='bbox 1090 1021 1229 1069; x_wconf 80' lang='lat' dir='ltr'>legitime</span> <span class='ocrx_word' id='word_1_385' title='bbox 1252 1028 1436 1056; x_wconf 89' lang='lat' dir='ltr'>nosceretur</span> <span class='ocrx_word' id='word_1_386' title='bbox 1457 1021 1512 1063; x_wconf 79' lang='lat' dir='ltr'>(l).</span> 
     </span>
    </p>

    <p class='ocr_par' dir='ltr' id='par_1_12' title="bbox 1089 1068 1844 2364">
     <span class='ocr_line' id='line_1_72' title="bbox 1137 1068 1829 1115; baseline -0.007 -10"><span class='ocrx_word' id='word_1_387' title='bbox 1137 1075 1152 1114; x_wconf 65' lang='grc' dir='ltr'>ξ</span> <span class='ocrx_word' id='word_1_388' title='bbox 1176 1074 1207 1105; x_wconf 88' lang='grc'>7.</span> <span class='ocrx_word' id='word_1_389' title='bbox 1239 1070 1464 1105; x_wconf 85' lang='lat' dir='ltr'>Excellentiam</span> <span class='ocrx_word' id='word_1_390' title='bbox 1493 1070 1598 1115; x_wconf 89' lang='lat' dir='ltr'>itaque</span> <span class='ocrx_word' id='word_1_391' title='bbox 1621 1068 1735 1114; x_wconf 82' lang='lat' dir='ltr'>regiam</span> <span class='ocrx_word' id='word_1_392' title='bbox 1765 1078 1829 1101; x_wconf 91' lang='lat' dir='ltr'>mo-</span> 
     </span>
     <span class='ocr_line' id='line_1_73' title="bbox 1090 1118 1836 1166; baseline -0.005 -12"><span class='ocrx_word' id='word_1_393' title='bbox 1090 1133 1213 1165; x_wconf 83' lang='lat' dir='ltr'>nemus,</span> <span class='ocrx_word' id='word_1_394' title='bbox 1242 1132 1389 1166; x_wconf 80' lang='lat' dir='ltr'>rogamus</span> <span class='ocrx_word' id='word_1_395' title='bbox 1411 1126 1440 1153; x_wconf 92' lang='lat' dir='ltr'>et</span> <span class='ocrx_word' id='word_1_396' title='bbox 1467 1118 1630 1152; x_wconf 85' lang='lat' dir='ltr'>liortamnr</span> <span class='ocrx_word' id='word_1_397' title='bbox 1656 1124 1785 1160; x_wconf 88' lang='lat' dir='ltr'>attente,</span> <span class='ocrx_word' id='word_1_398' title='bbox 1800 1127 1836 1150; x_wconf 91' lang='lat' dir='ltr'>ac</span> 
     </span>
     <span class='ocr_line' id='line_1_74' title="bbox 1089 1167 1837 1214; baseline -0.008 -9"><span class='ocrx_word' id='word_1_399' title='bbox 1089 1169 1292 1205; x_wconf 85' lang='lat' dir='ltr'>obsecramus</span> <span class='ocrx_word' id='word_1_400' title='bbox 1319 1169 1347 1203; x_wconf 89' lang='lat' dir='ltr'>in</span> <span class='ocrx_word' id='word_1_401' title='bbox 1370 1168 1450 1203; x_wconf 88' lang='lat' dir='ltr'>Filio</span> <span class='ocrx_word' id='word_1_402' title='bbox 1472 1167 1528 1202; x_wconf 89' lang='lat' dir='ltr'>Dei</span> <span class='ocrx_word' id='word_1_403' title='bbox 1552 1167 1664 1210; x_wconf 84' lang='lat' dir='ltr'>Patris,</span> <span class='ocrx_word' id='word_1_404' title='bbox 1681 1174 1837 1214; x_wconf 86' lang='lat' dir='ltr'>quatenus</span> 
     </span>
     <span class='ocr_line' id='line_1_75' title="bbox 1089 1215 1834 1267; baseline -0.007 -13"><span class='ocrx_word' id='word_1_405' title='bbox 1089 1219 1127 1254; x_wconf 90' lang='lat' dir='ltr'>ad</span> <span class='ocrx_word' id='word_1_406' title='bbox 1148 1219 1250 1267; x_wconf 88' lang='lat' dir='ltr'>ipsum</span> <span class='ocrx_word' id='word_1_407' title='bbox 1278 1218 1379 1253; x_wconf 89' lang='lat' dir='ltr'>Deum</span> <span class='ocrx_word' id='word_1_408' title='bbox 1403 1226 1432 1252; x_wconf 91' lang='lat' dir='ltr'>et</span> <span class='ocrx_word' id='word_1_409' title='bbox 1458 1216 1624 1264; x_wconf 81' lang='lat' dir='ltr'>praefatam</span> <span class='ocrx_word' id='word_1_410' title='bbox 1662 1215 1834 1250; x_wconf 87' lang='lat' dir='ltr'>Ecclesiam</span> 
     </span>
     <span class='ocr_line' id='line_1_76' title="bbox 1091 1263 1837 1304; baseline -0.007 -1"><span class='ocrx_word' id='word_1_411' title='bbox 1091 1277 1221 1304; x_wconf 90' lang='lat' dir='ltr'>matrem</span> <span class='ocrx_word' id='word_1_412' title='bbox 1245 1277 1330 1303; x_wconf 92' lang='lat' dir='ltr'>tuam</span> <span class='ocrx_word' id='word_1_413' title='bbox 1358 1274 1496 1302; x_wconf 88' lang='lat' dir='ltr'>mentem</span> <span class='ocrx_word' id='word_1_414' title='bbox 1519 1275 1548 1301; x_wconf 91' lang='lat' dir='ltr'>et</span> <span class='ocrx_word' id='word_1_415' title='bbox 1567 1266 1677 1301; x_wconf 90' lang='lat' dir='ltr'>oculos</span> <span class='ocrx_word' id='word_1_416' title='bbox 1702 1273 1773 1300; x_wconf 88' lang='lat' dir='ltr'>tuos</span> <span class='ocrx_word' id='word_1_417' title='bbox 1787 1263 1837 1298; x_wconf 93' lang='lat' dir='ltr'>di-</span> 
     </span>
     <span class='ocr_line' id='line_1_77' title="bbox 1091 1315 1838 1365; baseline -0.007 -12"><span class='ocrx_word' id='word_1_418' title='bbox 1091 1319 1196 1365; x_wconf 83' lang='lat' dir='ltr'>rigens</span> <span class='ocrx_word' id='word_1_419' title='bbox 1228 1325 1417 1362; x_wconf 81' lang='lat' dir='ltr'>reverenter,</span> <span class='ocrx_word' id='word_1_420' title='bbox 1451 1329 1486 1351; x_wconf 89' lang='lat' dir='ltr'>ac</span> <span class='ocrx_word' id='word_1_421' title='bbox 1524 1315 1747 1362; x_wconf 85' lang='lat' dir='ltr'>benignitatem</span> <span class='ocrx_word' id='word_1_422' title='bbox 1780 1326 1838 1349; x_wconf 89' lang='lat' dir='ltr'>no-</span> 
     </span>
     <span class='ocr_line' id='line_1_78' title="bbox 1090 1366 1839 1415; baseline -0.007 -12"><span class='ocrx_word' id='word_1_423' title='bbox 1090 1376 1199 1413; x_wconf 89' lang='lat' dir='ltr'>stram,</span> <span class='ocrx_word' id='word_1_424' title='bbox 1221 1368 1388 1415; x_wconf 86' lang='lat' dir='ltr'>dictaeque</span> <span class='ocrx_word' id='word_1_425' title='bbox 1414 1366 1536 1406; x_wconf 83' lang='lat' dir='ltr'>Matris,</span> <span class='ocrx_word' id='word_1_426' title='bbox 1557 1377 1619 1413; x_wconf 89' lang='lat' dir='ltr'>qua</span> <span class='ocrx_word' id='word_1_427' title='bbox 1653 1372 1839 1412; x_wconf 84' lang='lat' dir='ltr'>praeventus</span> 
     </span>
     <span class='ocr_line' id='line_1_79' title="bbox 1091 1413 1840 1464; baseline -0.007 -11"><span class='ocrx_word' id='word_1_428' title='bbox 1091 1418 1281 1464; x_wconf 79' lang='lat' dir='ltr'>agnosceris,</span> <span class='ocrx_word' id='word_1_429' title='bbox 1309 1417 1419 1453; x_wconf 80' lang='lat' dir='ltr'>devota</span> <span class='ocrx_word' id='word_1_430' title='bbox 1447 1415 1649 1450; x_wconf 87' lang='lat' dir='ltr'>meditatione</span> <span class='ocrx_word' id='word_1_431' title='bbox 1689 1413 1840 1449; x_wconf 85' lang='lat' dir='ltr'>conside-</span> 
     </span>
     <span class='ocr_line' id='line_1_80' title="bbox 1092 1462 1839 1514; baseline -0.008 -11"><span class='ocrx_word' id='word_1_432' title='bbox 1092 1480 1175 1512; x_wconf 89' lang='lat' dir='ltr'>rans,</span> <span class='ocrx_word' id='word_1_433' title='bbox 1203 1467 1350 1514; x_wconf 87' lang='lat' dir='ltr'>illamque</span> <span class='ocrx_word' id='word_1_434' title='bbox 1366 1465 1571 1502; x_wconf 82' lang='lat' dir='ltr'>conscribens</span> <span class='ocrx_word' id='word_1_435' title='bbox 1593 1465 1622 1498; x_wconf 92' lang='lat' dir='ltr'>in</span> <span class='ocrx_word' id='word_1_436' title='bbox 1646 1464 1780 1499; x_wconf 86' lang='lat' dir='ltr'>sacrario</span> <span class='ocrx_word' id='word_1_437' title='bbox 1796 1462 1839 1497; x_wconf 88' lang='lat' dir='ltr'>tui</span> 
     </span>
     <span class='ocr_line' id='line_1_81' title="bbox 1093 1512 1839 1565; baseline -0.005 -12"><span class='ocrx_word' id='word_1_438' title='bbox 1093 1518 1242 1565; x_wconf 86' lang='lat' dir='ltr'>pectoris,</span> <span class='ocrx_word' id='word_1_439' title='bbox 1266 1517 1343 1552; x_wconf 90' lang='lat' dir='ltr'>inibi</span> <span class='ocrx_word' id='word_1_440' title='bbox 1382 1515 1442 1552; x_wconf 88' lang='lat' dir='ltr'>sub</span> <span class='ocrx_word' id='word_1_441' title='bbox 1481 1514 1697 1561; x_wconf 85' lang='lat' dir='ltr'>recognitione</span> <span class='ocrx_word' id='word_1_442' title='bbox 1736 1512 1839 1549; x_wconf 82' lang='lat' dir='ltr'>debita</span> 
     </span>
     <span class='ocr_line' id='line_1_82' title="bbox 1093 1563 1840 1615; baseline -0.009 -12"><span class='ocrx_word' id='word_1_443' title='bbox 1093 1577 1245 1615; x_wconf 86' lang='lat' dir='ltr'>perpetuo</span> <span class='ocrx_word' id='word_1_444' title='bbox 1268 1578 1515 1613; x_wconf 87' lang='lat' dir='ltr'>permansuram,</span> <span class='ocrx_word' id='word_1_445' title='bbox 1538 1565 1619 1600; x_wconf 88' lang='lat' dir='ltr'>sicut</span> <span class='ocrx_word' id='word_1_446' title='bbox 1640 1563 1840 1599; x_wconf 79' lang='lat' dir='ltr'>christianis-</span> 
     </span>
     <span class='ocr_line' id='line_1_83' title="bbox 1092 1613 1840 1663; baseline -0.008 -11"><span class='ocrx_word' id='word_1_447' title='bbox 1092 1618 1192 1652; x_wconf 88' lang='lat' dir='ltr'>simus</span> <span class='ocrx_word' id='word_1_448' title='bbox 1219 1616 1457 1663; x_wconf 84' lang='lat' dir='ltr'>catholicusque</span> <span class='ocrx_word' id='word_1_449' title='bbox 1486 1614 1631 1663; x_wconf 86' lang='lat' dir='ltr'>princeps</span> <span class='ocrx_word' id='word_1_450' title='bbox 1662 1613 1723 1648; x_wconf 82' lang='lat' dir='ltr'>fide</span> <span class='ocrx_word' id='word_1_451' title='bbox 1757 1624 1840 1660; x_wconf 85' lang='lat' dir='ltr'>prae-</span> 
     </span>
     <span class='ocr_line' id='line_1_84' title="bbox 1093 1663 1842 1709; baseline -0.008 -7"><span class='ocrx_word' id='word_1_452' title='bbox 1093 1667 1206 1709; x_wconf 86' lang='lat' dir='ltr'>clarus,</span> <span class='ocrx_word' id='word_1_453' title='bbox 1229 1667 1368 1702; x_wconf 88' lang='lat' dir='ltr'>claritate</span> <span class='ocrx_word' id='word_1_454' title='bbox 1396 1666 1533 1709; x_wconf 80' lang='lat' dir='ltr'>servenS,</span> <span class='ocrx_word' id='word_1_455' title='bbox 1568 1663 1733 1699; x_wconf 82' lang='lat' dir='ltr'>devotione</span> <span class='ocrx_word' id='word_1_456' title='bbox 1772 1663 1842 1697; x_wconf 86' lang='lat' dir='ltr'>sin-</span> 
     </span>
     <span class='ocr_line' id='line_1_85' title="bbox 1092 1711 1842 1763; baseline -0.009 -10"><span class='ocrx_word' id='word_1_457' title='bbox 1092 1730 1195 1763; x_wconf 85' lang='lat' dir='ltr'>cerus,</span> <span class='ocrx_word' id='word_1_458' title='bbox 1213 1726 1243 1752; x_wconf 90' lang='lat' dir='ltr'>et</span> <span class='ocrx_word' id='word_1_459' title='bbox 1265 1717 1382 1752; x_wconf 87' lang='lat' dir='ltr'>iudicio</span> <span class='ocrx_word' id='word_1_460' title='bbox 1410 1724 1525 1759; x_wconf 74' lang='lat' dir='ltr'>rectuS,</span> <span class='ocrx_word' id='word_1_461' title='bbox 1548 1713 1691 1749; x_wconf 80' lang='lat' dir='ltr'>eamdem</span> <span class='ocrx_word' id='word_1_462' title='bbox 1730 1711 1842 1748; x_wconf 87' lang='lat' dir='ltr'>Eccle-</span> 
     </span>
     <span class='ocr_line' id='line_1_86' title="bbox 1092 1761 1839 1803; baseline -0.011 0"><span class='ocrx_word' id='word_1_463' title='bbox 1092 1768 1169 1803; x_wconf 85' lang='lat' dir='ltr'>siam</span> <span class='ocrx_word' id='word_1_464' title='bbox 1190 1775 1220 1803; x_wconf 87' lang='lat' dir='ltr'>et</span> <span class='ocrx_word' id='word_1_465' title='bbox 1240 1767 1415 1802; x_wconf 84' lang='lat' dir='ltr'>libertatem</span> <span class='ocrx_word' id='word_1_466' title='bbox 1443 1764 1686 1801; x_wconf 82' lang='lat' dir='ltr'>ecclesiasticam</span> <span class='ocrx_word' id='word_1_467' title='bbox 1711 1761 1839 1797; x_wconf 84' lang='lat' dir='ltr'>ubilibet</span> 
     </span>
     <span class='ocr_line' id='line_1_87' title="bbox 1093 1811 1841 1863; baseline -0.009 -10"><span class='ocrx_word' id='word_1_468' title='bbox 1093 1830 1220 1853; x_wconf 89' lang='lat' dir='ltr'>summo</span> <span class='ocrx_word' id='word_1_469' title='bbox 1242 1817 1349 1853; x_wconf 91' lang='lat' dir='ltr'>studio</span> <span class='ocrx_word' id='word_1_470' title='bbox 1371 1816 1508 1863; x_wconf 89' lang='lat' dir='ltr'>totisque</span> <span class='ocrx_word' id='word_1_471' title='bbox 1550 1813 1669 1849; x_wconf 81' lang='lat' dir='ltr'>viribus</span> <span class='ocrx_word' id='word_1_472' title='bbox 1705 1811 1841 1848; x_wconf 89' lang='lat' dir='ltr'>revereri</span> 
     </span>
     <span class='ocr_line' id='line_1_88' title="bbox 1093 1864 1842 1911; baseline -0.011 -8"><span class='ocrx_word' id='word_1_473' title='bbox 1093 1877 1121 1903; x_wconf 90' lang='lat' dir='ltr'>et</span> <span class='ocrx_word' id='word_1_474' title='bbox 1149 1868 1254 1904; x_wconf 89' lang='lat' dir='ltr'>colere</span> <span class='ocrx_word' id='word_1_475' title='bbox 1281 1867 1418 1911; x_wconf 79' lang='lat' dir='ltr'>studeas,</span> <span class='ocrx_word' id='word_1_476' title='bbox 1445 1878 1480 1901; x_wconf 89' lang='lat' dir='ltr'>ac</span> <span class='ocrx_word' id='word_1_477' title='bbox 1503 1864 1595 1906; x_wconf 70' lang='lat' dir='ltr'>tueri,</span> <span class='ocrx_word' id='word_1_478' title='bbox 1628 1871 1658 1898; x_wconf 88' lang='lat' dir='ltr'>et</span> <span class='ocrx_word' id='word_1_479' title='bbox 1691 1870 1777 1910; x_wconf 87' lang='lat' dir='ltr'>grata</span> <span class='ocrx_word' id='word_1_480' title='bbox 1813 1869 1842 1896; x_wconf 92' lang='lat' dir='ltr'>et</span> 
     </span>
     <span class='ocr_line' id='line_1_89' title="bbox 1094 1913 1844 1965; baseline -0.011 -12"><span class='ocrx_word' id='word_1_481' title='bbox 1094 1918 1223 1965; x_wconf 79' lang='lat' dir='ltr'>grandia</span> <span class='ocrx_word' id='word_1_482' title='bbox 1247 1918 1305 1965; x_wconf 88' lang='lat' dir='ltr'>ipsi</span> <span class='ocrx_word' id='word_1_483' title='bbox 1325 1916 1488 1951; x_wconf 86' lang='lat' dir='ltr'>Ecclesiae</span> <span class='ocrx_word' id='word_1_484' title='bbox 1517 1927 1571 1962; x_wconf 89' lang='lat' dir='ltr'>pro</span> <span class='ocrx_word' id='word_1_485' title='bbox 1594 1913 1688 1960; x_wconf 78' lang='lat' dir='ltr'>gratis</span> <span class='ocrx_word' id='word_1_486' title='bbox 1710 1920 1740 1947; x_wconf 90' lang='lat' dir='ltr'>et</span> <span class='ocrx_word' id='word_1_487' title='bbox 1755 1923 1844 1958; x_wconf 83' lang='lat' dir='ltr'>gran-</span> 
     </span>
     <span class='ocr_line' id='line_1_90' title="bbox 1093 1963 1842 2014; baseline -0.011 -11"><span class='ocrx_word' id='word_1_488' title='bbox 1093 1968 1187 2003; x_wconf 85' lang='lat' dir='ltr'>dibus</span> <span class='ocrx_word' id='word_1_489' title='bbox 1227 1967 1378 2014; x_wconf 87' lang='lat' dir='ltr'>impensis</span> <span class='ocrx_word' id='word_1_490' title='bbox 1407 1965 1460 2000; x_wconf 91' lang='lat' dir='ltr'>tibi</span> <span class='ocrx_word' id='word_1_491' title='bbox 1495 1963 1682 1999; x_wconf 88' lang='lat' dir='ltr'>muneribus</span> <span class='ocrx_word' id='word_1_492' title='bbox 1720 1973 1842 1997; x_wconf 92' lang='lat' dir='ltr'>recom-</span> 
     </span>
     <span class='ocr_line' id='line_1_91' title="bbox 1095 2011 1843 2065; baseline -0.012 -12"><span class='ocrx_word' id='word_1_493' title='bbox 1095 2030 1219 2065; x_wconf 78' lang='lat' dir='ltr'>penses.</span> <span class='ocrx_word' id='word_1_494' title='bbox 1244 2017 1383 2062; x_wconf 90' lang='lat' dir='ltr'>Populos</span> <span class='ocrx_word' id='word_1_495' title='bbox 1405 2027 1533 2062; x_wconf 87' lang='lat' dir='ltr'>quoqne</span> <span class='ocrx_word' id='word_1_496' title='bbox 1556 2014 1585 2047; x_wconf 92' lang='lat' dir='ltr'>in</span> <span class='ocrx_word' id='word_1_497' title='bbox 1609 2012 1763 2060; x_wconf 81' lang='lat' dir='ltr'>aequitate</span> <span class='ocrx_word' id='word_1_498' title='bbox 1794 2011 1843 2045; x_wconf 91' lang='lat' dir='ltr'>iu-</span> 
     </span>
     <span class='ocr_line' id='line_1_92' title="bbox 1094 2060 1844 2113; baseline -0.011 -11"><span class='ocrx_word' id='word_1_499' title='bbox 1094 2068 1191 2107; x_wconf 87' lang='lat' dir='ltr'>dices,</span> <span class='ocrx_word' id='word_1_500' title='bbox 1218 2074 1247 2101; x_wconf 86' lang='lat' dir='ltr'>et</span> <span class='ocrx_word' id='word_1_501' title='bbox 1275 2066 1393 2113; x_wconf 82' lang='lat' dir='ltr'>dirigas</span> <span class='ocrx_word' id='word_1_502' title='bbox 1415 2067 1444 2099; x_wconf 93' lang='lat' dir='ltr'>in</span> <span class='ocrx_word' id='word_1_503' title='bbox 1474 2064 1563 2098; x_wconf 85' lang='lat' dir='ltr'>terris</span> <span class='ocrx_word' id='word_1_504' title='bbox 1602 2062 1658 2096; x_wconf 90' lang='lat' dir='ltr'>tibi</span> <span class='ocrx_word' id='word_1_505' title='bbox 1693 2060 1844 2096; x_wconf 88' lang='lat' dir='ltr'>subiectis</span> 
     </span>
     <span class='ocr_line' id='line_1_93' title="bbox 1093 2110 1844 2164; baseline -0.012 -12"><span class='ocrx_word' id='word_1_506' title='bbox 1093 2118 1234 2164; x_wconf 80' lang='lat' dir='ltr'>gentium</span> <span class='ocrx_word' id='word_1_507' title='bbox 1252 2116 1393 2151; x_wconf 86' lang='lat' dir='ltr'>nationes</span> <span class='ocrx_word' id='word_1_508' title='bbox 1408 2114 1444 2150; x_wconf 88' lang='lat' dir='ltr'>ad</span> <span class='ocrx_word' id='word_1_509' title='bbox 1462 2114 1590 2153; x_wconf 72' lang='lat' dir='ltr'>bonum,</span> <span class='ocrx_word' id='word_1_510' title='bbox 1613 2123 1648 2147; x_wconf 92' lang='lat' dir='ltr'>ac</span> <span class='ocrx_word' id='word_1_511' title='bbox 1666 2110 1740 2145; x_wconf 88' lang='lat' dir='ltr'>alias</span> <span class='ocrx_word' id='word_1_512' title='bbox 1761 2121 1844 2145; x_wconf 92' lang='lat' dir='ltr'>com-</span> 
     </span>
     <span class='ocr_line' id='line_1_94' title="bbox 1095 2159 1843 2212; baseline -0.013 -10"><span class='ocrx_word' id='word_1_513' title='bbox 1095 2168 1187 2202; x_wconf 84' lang='lat' dir='ltr'>missa</span> <span class='ocrx_word' id='word_1_514' title='bbox 1216 2165 1269 2200; x_wconf 89' lang='lat' dir='ltr'>tibi</span> <span class='ocrx_word' id='word_1_515' title='bbox 1294 2166 1381 2212; x_wconf 79' lang='lat' dir='ltr'>regni</span> <span class='ocrx_word' id='word_1_516' title='bbox 1412 2172 1442 2199; x_wconf 80' lang='lat' dir='ltr'>et</span> <span class='ocrx_word' id='word_1_517' title='bbox 1479 2162 1602 2210; x_wconf 86' lang='lat' dir='ltr'>imperii</span> <span class='ocrx_word' id='word_1_518' title='bbox 1631 2159 1843 2207; x_wconf 76' lang='lat' dir='ltr'>gubernacula</span> 
     </span>
     <span class='ocr_line' id='line_1_95' title="bbox 1094 2209 1840 2264; baseline -0.012 -12"><span class='ocrx_word' id='word_1_519' title='bbox 1094 2216 1244 2264; x_wconf 77' lang='lat' dir='ltr'>congruis</span> <span class='ocrx_word' id='word_1_520' title='bbox 1272 2214 1469 2263; x_wconf 87' lang='lat' dir='ltr'>temporibus</span> <span class='ocrx_word' id='word_1_521' title='bbox 1495 2213 1540 2247; x_wconf 87' lang='lat' dir='ltr'>sic</span> <span class='ocrx_word' id='word_1_522' title='bbox 1574 2209 1773 2246; x_wconf 84' lang='lat' dir='ltr'>laudabiliter</span> <span class='ocrx_word' id='word_1_523' title='bbox 1811 2216 1840 2243; x_wconf 87' lang='lat' dir='ltr'>et</span> 
     </span>
     <span class='ocr_line' id='line_1_96' title="bbox 1095 2258 1843 2312; baseline -0.013 -11"><span class='ocrx_word' id='word_1_524' title='bbox 1095 2267 1212 2302; x_wconf 85' lang='lat' dir='ltr'>utiliter</span> <span class='ocrx_word' id='word_1_525' title='bbox 1240 2265 1418 2312; x_wconf 78' lang='lat' dir='ltr'>exequaris,</span> <span class='ocrx_word' id='word_1_526' title='bbox 1455 2261 1539 2310; x_wconf 88' lang='lat' dir='ltr'>quod</span> <span class='ocrx_word' id='word_1_527' title='bbox 1584 2269 1727 2296; x_wconf 85' lang='lat' dir='ltr'>aeternae</span> <span class='ocrx_word' id='word_1_528' title='bbox 1762 2258 1843 2292; x_wconf 81' lang='lat' dir='ltr'>vitae</span> 
     </span>
     <span class='ocr_line' id='line_1_97' title="bbox 1097 2309 1842 2364; baseline -0.013 -13"><span class='ocrx_word' id='word_1_529' title='bbox 1097 2317 1283 2364; x_wconf 87' lang='lat' dir='ltr'>praemium,</span> <span class='ocrx_word' id='word_1_530' title='bbox 1302 2314 1389 2350; x_wconf 90' lang='lat' dir='ltr'>Illius</span> <span class='ocrx_word' id='word_1_531' title='bbox 1417 2313 1471 2348; x_wconf 90' lang='lat' dir='ltr'>tibi</span> <span class='ocrx_word' id='word_1_532' title='bbox 1495 2312 1618 2346; x_wconf 82' lang='lat' dir='ltr'>dextera</span> <span class='ocrx_word' id='word_1_533' title='bbox 1642 2309 1842 2355; x_wconf 78' lang='lat' dir='ltr'>suffragante,</span> 
     </span>
    </p>
   </div>
   <div class='ocr_carea' id='block_1_9' title="bbox 1094 2387 1843 2710">
    <p class='ocr_par' dir='ltr' id='par_1_13' title="bbox 1094 2387 1843 2710">
     <span class='ocr_line' id='line_1_98' title="bbox 1130 2387 1843 2432; baseline -0.014 -9"><span class='ocrx_word' id='word_1_534' title='bbox 1130 2397 1168 2432; x_wconf 85' lang='lat' dir='ltr'>(l)</span> <span class='ocrx_word' id='word_1_535' title='bbox 1186 2396 1249 2422; x_wconf 77' lang='lat' dir='ltr'>Aliis</span> <span class='ocrx_word' id='word_1_536' title='bbox 1266 2394 1348 2421; x_wconf 85' lang='lat' dir='ltr'>literis</span> <span class='ocrx_word' id='word_1_537' title='bbox 1367 2393 1409 2419; x_wconf 87' lang='lat' dir='ltr'>die</span> <span class='ocrx_word' id='word_1_538' title='bbox 1429 2392 1518 2419; x_wconf 88' lang='lat' dir='ltr'>eadem</span> <span class='ocrx_word' id='word_1_539' title='bbox 1536 2391 1613 2421; x_wconf 79' lang='lat' dir='ltr'>datis,</span> <span class='ocrx_word' id='word_1_540' title='bbox 1632 2396 1699 2423; x_wconf 82' lang='lat' dir='ltr'>quae</span> <span class='ocrx_word' id='word_1_541' title='bbox 1719 2387 1843 2421; x_wconf 70' lang='lat' dir='ltr'>leguntur</span> 
     </span>
     <span class='ocr_line' id='line_1_99' title="bbox 1094 2428 1843 2472; baseline -0.012 -9"><span class='ocrx_word' id='word_1_542' title='bbox 1094 2437 1163 2472; x_wconf 84' lang='lat' dir='ltr'>apud</span> <span class='ocrx_word' id='word_1_543' title='bbox 1184 2436 1320 2466; x_wconf 67' lang='lat' dir='ltr'>Bzovffim,</span> <span class='ocrx_word' id='word_1_544' title='bbox 1334 2433 1481 2460; x_wconf 85' lang='lat' dir='ltr'>Bonifacius</span> <span class='ocrx_word' id='word_1_545' title='bbox 1497 2438 1589 2458; x_wconf 88' lang='lat' dir='ltr'>omnes</span> <span class='ocrx_word' id='word_1_546' title='bbox 1606 2430 1726 2460; x_wconf 83' lang='lat' dir='ltr'>uniones,</span> <span class='ocrx_word' id='word_1_547' title='bbox 1737 2428 1843 2455; x_wconf 82' lang='lat' dir='ltr'>confoe-</span> 
     </span>
     <span class='ocr_line' id='line_1_100' title="bbox 1094 2468 1842 2507; baseline -0.012 -4"><span class='ocrx_word' id='word_1_548' title='bbox 1094 2477 1255 2507; x_wconf 82' lang='lat' dir='ltr'>derationes,</span> <span class='ocrx_word' id='word_1_549' title='bbox 1280 2475 1419 2501; x_wconf 85' lang='lat' dir='ltr'>societates</span> <span class='ocrx_word' id='word_1_550' title='bbox 1446 2476 1471 2498; x_wconf 51' lang='lat' dir='ltr'>et¹</span> <span class='ocrx_word' id='word_1_551' title='bbox 1491 2472 1625 2506; x_wconf 82' lang='lat' dir='ltr'>pactiones</span> <span class='ocrx_word' id='word_1_552' title='bbox 1644 2477 1703 2496; x_wconf 87' lang='lat' dir='ltr'>cum</span> <span class='ocrx_word' id='word_1_553' title='bbox 1729 2468 1842 2503; x_wconf 85' lang='lat' dir='ltr'>quibus-</span> 
     </span>
     <span class='ocr_line' id='line_1_101' title="bbox 1094 2508 1843 2551; baseline -0.011 -9"><span class='ocrx_word' id='word_1_554' title='bbox 1094 2525 1210 2551; x_wconf 82' lang='lat' dir='ltr'>enmqne</span> <span class='ocrx_word' id='word_1_555' title='bbox 1236 2515 1342 2549; x_wconf 76' lang='lat' dir='ltr'>regibus</span> <span class='ocrx_word' id='word_1_556' title='bbox 1357 2516 1402 2539; x_wconf 87' lang='lat' dir='ltr'>aut</span> <span class='ocrx_word' id='word_1_557' title='bbox 1419 2511 1592 2547; x_wconf 85' lang='lat' dir='ltr'>principibus,</span> <span class='ocrx_word' id='word_1_558' title='bbox 1611 2511 1635 2536; x_wconf 88' lang='lat' dir='ltr'>in</span> <span class='ocrx_word' id='word_1_559' title='bbox 1653 2508 1843 2544; x_wconf 84' lang='lat' dir='ltr'>praeiudicium</span> 
     </span>
     <span class='ocr_line' id='line_1_102' title="bbox 1096 2548 1842 2586; baseline -0.012 -3"><span class='ocrx_word' id='word_1_560' title='bbox 1096 2559 1228 2583; x_wconf 81' lang='lat' dir='ltr'>Romanae</span> <span class='ocrx_word' id='word_1_561' title='bbox 1248 2554 1323 2582; x_wconf 87' lang='lat' dir='ltr'>Sedis</span> <span class='ocrx_word' id='word_1_562' title='bbox 1338 2556 1364 2580; x_wconf 84' lang='lat' dir='ltr'>et</span> <span class='ocrx_word' id='word_1_563' title='bbox 1386 2553 1488 2586; x_wconf 87' lang='lat' dir='ltr'>imperii</span> <span class='ocrx_word' id='word_1_564' title='bbox 1512 2551 1544 2577; x_wconf 87' lang='lat' dir='ltr'>ab</span> <span class='ocrx_word' id='word_1_565' title='bbox 1560 2550 1653 2577; x_wconf 88' lang='lat' dir='ltr'>eodem</span> <span class='ocrx_word' id='word_1_566' title='bbox 1676 2549 1784 2576; x_wconf 81' lang='lat' dir='ltr'>Alberto</span> <span class='ocrx_word' id='word_1_567' title='bbox 1801 2548 1842 2575; x_wconf 78' lang='lat' dir='ltr'>fa-</span> 
     </span>
     <span class='ocr_line' id='line_1_103' title="bbox 1094 2588 1843 2629; baseline -0.012 -6"><span class='ocrx_word' id='word_1_568' title='bbox 1094 2601 1158 2628; x_wconf 85' lang='lat' dir='ltr'>ctas,</span> <span class='ocrx_word' id='word_1_569' title='bbox 1179 2597 1312 2629; x_wconf 85' lang='lat' dir='ltr'>etiamque</span> <span class='ocrx_word' id='word_1_570' title='bbox 1329 2594 1475 2619; x_wconf 85' lang='lat' dir='ltr'>iuramento</span> <span class='ocrx_word' id='word_1_571' title='bbox 1495 2591 1622 2622; x_wconf 79' lang='lat' dir='ltr'>firmatas,</span> <span class='ocrx_word' id='word_1_572' title='bbox 1644 2590 1768 2621; x_wconf 81' lang='lat' dir='ltr'>irritavit,</span> <span class='ocrx_word' id='word_1_573' title='bbox 1785 2588 1843 2615; x_wconf 81' lang='lat' dir='ltr'>nul-</span> 
     </span>
     <span class='ocr_line' id='line_1_104' title="bbox 1095 2630 1843 2671; baseline -0.012 -7"><span class='ocrx_word' id='word_1_574' title='bbox 1095 2638 1131 2664; x_wconf 85' lang='lat' dir='ltr'>las</span> <span class='ocrx_word' id='word_1_575' title='bbox 1141 2637 1219 2668; x_wconf 76' lang='lat' dir='ltr'>dixit,</span> <span class='ocrx_word' id='word_1_576' title='bbox 1236 2640 1261 2663; x_wconf 84' lang='lat' dir='ltr'>et</span> <span class='ocrx_word' id='word_1_577' title='bbox 1277 2641 1463 2671; x_wconf 81' lang='lat' dir='ltr'>quaecumque</span> <span class='ocrx_word' id='word_1_578' title='bbox 1475 2633 1619 2659; x_wconf 85' lang='lat' dir='ltr'>iuramenta</span> <span class='ocrx_word' id='word_1_579' title='bbox 1631 2630 1843 2665; x_wconf 78' lang='lat' dir='ltr'>quibuscumque</span> 
     </span>
     <span class='ocr_line' id='line_1_105' title="bbox 1095 2673 1484 2710; baseline -0.008 -8"><span class='ocrx_word' id='word_1_580' title='bbox 1095 2678 1184 2704; x_wconf 71' lang='lat' dir='ltr'>verbis</span> <span class='ocrx_word' id='word_1_581' title='bbox 1203 2679 1327 2710; x_wconf 82' lang='lat' dir='ltr'>concepta</span> <span class='ocrx_word' id='word_1_582' title='bbox 1346 2673 1484 2700; x_wconf 64' lang='lat' dir='ltr'>retaxavit.</span> 
     </span>
    </p>
   </div>
   <div class='ocr_carea' id='block_1_10' title="bbox 1847 262 2026 290">
    <p class='ocr_par' dir='ltr' id='par_1_14' title="bbox 1847 262 2026 290">
     <span class='ocr_line' id='line_1_106' title="bbox 1847 262 2026 290; baseline -0.011 0"><span class='ocrx_word' id='word_1_583' title='bbox 1847 263 1896 290; x_wconf 84' lang='grc' dir='ltr'>Λη,</span> <span class='ocrx_word' id='word_1_584' title='bbox 1912 262 1938 289; x_wconf 88' lang='lat' dir='ltr'>C.</span> <span class='ocrx_word' id='word_1_585' title='bbox 1961 262 2026 289; x_wconf 70' lang='lat'>¹305</span> 
     </span>
    </p>
   </div>
   <div class='ocr_carea' id='block_1_11' title="bbox 1845 430 2030 547">
    <p class='ocr_par' dir='ltr' id='par_1_15' title="bbox 1845 430 2030 547">
     <span class='ocr_line' id='line_1_107' title="bbox 1858 430 2030 455; baseline -0.006 -6"><span class='ocrx_word' id='word_1_586' title='bbox 1858 430 1896 455; x_wconf 76' lang='lat' dir='ltr'>Qui</span> <span class='ocrx_word' id='word_1_587' title='bbox 1923 432 2030 449; x_wconf 57' lang='lat' dir='ltr'>interven-</span> 
     </span>
     <span class='ocr_line' id='line_1_108' title="bbox 1846 459 2029 480; baseline -0.005 0"><span class='ocrx_word' id='word_1_588' title='bbox 1846 463 1917 480; x_wconf 73' lang='lat' dir='ltr'>neraut</span> <span class='ocrx_word' id='word_1_589' title='bbox 1933 460 1952 479; x_wconf 79' lang='lat' dir='ltr'>in</span> <span class='ocrx_word' id='word_1_590' title='bbox 1969 459 2029 479; x_wconf 74' lang='lat' dir='ltr'>elec-</span> 
     </span>
     <span class='ocr_line' id='line_1_109' title="bbox 1846 491 2028 511; baseline -0.011 0"><span class='ocrx_word' id='word_1_591' title='bbox 1846 492 1903 511; x_wconf 68' lang='lat' dir='ltr'>tione</span> <span class='ocrx_word' id='word_1_592' title='bbox 1912 491 1984 510; x_wconf 74' lang='lat' dir='ltr'>eudem</span> <span class='ocrx_word' id='word_1_593' title='bbox 1995 492 2028 510; x_wconf 39' lang='lat' dir='ltr'>der</span> 
     </span>
     <span class='ocr_line' id='line_1_110' title="bbox 1845 521 2020 547; baseline -0.017 -5"><span class='ocrx_word' id='word_1_594' title='bbox 1845 521 1913 542; x_wconf 68' lang='lat' dir='ltr'>stetis</span> <span class='ocrx_word' id='word_1_595' title='bbox 1939 522 2020 547; x_wconf 68' lang='lat' dir='ltr'>supplet</span> 
     </span>
    </p>
   </div>
   <div class='ocr_carea' id='block_1_12' title="bbox 1849 1070 2034 1277">
    <p class='ocr_par' dir='ltr' id='par_1_16' title="bbox 1849 1070 2034 1246">
     <span class='ocr_line' id='line_1_111' title="bbox 1863 1070 2033 1095; baseline -0.012 -4"><span class='ocrx_word' id='word_1_596' title='bbox 1863 1070 1911 1091; x_wconf 74' lang='lat' dir='ltr'>Eum</span> <span class='ocrx_word' id='word_1_597' title='bbox 1927 1070 1951 1090; x_wconf 70' lang='lat' dir='ltr'>ed</span> <span class='ocrx_word' id='word_1_598' title='bbox 1976 1074 2033 1095; x_wconf 62' lang='lat' dir='ltr'>grata</span> 
     </span>
     <span class='ocr_line' id='line_1_112' title="bbox 1850 1099 2030 1127; baseline -0.017 -5"><span class='ocrx_word' id='word_1_599' title='bbox 1850 1107 1899 1127; x_wconf 70' lang='lat' dir='ltr'>erga</span> <span class='ocrx_word' id='word_1_600' title='bbox 1916 1099 2030 1120; x_wconf 70' lang='lat' dir='ltr'>Ecclesiam</span> 
     </span>
     <span class='ocr_line' id='line_1_113' title="bbox 1849 1131 2034 1159; baseline -0.022 -6"><span class='ocrx_word' id='word_1_601' title='bbox 1849 1132 1974 1159; x_wconf 70' lang='lat' dir='ltr'>explicanda</span> <span class='ocrx_word' id='word_1_602' title='bbox 1991 1131 2034 1150; x_wconf 64' lang='lat' dir='ltr'>otii&lt;</span> 
     </span>
     <span class='ocr_line' id='line_1_114' title="bbox 1850 1164 2033 1189; baseline -0.022 -4"><span class='ocrx_word' id='word_1_603' title='bbox 1850 1166 1888 1189; x_wconf 66' lang='lat' dir='ltr'>cla,</span> <span class='ocrx_word' id='word_1_604' title='bbox 1914 1169 1937 1183; x_wconf 70' lang='lat' dir='ltr'>as·</span> <span class='ocrx_word' id='word_1_605' title='bbox 1965 1164 2033 1188; x_wconf 61' lang='lat' dir='ltr'>impe&gt;</span> 
     </span>
     <span class='ocr_line' id='line_1_115' title="bbox 1849 1193 2032 1216; baseline -0.027 0"><span class='ocrx_word' id='word_1_606' title='bbox 1849 1197 1901 1216; x_wconf 69' lang='lat' dir='ltr'>:turn</span> <span class='ocrx_word' id='word_1_607' title='bbox 1917 1197 1976 1214; x_wconf 78' lang='lat' dir='ltr'>reete</span> <span class='ocrx_word' id='word_1_608' title='bbox 1994 1193 2032 1212; x_wconf 85' lang='lat' dir='ltr'>ad-</span> 
     </span>
     <span class='ocr_line' id='line_1_116' title="bbox 1863 1224 2020 1246; baseline -0.019 0"><span class='ocrx_word' id='word_1_609' title='bbox 1863 1224 2020 1246; x_wconf 71' lang='lat' dir='ltr'>ministrandum</span> 
     </span>
    </p>

    <p class='ocr_par' dir='ltr' id='par_1_17' title="bbox 1864 1257 1966 1277">
     <span class='ocr_line' id='line_1_117' title="bbox 1864 1257 1966 1277; baseline -0.029 0"><span class='ocrx_word' id='word_1_610' title='bbox 1864 1257 1966 1277; x_wconf 32' lang='lat' dir='ltr'>hortatur,</span> 
     </span>
    </p>
   </div>
  </div>
 </body>
</html>
