2274 3265
132 296 180 319 An.
205 293 232 318 C.
250 292 314 318 13711

163 396 279 417 clausulae.

934 285 1123 310 (maritimrs
1145 285 1174 306 ΧΙ
1199 285 1246 306 Pi».

378 345 398 392 S
421 350 453 380 5.
480 344 564 380 Nulli
587 356 662 390 ergo
690 345 818 378 omniuo
847 344 1008 378 bominum
1040 342 1078 375 li-

329 404 396 430 ceat
410 395 490 429 banc
505 394 650 441 paginam
676 403 798 427 nostrae
817 392 1013 427 inhibitionis
1031 392 1078 425 in-

329 445 464 491 fringere
486 452 538 478 etc.

379 494 491 529 Datum
516 493 677 532 Aviuioui,
703 493 846 527 kalendis
865 492 978 531 martii,
1004 503 1079 538 pon-

330 544 463 578 tificatus
491 543 586 577 nostri
609 555 690 576 antio
713 551 834 590 quarto.

377 606 437 635 Dal.
457 606 503 635 die
523 606 535 634 1
556 605 651 634 martii
672 604 757 641 1374,
775 604 875 644 pontis.
895 613 971 634 anno
991 612 1026 632 tv.

649 784 758 818 XVlll.

328 867 374 899 De
401 868 583 901 auctoritate
615 874 640 900 et
676 868 874 910 facultatibus
900 877 1079 910 niunereque

376 918 520 962 mayi'stri
546 918 697 961 generalis
720 925 745 949 et
767 918 898 950 aliorum
920 917 1078 960 praelato-

376 979 444 1000 rum
462 968 598 1011 fratrum
614 967 868 1000 Praedicatortmz
889 966 1017 1000 Ordinis
1041 966 1076 998 S.

378 1018 546 1055 Domim‘ci‘,
572 1017 740 1060 qratiisque
761 1023 786 1048 et
807 1017 978 1060 privilegiis
997 1016 1078 1048 eius-

375 1068 441 1100 dem
465 1067 607 1100 Ordinis.

595 1144 808 1174 suilltstntttlt

328 1208 515 1238 Prooemium.
547 1224 585 1229 —
619 1209 644 1237 1.
674 1207 786 1237 Causae
815 1207 904 1236 liuius
931 1207 1076 1236 constitu·

366 1253 464 1282 tionis.
481 1270 520 1275 —
541 1253 568 1282 2.
587 1252 724 1290 Magister
747 1252 894 1290 generalis
923 1252 1021 1281 statim
1045 1261 1077 1281 ac

365 1298 454 1327 suerit
471 1297 591 1332 electus,
604 1296 723 1326 Ordinis
743 1297 873 1334 regimen
890 1298 1025 1326 assumit.
1042 1313 1079 1318 —

365 1342 391 1371 3.
412 1341 480 1371 Eius
504 1343 611 1371 amotio
635 1342 669 1371 ad
690 1342 860 1371 definitores
877 1340 995 1371 Ordinis
1012 1351 1078 1380 spe-

365 1391 431 1415 ctat.
449 1403 487 1407 —
501 1387 529 1416 4.
549 1387 681 1415 Lectores
698 1386 808 1425 ubique
828 1386 940 1424 absque
959 1386 1076 1415 licentia

364 1431 585 1460 doceam—5.
604 1431 634 1460 ln
654 1432 690 1460 iis
713 1441 788 1470 quae
808 1431 938 1460 instituta
960 1431 1078 1460 Ordinis

363 1476 526 1515 respiciunt
554 1476 694 1505 ordinarii
725 1476 855 1504 locorum
886 1484 993 1504 senon
1019 1476 1076 1504 im-

365 1520 517 1549 misceant.
532 1537 571 1542 —
586 1521 614 1550 6.
636 1520 673 1549 De
693 1521 823 1559 priorum
841 1520 1076 1549 confirmatione.

363 1581 402 1586 —
432 1565 456 1594 7.
477 1564 634 1595 Vocalibus
659 1565 743 1602 longe
766 1564 939 1594 absentibus
964 1569 1078 1603 tempus

364 1618 422 1638 non
445 1610 547 1639 currit.
565 1627 603 1631 —
626 1610 652 1639 8.
671 1609 787 1638 Fratres
811 1609 922 1647 absque
945 1609 1078 1638 examine

365 1654 400 1683 ad
424 1655 543 1684 ordines
578 1654 779 1694 promovendi.
811 1670 850 1676 —-
881 1654 908 1683 9.
942 1653 979 1683 De
1008 1663 1076 1683 ora-

366 1699 457 1728 toriis.
489 1716 527 1721 —-
559 1699 605 1729 10.
628 1698 771 1738 Tempore
804 1698 950 1728 interdicti
984 1699 1077 1728 sacris

366 1749 490 1782 possunt
512 1745 636 1784 operari.
665 1761 704 1766 —
731 1744 777 1773 11.
804 1743 941 1774 Facultas
976 1744 1077 1783 praela-

366 1793 460 1818 torum
487 1789 659 1819 absolvendi
689 1789 812 1818 fratres:
835 1806 872 1810 —
894 1788 937 1818 1⁹2.
956 1788 988 1818 Et
1016 1789 1076 1818 fra-

367 1839 440 1862 trum
458 1834 537 1873 ipsos
557 1833 729 1863 absolvendi
749 1833 904 1872 praelatos:
921 1850 960 1854 —
976 1833 1021 1863 13.
1038 1834 1077 1863 Ac

365 1879 559 1916 praelatorum
580 1878 750 1908 absolvendi
771 1878 798 1906 in
823 1879 919 1916 ipsum
937 1878 1075 1908 Ordinem

364 1923 554 1960 cooptandos.
585 1923 692 1951 -14,
726 1923 748 1951 A
771 1922 921 1951 nonnullis
952 1924 1075 1961 exempti

364 1962 552 1992 declarantur
585 1963 699 1992 fratres.
728 1979 766 1984 -—
798 1962 844 1991 15.
869 1962 991 1991 l'raelati
1019 1962 1075 1992 Or-

365 2002 443 2032 dinis
479 2009 618 2032 revocant
651 2003 755 2032 fratres
793 2006 870 2031 extra
906 2012 972 2031 eunt
1010 2013 1075 2031 mo-

365 2048 472 2072 rantes.
491 2060 531 2064 —
556 2044 601 2072 16.
621 2043 698 2072 ldem
729 2042 869 2071 demissis
897 2043 931 2071 ad
963 2044 1076 2080 praedi-

364 2084 510 2118 candum,
533 2082 778 2122 inquisitoribus,
800 2087 850 2110 ete.
868 2099 907 2103 —
932 2083 977 2112 17.
1006 2082 1076 2112 Pro-

365 2123 436 2152 sessi
455 2124 627 2153 recedentes
641 2123 675 2151 ab
694 2121 802 2152 Ordine
822 2122 933 2161 absque
958 2123 1074 2153 licentia

363 2169 539 2192 coercentur
556 2173 613 2192 una
647 2172 712 2192 cum
732 2172 783 2192 eos
807 2162 1010 2192 retinentibus:
1037 2180 1076 2185 —

365 2203 409 2232 18.
432 2202 502 2232 llem
527 2204 666 2233 licentiati
690 2204 714 2232 si
738 2203 771 2232 ad
795 2203 969 2232 strictiorem
993 2203 1075 2233 Ordi-

364 2252 429 2272 nem
455 2253 511 2273 non
531 2244 708 2273 transierint:
726 2260 765 2264 —
788 2243 833 2272 19.
851 2243 918 2272 116111
935 2248 1074 2282 apostatae

364 2283 400 2312 ab
424 2281 543 2313 Ordine.
566 2301 604 2305 —
632 2283 679 2313 ⁶20.
710 2283 797 2312 Eiecti
822 2283 863 2312 vel
893 2284 1004 2320 egressi
1038 2284 1073 2313 ab

365 2322 474 2353 Ordine
497 2333 554 2353 non
578 2323 757 2363 praedicent,
777 2332 829 2352 nec
850 2323 878 2352 in
895 2325 962 2353 aliis
985 2324 1073 2353 Ordi-

365 2363 452 2393 nibus
471 2365 662 2403 recipiantur.
690 2381 728 2385 —
756 2364 802 2392 21.
822 2362 943 2393 Habitus
967 2364 1074 2393 similis

366 2404 431 2433 aliis
449 2404 633 2434 interdictus
657 2421 694 2425 —
722 2404 769 2433 22.
788 2404 864 2432 Ordo
890 2404 1074 2433 Praedicato-

365 2453 430 2473 rum
453 2454 467 2473 a
488 2445 611 2474 decimis
631 2450 793 2483 exemptus.
814 2444 912 2474 —23.
932 2444 969 2473 De
989 2444 1074 2474 bonis

364 2484 502 2514 Ordinem
523 2485 730 2524 profitentium.
749 2501 787 2506 —
808 2484 855 2513 ⁹24.
873 2484 1027 2523 Sepultura
1045 2486 1073 2514 in

366 2525 437 2555 locis
455 2524 574 2555 Ordinis
591 2527 697 2564 cuique
718 2525 819 2554 libera.
838 2541 875 2546 —-
893 2525 940 2554 25.
956 2524 1073 2554 Caetera

365 2566 511 2596 defunctis
534 2576 586 2606 per
609 2567 688 2604 ipsos
715 2565 833 2595 Ordinis
862 2565 964 2595 fratres
993 2575 1075 2604 prae-

366 2607 476 2635 standa.
491 2623 530 2628 —
544 2607 591 2636 ⁹26.
608 2606 646 2635 De
665 2605 903 2635 confessionibus
923 2606 1073 2635 faciendis.

365 2663 403 2668 —
420 2646 467 2675 ⁹27.
492 2647 652 2676 Libertates
673 2645 833 2675 nonnullae
852 2644 953 2675 Ordini
970 2655 1074 2675 conce-

366 2687 483 2716 duntur.
501 2704 540 2709 —
557 2687 603 2716 28.
622 2686 771 2725 Exemptio
787 2696 800 2715 a
821 2695 1006 2725 quacumque
1026 2695 1074 2715 so—

1751 270 1819 302 567

1164 339 1275 368 lulione
1303 338 1345 367 vel
1366 347 1463 367 onere.
1485 354 1523 359 ——
1545 337 1591 366 20.
1618 336 1657 365 De
1681 336 1871 365 translatione

1162 382 1306 412 bonorum
1331 387 1357 412 et
1381 381 1517 411 domibus
1545 381 1737 410 dimittendis.
1768 396 1808 402 —
1825 380 1871 409 30.

1161 426 1310 465 Exemptio
1327 437 1340 456 a
1361 426 1553 455 subventione
1578 425 1751 461 legatorum,
1769 429 1820 453 etc.
1835 441 1874 446 —

1162 472 1208 500 3l.
1237 471 1385 510 Exemptio
1409 481 1423 499 a
1451 471 1568 500 iudiciis
1587 470 1812 499 ordinariorum.
1835 486 1874 491 —

1161 515 1208 544 32.
1224 516 1368 545 Attentata
1389 516 1417 545 in
1433 516 1612 544 contrarium
1631 514 1793 544 irritantur.

1119 581 1265 616 Gregorius
1296 582 1437 617 episcopus
1460 588 1555 610 servus
1577 587 1716 609 servorum
1745 580 1808 612 Dei.
1833 580 1872 608 di·

1166 627 1248 656 lectis
1270 627 1335 655 filiis
1354 627 1500 662 magistro.
1520 625 1659 661 prioribus
1683 627 1711 654 et
1736 625 1874 654 fratribus

1165 672 1300 701 universis
1320 672 1426 700 ordinis
1443 671 1673 703 Praedicatorum.
1696 670 1816 698 salutem
1844 671 1873 698 et

1165 717 1346 753 apostoticam
1366 717 1588 745 benedictionem.

1170 785 1291 819 Virtute
1319 784 1509 831 conspicuos
1530 783 1608 817 sacri
1633 783 1724 817 vestri
1741 781 1872 816 Ordinis

1122 834 1327 882 professores,
1343 835 1396 881 qui
1413 832 1673 879 contemplationi
1688 831 1870 866 caelestium

1122 886 1276 919 ferventer
1304 884 1481 930 invigilant,
1511 891 1539 917 et
1564 882 1630 928 piae
1659 882 1739 917 vitae
1766 881 1872 916 studio

1120 935 1189 969 sine
1227 934 1459 969 intermissione
1495 933 1661 974 desudant,
1700 931 1791 966 decet
1820 943 1874 977 per

1121 984 1310 1031 apostolicae
1333 983 1625 1029 circumspectionis
1652 981 1804 1016 auxilium
1828 981 1873 1015 sic

1123 1034 1251 1082 provide
1275 1033 1366 1079 dirigi
1386 1042 1415 1068 et
1438 1033 1558 1066 solicite
1580 1031 1751 1072 confoveri,
1768 1030 1876 1071 ut‚ali-

1121 1084 1211 1118 cuius
1235 1091 1394 1130 praetextu
1426 1082 1614 1125 calumniae,
1637 1080 1760 1115 nullum
1778 1081 1875 1115 iuter—

1122 1146 1178 1168 nae
1210 1134 1296 1180 pacis
1324 1131 1482 1167 excidium
1517 1131 1704 1178 nullumque
1736 1130 1873 1176 religiosi

1120 1191 1220 1217 status
1248 1183 1405 1229 perferant
1432 1182 1670 1220 detrimentum,
1693 1180 1747 1214 sed
1772 1180 1801 1214 in
1827 1179 1874 1213 his

1123 1232 1216 1267 robur
1237 1241 1266 1266 et
1290 1233 1426 1277 vigorem
1451 1230 1598 1269 babeant,
1622 1242 1771 1277 perquae
1793 1230 1873 1264 circa

1121 1282 1239 1316 cultum
1267 1281 1361 1315 divini
1384 1280 1528 1315 Nominis
1555 1279 1675 1314 devotis
1702 1288 1732 1313 et
1758 1279 1874 1327 quietis

1122 1331 1280 1365 mentibus
1308 1331 1509 1364 invalescant.

1168 1380 1188 1427 g
1213 1383 1242 1414 1.
1272 1380 1353 1414 Η1116
1381 1388 1427 1413 est
1459 1379 1542 1426 quod
1567 1391 1651 1422 cum,
1678 1379 1760 1413 sicut
1782 1377 1873 1412 nohis

1120 1442 1277 1476 exponere
1312 1429 1488 1468 curavistis,
1516 1438 1562 1472 tu,
1590 1428 1631 1462 1111
1661 1429 1822 1474 magister,
1844 1437 1873 1463 et

1122 1480 1381 1526 praedecessores
1404 1479 1460 1523 tui,
1484 1479 1566 1512 iuxta
1582 1477 1725 1512 eiusdem
1744 1477 1874 1512 Ordinis

1121 1529 1385 1564 consuetudinem
1410 1528 1604 1562 observatam
1630 1528 1791 1570 hactenus,
1807 1540 1842 1562 ac
1858 1540 1873 1562 a

1120 1578 1203 1613 Sede
1215 1579 1394 1627 Apostolica
1406 1578 1581 1621 toleratam,
1594 1577 1696 1611 statim
1709 1586 1872 1624 postquam

1121 1629 1210 1663 electi
1238 1628 1414 1664 secundum
1452 1627 1600 1675 praedicti
1629 1627 1874 1662 constitutiones

1120 1677 1252 1713 Ordinis
1287 1678 1441 1719 extitistis,
1476 1676 1605 1712 fratrum
1637 1677 1737 1724 ipsius
1765 1689 1871 1712 curam

1120 1729 1295 1775 gesseritis,
1335 1728 1504 1773 magisterii
1540 1727 1675 1762 officium
1712 1727 1802 1773 plene
1837 1739 1872 1761 ac

1121 1779 1218 1812 libere
1255 1779 1284 1812 in
1313 1778 1462 1813 omnibus
1493 1785 1688 1818 exercentes,
1715 1777 1873 1824 iidemque

1121 1828 1229 1862 fratres
1255 1828 1344 1863 vobis
1365 1827 1478 1862 devote
1502 1840 1538 1861 ac
1559 1826 1721 1861 humiliter
1742 1826 1873 1861 obedie-

1121 1879 1181 1912 rint
1203 1887 1233 1912 et
1261 1878 1454 1912 intenderint
1488 1885 1676 1915 reverenter,
1699 1889 1735 1911 ac
1764 1877 1793 1910 in
1817 1888 1873 1911 eo—

1119 1927 1190 1961 dem
1202 1927 1323 1962 Ordine
1333 1929 1371 1962 sit
1384 1935 1587 1971 statutum,ut
1602 1927 1748 1971 magister
1760 1926 1871 1974 ipsius,

1118 1978 1170 2024 qui
1194 1990 1251 2025 pro
1273 1987 1414 2024 tempore
1439 1976 1543 2016 fuerit,
1567 1989 1581 2010 a
1606 1977 1776 2022 magisterii
1802 1975 1872 2010 offi-

1119 2028 1167 2062 cio
1194 2029 1329 2062 amoveri
1356 2027 1451 2061 valeat
1475 2025 1726 2061 adelinitoribus
1744 2026 1871 2074 capituli

1119 2077 1287 2123 generalis;

1166 2126 1241 2173 §2-
1277 2126 1341 2161 Nos
1368 2127 1509 2160 volentes
1535 2125 1749 2172 ambiguitatis
1781 2136 1871 2159 scru-

1119 2176 1225 2223 pulum
1263 2177 1292 2210 iu
1323 2177 1380 2210 bac
1409 2186 1493 2222 parte
1516 2176 1555 2209 de
1583 2176 1693 2209 vestris
1720 2174 1870 2209 cordibus

1117 2234 1290 2271 amputare,
1328 2239 1363 2261 ac
1388 2226 1542 2261 Ordinem
1571 2227 1673 2273 ipsum
1714 2224 1869 2271 praefatae

1118 2276 1193 2311 Scdi
1211 2277 1389 2311 immediate
1411 2277 1600 2314 subiectum,
1623 2288 1637 2309 a
1653 2275 1737 2310 Sede
1754 2286 1870 2323 appro-

1118 2326 1223 2360 batum
1256 2327 1378 2367 eadem,
1402 2326 1563 2360 honestate
1597 2326 1755 2368 floridum,
1778 2336 1870 2372 prae-

1115 2377 1233 2411 clarum
1253 2377 1379 2411 scientia
1402 2384 1431 2410 et
1459 2377 1571 2410 virtute
1588 2375 1783 2415 foecundum,
1803 2375 1870 2422 pri·-

1117 2426 1227 2472 vilegio
1262 2426 1450 2473 apostolicae
1476 2426 1591 2472 gratiae
1629 2425 1770 2460 attollere
1804 2424 1870 2459 sin-

1116 2477 1229 2522 gulari,
1257 2476 1367 2510 vestris
1399 2475 1683 2523 supplicationibus
1717 2475 1869 2514 inclinati,

1116 2526 1272 2560 devotioni
1308 2534 1426 2560 vestrae
1449 2525 1485 2560 ad
1516 2526 1612 2559 instar
1640 2525 1738 2559 felicis
1761 2537 1868 2560 recor-

1118 2575 1253 2610 dationis
1279 2575 1432 2610 Bonifacii
1469 2575 1539 2609 Vlll
1573 2584 1602 2609 et
1630 2575 1791 2610 Benedicti
1826 2574 1869 2609 XI

1117 2625 1250 2660 Roman.
1267 2625 1425 2669 Pontiae,
1445 2625 1721 2673 praedecessorum
1746 2633 1869 2660 nostro-

1119 2688 1199 2719 rum,
1224 2684 1254 2709 111
1275 2687 1472 2710 successores
1495 2675 1549 2715 tui,
1573 2675 1614 2709 fili
1640 2676 1795 2721 magister,
1814 2675 1867 2723 qui

1887 277 1937 303 Au.
1960 278 2070 305 615711

1912 790 2043 811 Pruoemium.

1900 1389 1980 1410 Cauzae
2013 1390 2072 1410 buius

1888 1422 2053 1441 constitutionis.

1898 2134 2069 2162 Magister-geue-

1885 2167 1935 2186 ralis
1951 2168 2020 2187 statim
2044 2174 2068 2188 ac

1884 2196 1946 2217 tuerit
1974 2198 2069 2220 electus,

1884 2228 2069 2255 Orliuisregimen

1885 2261 1972 2281 assumit.
