2274 3265
235 293 283 319 An.
302 292 329 318 (ἶ.
351 291 414 318 1385

263 693 370 712 tha-alae

262 2010 378 2030 Exordium.

481 282 550 312 594

430 347 544 379 dantur
577 343 718 388 indigni;
741 344 778 376 sit
802 343 845 376 eis
876 342 913 376 ad
945 341 1072 376 ordines
1095 350 1124 376 et
1146 342 1183 376 ad

432 395 618 428 bem-licium
645 392 689 425 rel
713 392 849 425 oflicium
870 391 1116 425 ecclesiasticum
1133 403 1184 424 ue-

429 453 519 487 gatus
554 453 723 475 aseensus:
760 449 800 483 et,
826 449 857 474 ut
879 440 979 485 magis
1003 440 1119 473 famosa
1145 440 1183 472 sit

429 504 537 526 vorum
563 491 702 533 infamia,
724 490 760 523 ad
786 498 873 523 artus
898 489 1054 535 legitimos
1078 489 1183 522 nullus

428 542 473 573 eis
500 548 598 586 pateat
625 540 740 578 aditus,
770 550 865 585 super
892 538 998 584 aliquo
1027 537 1181 584 praemis-

430 602 535 623 sorum
560 589 644 622 omui
675 600 730 634 spe
753 587 996 633 dispensationis
1023 587 1179 632 adempta.

477 642 496 683 ᾗ
520 641 551 671 3.
575 637 658 671 Nulli
674 650 748 682 ergo
764 637 893 670 omnino
913 636 1076 669 bominum
1094 636 1182 668 liceat

431 689 509 721 lianc
547 688 689 733 paginam
715 695 893 719 nostrorum
921 684 1181 718 excommunica—

429 738 546 776 tionis,
583 737 737 770 interdicti
767 744 794 768 et
825 735 973 769 illationis
1009 745 1180 779 poenarum

429 786 599 830 infringere
621 794 674 818 ele.

477 834 592 868 Datum
610 834 692 880 apud
708 834 845 867 Mentem
860 830 1179 876 Flascotietu,qttinto

428 884 574 918 kalendas
596 884 730 928 angusti,
756 881 955 928 pontificatus
979 880 1074 913 nostri
1099 891 1181 912 anno

426 942 544 966 octavo.

469 995 527 1024 Dat.
551 994 597 1023 die
613 994 650 1022 ⁹28
671 993 734 1022 iulii
757 992 841 1027 1385,
866 991 967 1030 pontif.
991 1000 1066 1019 anno
1084 998 1140 1019 viu.

774 1149 841 1184 ΧΗ.

429 1233 607 1270 Haereticis,
639 1232 836 1265 schismaticis
864 1231 995 1275 aliisque
1029 1242 1048 1262 α
1074 1241 1180 1262 sacro-

474 1290 579 1314 saneta
607 1283 773 1325 apostolica
805 1281 944 1313 Romana
967 1288 991 1312 et
1013 1280 1182 1312 um'versati

473 1332 621 1363 catholica
646 1331 777 1363 Ecclesia
805 1330 1030 1373 quomodolibet
1053 1329 1179 1360 ‹levian-

475 1381 565 1417 tibus,
591 1388 615 1411 et
630 1381 671 1412 ml
685 1380 814 1412 eiusdem
842 1380 995 1411 Ecclesiae
1016 1379 1175 1413 unitatem,

476 1430 676 1461 obedientiam
704 1437 729 1460 et
757 1429 953 1460 reverenciam
986 1427 1179 1459 redeuntibus

474 1479 608 1520 formam
627 1478 828 1521 professionis
853 1478 927 1521 fidei
959 1476 1179 1520 praestandam

471 1528 659 1570 praescribit.

691 1603 905 1633 SUMMARIUM
1093 1646 1098 1650 .

425 1669 591 1699 Exordium.
624 1686 661 1691 -—
686 1671 709 1698 1.
733 1669 936 1698 Redeuntibus
965 1670 999 1698 ad
1028 1668 1177 1697 Ecclesiae

465 1715 608 1751 gremium
638 1731 676 1735 —
708 1714 725 1742 ἱ).
749 1715 782 1742 ad
805 1714 846 1742 102.
880 1713 956 1742 Hanc
987 1712 1176 1742 emittendam

466 1758 678 1795 professionem
698 1757 881 1796 praescribit.
899 1774 935 1778 —
959 1757 1001 1786 13.
1021 1756 1178 1786 Clausulae.

466 1828 587 1856 Urbanus
616 1829 756 1863 episcopus
786 1835 881 1856 servus
908 1835 1047 1857 servorum
1071 1828 1132 1860 Dei.

559 1878 592 1904 ad
620 1878 780 1912 perpetuam
809 1878 848 1905 rei
873 1877 1041 1905 memoriam.

476 1950 522 1982 Ad
549 1950 803 1995 propagationem
827 1949 999 1983 catholicae
1023 1949 1107 1989 fidei,
1130 1963 1177 1983 su-

428 2004 593 2048 peronius
624 2003 765 2036 custodia
793 2016 925 2043 sumus,
955 2004 1023 2037 licet
1055 2004 1176 2037 insuffi-

426 2057 578 2090 cientibus
612 2058 741 2097 meritis,
764 2070 778 2090 a
804 2057 939 2091 Domino
974 2059 1125 2104 deputati,
1149 2067 1176 2092 et

425 2110 640 2156 quorumlibet
682 2111 883 2155 gloriantium
926 2112 1052 2144 nomine
1093 2111 1178 2145 cliri-

425 2164 538 2205 stiano,
566 2165 619 2198 sed
655 2164 847 2198 deviantium
877 2178 890 2197 a
918 2166 1040 2209 grennio
1071 2177 1178 2198 sacro-

425 2227 550 2251 sanctae
573 2218 734 2252 Romanae
757 2231 791 2253 ac
810 2218 981 2252 catholicae
1004 2226 1032 2251 et
1057 2227 1180 2265 aposto-

427 2272 501 2304 lis-ae
525 2271 695 2313 Ecclesiae,
719 2273 828 2305 matris
851 2281 879 2305 et
904 2272 1070 2316 magistrae
1098 2284 1178 2306 cuu-

426 2333 545 2358 ctorum
575 2325 818 2359 christianorum
856 2325 1006 2364 lidelium,
1030 2325 1094 2369 cui,
1121 2338 1178 2360 au-

426 2388 510 2411 ctore
544 2379 610 2424 ipso
634 2378 771 2412 Domino
787 2407 795 2422 ,
820 2379 1059 2425 praesidemus,
1083 2379 1179 2413 redu-

426 2433 559 2465 ctionem
588 2432 624 2465 ad
659 2432 870 2465 obedientiam
906 2441 935 2465 et
972 2434 1177 2466 reverentiam

429 2487 526 2531 ipsius
550 2485 707 2519 Ecclesiae
731 2486 875 2532 pastorali
900 2486 1115 2520 sollicitudine
1139 2488 1177 2520 in

428 2539 602 2581 tendentes,
634 2540 711 2572 riam
735 2550 762 2572 et
788 2540 918 2573 formam
948 2539 1095 2573 omnibus
1119 2539 1179 2573 ltu-

429 2593 560 2626 iusmodi
596 2594 692 2626 deviis
729 2602 871 2627 tenemur
907 2594 1096 2635 ostendere,
1126 2607 1180 2640 per

463 2662 501 2695 (l)
519 2663 555 2688 Ex
579 2664 683 2697 llegest.
705 2664 729 2689 in
751 2664 862 2690 Archiv.
884 2665 966 2690 Vatie.

1023 287 1207 310 animantum
1237 286 1397 308 Romanum

1225 352 1303 387 quas
1316 339 1485 373 salubriter
1498 338 1535 371 ad
1552 338 1671 372 dictum
1686 338 1842 383 gremium
1858 339 1977 385 possint

1224 389 1391 427 accedere,
1414 388 1443 421 in
1467 399 1568 434 eoque
1597 394 1749 433 perpetuo
1777 389 1975 422 commorari.

1273 438 1292 483 5
1317 440 1346 470 1.
1375 436 1459 471 Sane
1494 448 1579 478 cum,
1603 436 1682 470 sicut
1710 435 1858 469 laetanter
1885 437 1976 470 audi-

1225 487 1336 528 vimus,
1368 485 1511 519 nonnulli
1544 497 1643 530 regeS,
1676 484 1836 531 principes
1867 493 1896 518 et
1924 484 1975 520 alii

1223 535 1385 569 christiani
1411 542 1472 568 tam
1492 533 1596 568 clerici
1613 541 1643 567 et
1661 533 1892 568 ecclesiasticae
1911 546 1978 581 per-

1223 596 1318 618 sonae
1335 583 1498 629 religiosae
1520 591 1550 617 et
1568 583 1661 617 etiam
1678 583 1867 623 saeculares,
1881 595 1975 630 quam

1224 633 1316 676 laici,
1340 633 1418 679 qui,
1442 641 1525 666 extra
1555 631 1765 666 obedientiam
1789 631 1893 666 dictae
1915 632 1977 667 Ec-

1222 682 1352 725 clesiae,
1375 689 1461 716 extra
1485 693 1577 728 quam
1607 693 1669 715 non
1697 689 1743 715 est
1767 681 1864 721 salus,
1886 681 1977 715 dam-

1223 731 1366 765 nabiliter
1401 739 1639 777 permanserunt
1666 730 1819 765 hactenus
1846 738 1876 765 et
1905 743 1977 777 per-

1223 792 1349 815 manere
1384 788 1581 820 noscuntur,
1611 779 1649 814 ad
1682 779 1783 814 dictae
1818 779 1977 814 Ecclesiae

1223 829 1324 864 redire
1347 842 1402 864 seu
1430 829 1535 864 venire
1558 828 1740 864 desiderant
1764 829 1914 863 unitatem
1941 841 1976 863 ac

1222 878 1436 913 obedientiam
1472 887 1500 913 et
1538 878 1743 914 reverentiam
1773 877 1913 913 debitam
1948 886 1977 912 et

1221 928 1385 968 devotam3
1433 940 1490 962 nos
1523 928 1663 962 volentes
1693 939 1749 962 eos
1776 927 1876 962 dictae
1904 926 1975 962 fidei

1223 978 1466 1023 professionem,
1480 990 1574 1025 quam
1589 977 1707 1011 debent
1722 976 1834 1021 facere,
1849 976 1975 1011 salutari

1221 1026 1354 1061 edocere
1382 1027 1547 1067 doctrina,
1573 1026 1802 1072 infrascriptam
1832 1026 1976 1070 formam,

1222 1088 1316 1121 quam
1354 1077 1384 1110 in
1409 1076 1522 1111 talibus
1555 1075 1671 1111 servari
1708 1076 1873 1110 consuevit
1895 1075 1976 1110 dicta

1221 1124 1361 1160 Ecclesia
1377 1153 1384 1166 ,
1409 1125 1630 1172 praesentibus
1657 1124 1792 1159 fecimus
1814 1125 1975 1159 annotari:

1222 1174 1362 1209 volentes
1384 1186 1420 1209 ac
1444 1175 1629 1209 mandantes
1650 1173 1734 1221 quod
1758 1173 1901 1221 quilibet,
1923 1174 1975 1221 qui

1221 1222 1277 1257 fuit
1312 1236 1365 1258 seu
1402 1232 1449 1257 est
1483 1224 1705 1258 schismaticus
1727 1232 1755 1257 et
1779 1223 1939 1270 praecisus
1961 1235 1977 1257 a

1222 1273 1376 1318 praefatae
1395 1273 1553 1308 Ecclesiae
1574 1274 1702 1316 unitate,
1725 1280 1755 1306 et
1777 1271 1814 1306 ad
1840 1284 1907 1306 eam
1933 1284 1977 1307 re-

1220 1321 1286 1355 dire
1311 1322 1452 1362 voluerit,
1475 1323 1589 1357 dictam
1616 1321 1842 1369 professionem
1868 1321 1896 1355 in
1915 1333 1977 1356 ma-

1221 1370 1315 1405 nibus
1338 1372 1471 1406 alicuius
1501 1372 1627 1418 praelati
1653 1370 1699 1405 vel
1722 1370 1826 1405 clerici
1850 1378 1902 1405 aut
1926 1383 1975 1405 re-

1221 1420 1320 1465 ligiosi
1337 1421 1482 1455 catholici
1498 1429 1528 1454 et
1546 1421 1700 1468 praefatae.
1716 1419 1878 1454 Ecclesiae
1893 1432 1976 1454 com-

1220 1470 1402 1504 munionem
1426 1470 1571 1504 habentis
1595 1470 1708 1504 faciant
1731 1471 1760 1504 iu
1782 1470 1848 1516 ipsa
1863 1469 1974 1509 forma,

1219 1530 1300 1565 quae
1323 1519 1391 1554 talis
1413 1528 1481 1554 est:

1268 1568 1287 1614 S
1314 1572 1347 1602 2.
1376 1568 1444 1615 Ego
1472 1568 1541 1602 talis
1559 1568 1707 1615 profiteor
1728 1575 1758 1601 et
1781 1567 1876 1601 credo
1891 1566 1974 1601 San-

1219 1625 1300 1651 ctam
1324 1616 1511 1652 Trinitatem
1528 1617 1653 1651 Patrem
1670 1616 1831 1650 etFilium
1855 1624 1885 1650 et
1900 1614 1973 1663 Spi-

1220 1667 1313 1700 ritum
1341 1666 1491 1701 Sanctum
1523 1678 1618 1700 unum
1643 1666 1745 1700 Deum
1764 1666 1972 1712 omnipoten-

1220 1725 1306 1756 tem,
1342 1723 1502 1762 totamque
1539 1717 1566 1749 in
1601 1715 1752 1750 Trinitate
1788 1715 1972 1762 dignitatem

1219 1766 1459 1799 coessentialem
1482 1773 1512 1798 et
1535 1765 1838 1799 consubstantialem
1854 1792 1861 1804 ,
1889 1776 1974 1798 coae-

1220 1823 1338 1848 ternam
1363 1823 1394 1848 et
1417 1816 1720 1861 coomnipotentem,
1743 1815 1839 1848 unius
1863 1813 1972 1847 volun-

1219 1864 1313 1906 tatis,
1342 1865 1505 1910 potestatis
1534 1872 1563 1898 et
1591 1863 1763 1899 maiestatis
1789 1863 1971 1897 Creatorem

1218 1914 1362 1947 omnium
1391 1921 1619 1954 creaturarum,
1643 1926 1679 1948 ex
1697 1925 1761 1960 quo
1784 1912 1901 1951 omnia,
1919 1924 1973 1958 per

1219 1974 1312 2009 quem
1336 1964 1442 1997 omnia
1460 1991 1467 2002 ,
1500 1975 1581 2010 quae
1608 1971 1680 1997 sunt
1709 1963 1738 1996 in
1767 1963 1855 1996 coelo
1877 1970 1906 1995 et
1941 1961 1972 1995 in

1219 2020 1311 2055 terra,
1337 2012 1470 2047 visibilia
1494 2020 1522 2046 et
1547 2012 1729 2055 invisibilia,
1747 2011 1920 2058 corporalia
1943 2019 1972 2044 et

1219 2060 1403 2108 spiritualia.

1268 2110 1287 2156 S
1322 2115 1353 2144 5.
1388 2110 1465 2145 Item
1500 2110 1594 2145 credo
1626 2110 1783 2156 singulam
1812 2121 1972 2155 quamque

1221 2160 1250 2193 in
1282 2158 1434 2194 Trinitate
1466 2160 1638 2194 Personam
1670 2172 1767 2193 unum
1792 2158 1894 2193 Deum
1919 2171 1974 2193 ve-

1220 2221 1301 2247 rum,
1331 2209 1460 2256 plenum
1484 2218 1513 2243 et
1537 2209 1723 2256 perfectum.

1268 2257 1288 2304 g
1311 2262 1342 2292 4.
1372 2258 1477 2293 Credo
1503 2260 1605 2306 ipsum
1630 2258 1728 2292 lilium
1749 2257 1806 2291 Dei
1830 2257 1971 2291 Verbum

1221 2306 1277 2341 Dei
1302 2308 1503 2343 aeternaliter
1525 2317 1632 2343 natum
1653 2320 1690 2342 ex
1714 2307 1815 2348 Patre,
1831 2306 1973 2341 consub-

1220 2357 1412 2398 stantialem,
1443 2358 1536 2392 unius
1558 2366 1586 2392 et
1606 2357 1751 2392 eiusdem
1767 2356 1972 2403 omnipoten—

1221 2406 1280 2439 tiae
1309 2415 1338 2440 et
1373 2407 1565 2454 coaequalem
1604 2419 1658 2454 per
1685 2407 1789 2442 omnia
1826 2405 1910 2440 Patri
1941 2405 1970 2439 iu

1220 2455 1394 2495 divinitate,
1424 2457 1453 2490 in
1483 2465 1625 2504 tempore
1654 2465 1758 2491 natum
1782 2455 1820 2490 de
1848 2455 1970 2502 Spiritu

1220 2503 1336 2539 Sancto
1372 2518 1408 2539 ex
1442 2506 1536 2540 Maria
1572 2518 1698 2552 semper
1732 2505 1862 2552 Virgine
1898 2516 1970 2538 cum

1220 2553 1321 2588 anima
1338 2555 1494 2599 rationali,
1510 2555 1588 2590 (luas
1603 2555 1768 2590 habentem
1785 2554 1971 2592 nativitates,

1221 2614 1312 2636 unam
1337 2615 1372 2637 ex
1397 2603 1488 2638 Patre
1516 2614 1685 2648 aeternam,
1708 2605 1835 2639 alteram
1853 2615 1889 2638 ex
1907 2615 1973 2637 ma—

1221 2658 1265 2685 tre
1294 2653 1511 2699 temporalem,
1539 2653 1640 2688 Deum
1665 2665 1787 2699 verum,
1815 2661 1846 2687 et>
1874 2651 1972 2687 bomi-

1994 285 2039 311 An.
2065 286 2094 311 C.
2110 284 2176 310 ¹385

2001 445 2143 465 lterleuntibus
2154 446 2177 465 ad

1993 474 2102 496 Ecclesiae
2129 481 2177 501 gie-

1993 507 2054 526 tulum

2003 1578 2060 1599 Hanc
2076 1581 2174 1599 emitten-

1989 1611 2034 1630 dum
2055 1610 2173 1636 professio-

1989 1646 2035 1661 nem
2066 1647 2173 1667 praesrrt-

1989 1674 2025 1693 litt.
