2274 3265
108 270 157 297 An.
176 270 204 297 C.
222 273 288 299 15¹2

942 271 1087 295 CLEMENS
1110 271 1129 291 V
1154 271 1203 296 ΡΡ.

1722 261 1791 294 2⁶29

305 328 425 363 etiamsi
449 328 523 363 dicti
549 329 679 375 priores,
710 336 926 375 praeceptores
942 327 1048 361 etsi-a-
1091 340 1146 361 seu
1180 335 1354 362 conventus
1382 327 1583 365 ecclesiarum
1617 335 1646 361 et
1675 335 1840 362 monaste—

306 385 367 413 tres
416 378 515 424 ipsius
556 378 718 424 hospitalis
753 386 783 412 et
833 383 1049 424 procuratores

306 429 443 475 ipsorum
466 435 496 462 et
517 440 627 463 eorum
649 427 779 474 quilibet
800 439 816 461 a
839 426 922 461 dicto
951 425 1050 471 magi-

305 486 368 512 stro
405 477 503 524 ipsius
538 477 701 524 hospitalis
735 476 913 510 mandatum
954 487 1050 522 super

307 528 365 562 ltoc
387 527 565 574 specialiter
600 539 661 561 non
686 526 846 568 baberent,
876 525 1049 559 dunnnodo

308 585 525 624 procuratores
553 575 714 622 praedicti,
737 588 752 609 a
774 574 865 609 dictis
894 575 1050 630 prioribus

306 635 336 662 et
364 626 631 682 praeceptoribus
655 625 699 659 vel
727 636 834 658 eorum
852 624 996 671 singulis,
1019 624 1049 658 in

308 675 476 730 provinciis
499 683 529 709 et
551 674 703 722 partibus,
739 675 767 708 in
796 673 911 720 quibus
940 674 1051 709 liuius-

308 726 390 760 modi
426 737 547 772 priores
579 733 609 758 et
644 732 863 771 praeceptores
894 724 1051 758 extiterint

307 775 458 822 deputati,
475 773 656 808 mandatum
685 786 781 820 super
804 773 862 808 boc
885 773 1051 808 habuerint

308 826 352 859 vel
381 824 577 858 ostenderint
612 824 757 871 speciale.
793 823 855 865 Qui
883 836 993 858 omues
1023 833 1051 859 et

307 873 433 920 singuli,
456 873 597 908 videlicet
622 874 743 920 priores
774 882 804 907 et
834 882 1052 920 praeceptores

307 932 335 958 et
364 924 472 958 fratres
506 922 591 957 dicto
624 923 795 968 magistro,
833 932 1052 969 procuratores

308 985 380 1008 vero
403 972 553 1020 praedicti
581 972 697 1007 eisdem
724 972 878 1020 prioribus
904 981 934 1007 et
957 986 1052 1020 prae-

306 1022 500 1070 ceptoribus
533 1034 706 1069 eorumque
734 1022 878 1069 singulis,
900 1035 916 1057 a
939 1023 1053 1070 quibus

308 1085 405 1119 super
426 1072 476 1106 his
498 1071 612 1106 luerint
638 1072 789 1119 deputati,
785 1050 935 1119 Dplenum
957 1085 1054 1120 super

308 1121 456 1156 omnibus
478 1121 586 1168 gestis,
614 1121 691 1156 actis
713 1122 846 1168 receptis
873 1129 903 1156 et
939 1134 1055 1168 procu-

310 1171 382 1205 ratis
401 1183 457 1218 per
483 1183 537 1206 eos
563 1170 799 1218 quomodolibet
827 1172 856 1205 in
886 1171 942 1205 liae
959 1181 1054 1218 parte,

309 1228 494 1267 computum
522 1228 552 1255 et
575 1220 724 1254 rationem
743 1232 859 1267 ponere
878 1228 908 1254 et
924 1220 1055 1255 reddere

310 1278 487 1313 teneantur,
510 1281 631 1304 necnon
666 1282 798 1313 omnes,
834 1282 887 1317 qut
923 1279 1056 1305 scienter

308 1319 551 1367 occupatoribus
581 1328 611 1353 et
633 1318 851 1353 detentoribus
879 1320 1056 1364 praelibatis

308 1370 338 1403 in
366 1368 571 1416 occupatione
598 1368 644 1402 vel
667 1368 845 1403 detentione
874 1369 1054 1404 huiusmodi

307 1418 451 1453 dederint
465 1417 646 1458 consilium,
665 1418 818 1452 auxilium
843 1418 888 1453 rel
903 1418 1055 1456 favorem.

308 1468 433 1514 publice
462 1468 509 1502 vel
532 1467 675 1507 occulte,
699 1469 1054 1507 excommunicationis:

307 1517 444 1565 capitula
480 1529 574 1560 vero,
609 1517 766 1564 collegia,
794 1530 848 1552 seu
882 1527 1056 1553 conventus

307 1567 511 1602 ecclesiarum
546 1575 577 1601 et
613 1568 896 1612 monasteriorum,
933 1580 1054 1603 necnon

309 1616 527 1651 universitates
549 1617 721 1658 civitatum,
749 1625 935 1658 castrorum,
971 1618 1056 1652 rilla-

309 1679 377 1702 rurn
393 1675 423 1701 et
438 1666 570 1701 aliorum
588 1666 741 1708 locorum,
758 1676 787 1701 et
803 1667 885 1714 ipsas
904 1668 1056 1707 civitates,

309 1724 420 1756 castra,
445 1716 532 1750 villas
554 1725 584 1751 et
613 1716 690 1761 loca,
720 1730 799 1764 quae
824 1718 853 1752 in
879 1717 926 1752 liis
950 1718 1059 1765 eulpa-

309 1766 381 1801 bilia
404 1766 575 1807 extiterint,
603 1778 638 1800 ac
660 1768 752 1802 etiam
781 1768 933 1807 civitates,
957 1777 1056 1802 castra

308 1825 337 1851 et
357 1816 422 1850 loca
446 1817 476 1850 in
500 1816 616 1863 quibus
639 1817 819 1853 detentores
842 1826 869 1852 et
893 1827 1058 1865 occupato-

309 1879 358 1902 res
381 1866 562 1902 ltuiusntotli
579 1867 753 1902 dominium
774 1868 968 1903 obtinuerint
985 1876 1057 1902 tent-

309 1917 427 1964 porale,
450 1919 475 1951 si
501 1919 680 1952 huiusmodi
711 1919 830 1953 domini
870 1920 1058 1967 temporales

310 1969 340 2002 in
373 1967 561 2002 dimittendo
595 1968 675 2003 bona
713 1969 869 2016 praedicta
906 1978 933 2003 et
968 1971 1058 2004 resti—

311 2018 427 2053 tuendo
452 2018 501 2052 illa
525 2018 674 2064 magistro
698 2028 725 2053 et
768 2019 916 2053 fratribus
940 2019 1058 2053 ordinis

309 2077 338 2103 ct
366 2068 532 2115 hospitalis
559 2068 717 2108 eiusdem,
744 2070 872 2103 nornine
896 2069 1059 2117 ltospitalis

311 2118 420 2165 ipsius,
457 2119 654 2153 obstaculum
690 2119 898 2158 adhibebunt,
921 2129 951 2153 et
982 2120 1058 2154 inl'ra

311 2168 430 2202 dictum
455 2181 596 2203 mensem
619 2170 656 2203 ab
677 2169 856 2203 huiusmodi
880 2171 1060 2215 praemissis

311 2231 372 2252 non
402 2218 597 2259 destiterint,
622 2228 786 2266 postquam
808 2233 906 2266 snper
930 2219 999 2261 boc,
1029 2229 1059 2253 ut

312 2268 536 2315 praemittitur,
566 2269 683 2303 suerint
707 2270 862 2316 requisiti,
887 2270 954 2316 ipso
980 2269 1060 2303 t'acto

315 2317 470 2351 interdicti
487 2319 654 2353 sententiis
667 2319 866 2353 decernimus
881 2320 1059 2362 subiacere,

313 2379 328 2400 a
344 2367 461 2414 quibus
483 2367 600 2402 absolvi
625 2381 685 2402 non
703 2369 834 2414 possint,
851 2369 950 2403 donec
967 2382 1061 2416 super

315 2417 362 2451 bis
386 2417 509 2464 plenam
533 2426 562 2452 et
580 2417 715 2451 debitam
739 2418 982 2453 satisfactionem
1006 2432 1062 2452 cu-

315 2468 449 2501 raverint
471 2467 631 2501 exhibere.
662 2467 699 2501 Et
736 2468 941 2503 nibilominus
967 2482 1061 2503 occu-

314 2526 437 2563 patores
477 2525 506 2551 et
546 2517 727 2552 detentores
763 2518 943 2552 huiusmodi
967 2547 974 2557 ,
1016 2519 1060 2552 rel

315 2575 506 2614 praestantes
529 2567 660 2610 eisdem,
692 2575 723 2601 ut
752 2568 981 2614 praemittitur,
1006 2581 1062 2602 au-

314 2617 434 2656 xilinm,
458 2617 625 2651 consilium
656 2617 700 2651 rel
730 2617 878 2659 favorem,
902 2619 966 2651 sire
995 2618 1063 2652 sin-

314 2667 437 2713 gulares
474 2679 625 2714 personae
649 2667 713 2701 sive
736 2667 881 2714 capitula,
906 2668 1036 2712 collegia
1055 2695 1062 2705 ,

1093 376 1234 421 riorum,
1269 388 1304 411 ac
1333 376 1553 412 universitates
1586 376 1763 422 civitatum,
1787 389 1841 411 ca-

1091 435 1239 469 strorum,
1268 434 1419 461 terrarum
1449 426 1497 460 vel
1525 427 1657 461 aliorum
1701 426 1839 462 locorum

1091 476 1274 519 extiterint,
1312 483 1433 522 praeter
1461 488 1576 522 poenas
1613 477 1842 524 praescriptas,

1092 526 1250 581 omnibus,
1267 537 1375 572 quaca
1400 524 1539 559 Romana
1558 525 1603 559 vel
1631 525 1699 560 aliis
1728 526 1842 561 Eccle-

1092 576 1147 610 SllS
1168 575 1422 623 qtttlHtSCtltthtle
1445 582 1551 608 tenent
1567 574 1596 609 ln
1614 574 1754 616 stssflllllll,
1775 589 1842 630 'ps-0

1095 626 1173 660 ficto
1201 625 1402 660 decernimus
1431 624 1494 658 tote
1523 624 1658 671 privatos
1685 625 1749 660 sive
1779 639 1843 672 prt-

1095 684 1171 710 vata.
1201 675 1244 710 lta
1264 674 1346 722 quod
1369 674 1405 708 ad
1432 673 1598 713 Ecclesias,
1621 674 1659 708 ad
1675 687 1753 721 quas
1774 688 1844 721 spe-

1093 734 1188 767 ctant,
1212 725 1259 759 illa
1285 723 1381 758 libere
1396 723 1463 757 sine
1480 723 1728 758 contradictione
1742 725 1843 771 aliqua

1095 783 1301 818 revertantur,
1329 786 1499 820 earumque
1521 772 1734 808 Ecclesiarum
1753 787 1845 821 prae-

1096 825 1146 859 lati
1176 825 1240 859 sive
1274 831 1410 859 rectores
1443 823 1481 857 dc
1517 823 1592 870 ipsis
1621 835 1676 869 pro
1705 835 1760 858 sua
1789 836 1844 857 vo-

1095 875 1211 909 luntate
1234 873 1412 921 disponant,
1435 872 1515 907 sicut
1540 873 1660 908 utilitati
1687 872 1845 908 Ecclesia-

1096 938 1163 959 rnm
1192 924 1329 971 ipsarum
1355 923 1488 958 viderint
1510 923 1668 970 expedite

1143 975 1163 1022 g
1190 976 1220 1008 5.
1244 973 1328 1008 Nulli
1351 985 1436 1028 emrgo
1461 980 1526 1017 etc,
1552 980 1729 1008 nostrorum
1753 972 1846 1007 dona-

1096 1024 1202 1068 tionis,
1229 1023 1465 1063 concessionis,
1494 1022 1633 1063 unionis,
1662 1022 1846 1070 incorpora-

1097 1074 1200 1115 tionis,
1225 1072 1459 1120 applicationis,
1481 1072 1680 1116 annexionis,
1703 1084 1846 1107 reserva-

1098 1123 1202 1164 tionis,
1231 1122 1441 1166 inhibitionis,
1466 1122 1633 1156 voluntatis
1656 1129 1686 1156 et
1721 1122 1846 1156 consti—

1098 1173 1227 1207 tutionis
1252 1172 1439 1218 insringere,
1462 1179 1514 1205 etc.

1146 1223 1216 1257 Dat.
1240 1221 1391 1262 Viennae,
1418 1225 1439 1256 6
1460 1233 1557 1255 nonas
1581 1220 1664 1261 maii,
1689 1227 1774 1268 pont.
1791 1233 1846 1255 no-

1098 1272 1154 1306 stri
1178 1284 1260 1306 anno
1286 1273 1316 1304 7.

1137 1333 1198 1363 Dat.
1222 1333 1267 1362 die
1296 1332 1314 1361 '2
1338 1332 1406 1362 maii
1428 1331 1511 1368 13102,
1535 1332 1636 1371 pontis.
1661 1341 1737 1361 anno
1761 1339 1807 1361 vtt.

1438 1491 1506 1526 XV.

1103 1575 1305 1609 canonizatio
1331 1574 1366 1607 S.
1394 1574 1480 1607 Petri
1499 1575 1534 1607 de
1557 1574 1705 1607 Murrone
1726 1574 1851 1608 Summi

1150 1626 1308 1670 Pontificis
1351 1624 1505 1661 Romani,
1544 1623 1703 1657 Caelestini
1741 1624 1851 1664 Quinti

1150 1675 1334 1718 mancupati,
1362 1674 1481 1718 eiusque
1517 1674 1624 1707 relatio
1650 1674 1683 1706 in
1709 1674 1849 1707 cathalo-

1148 1736 1220 1768 9um
1248 1726 1298 1757 Ss.
1328 1724 1556 1767 confessorum,
1584 1735 1652 1756 cum
1678 1724 1850 1768 festivitatis

1150 1774 1337 1807 institutione
1352 1784 1409 1818 pro
1431 1774 1480 1806 die
1507 1774 1548 1806 19
1571 1773 1678 1806 mensis
1700 1774 1786 1806 maii.

1366 1850 1580 1882 stuntauttut

1102 1916 1266 1946 Exordium.
1289 1933 1327 1938 —
1355 1918 1376 1945 l.
1400 1916 1427 1945 B.
1453 1916 1527 1946 Petri
1549 1917 1649 1946 merita
1669 1922 1697 1946 et
1719 1917 1851 1947 virtutes.

1141 1979 1179 1983 —
1202 1962 1227 1991 τὶ.
1258 1962 1394 1992 Eiusdem
1425 1961 1516 2000 patria
1546 1966 1573 1990 et
1597 1966 1742 1999 parentes.
1765 1979 1802 1984 —
1825 1962 1851 1992 3.

1144 2008 1203 2037 vita
1224 2017 1325 2046 aspera
1341 2008 1367 2036 in
1386 2015 1493 2035 eremo.
1506 2006 1581 2035 —!t.
1601 2005 1747 2043 Cilicium,
1765 2007 1853 2036 aliae-

1141 2063 1197 2091 que
1224 2052 1321 2082 carnis
1345 2051 1567 2081 macerationes.
1598 2068 1637 2073 -—-
1662 2051 1689 2080 5.
1708 2051 1852 2081 Carnibus

1143 2108 1291 2136 nunquatn
1317 2107 1396 2126 usus.
1420 2113 1458 2118 --
1476 2096 1502 2125 ὕ.
1523 2095 1591 2125 Eius
1617 2096 1744 2125 ieiunia:
1767 2113 1804 2118 —-—
1824 2097 1854 2126 Et

1142 2142 1327 2171 austeritates
1353 2142 1379 2170 in
1404 2141 1613 2180 quadragenis.
1641 2157 1680 2162 —
1703 2140 1728 2168 7.
1756 2140 1854 2170 Conti-

1143 2197 1217 2216 nuae
1246 2195 1348 2225 preces
1376 2186 1410 2215 ad
1430 2185 1529 2214 Deum.
1553 2202 1592 2206 —
1614 2185 1639 2214 8.
1660 2184 1764 2214 Labori
1789 2195 1852 2215 ma-

1144 2241 1234 2260 nuum
1260 2235 1349 2260 rarat,
1372 2247 1409 2250 —
1431 2230 1458 2258 tt.
1483 2229 1541 2258 Suo
1569 2228 1701 2267 exemplo
1727 2229 1799 2259 alios
1818 2230 1852 2259 ad

1143 2276 1248 2305 bonam
1280 2275 1390 2313 frugem
1415 2278 1540 2303 revocat.
1562 2290 1599 2295 —
1623 2273 1667 2303 to.
1692 2273 1854 2312 Congrega-

1145 2322 1251 2350 tionem
1272 2319 1482 2349 monachorum
1501 2318 1636 2348 instituit.
1652 2335 1690 2340 -—
1708 2318 1751 2348 11.
1769 2318 1854 2349 Sum-

1144 2376 1209 2394 mus
1225 2364 1357 2394 Pontifex
1373 2363 1502 2401 eligitur:
1522 2379 1560 2384 —
1579 2363 1621 2391 12.
1638 2362 1680 2392 Ab
1704 2363 1805 2392 eodem
1823 2373 1853 2392 se

1144 2410 1274 2439 abdicat:
1298 2425 1336 2430 ——
1362 2408 1404 2437 13.
1429 2407 1593 2446 Sancteque
1618 2416 1709 2446 usque
1732 2407 1766 2436 ad
1790 2408 1854 2436 obi-

1146 2460 1204 2484 tum
1229 2454 1304 2483 vivit.
1326 2470 1365 2474 —
1388 2452 1433 2481 tt.
1456 2452 1553 2481 Multis
1579 2452 1671 2481 claret
1692 2452 1852 2481 miraculis.

1143 2517 1182 2521 —
1210 2500 1252 2528 15.
1273 2498 1381 2527 tlaecae
1405 2497 1521 2526 mulieri
1548 2497 1701 2526 restitutus
1714 2496 1854 2526 visus.—

1150 2545 1192 2573 lo.
1214 2544 1321 2572 Amens
1345 2547 1474 2572 sanatus.
1501 2559 1537 2563 —
1564 2542 1605 2570 17.
1630 2541 1749 2571 Puellae
1772 2543 1854 2572 fistu-

1147 2589 1261 2624 lam,—
1276 2588 1317 2616 18,
1335 2586 1475 2620 Ethicam,
1491 2603 1529 2608 —-
1541 2587 1586 2615 119.
1603 2585 1717 2616 Homini
1734 2587 1851 2616 cuidam

1145 2633 1340 2671 strophutam,
1367 2648 1405 2652 —
1434 2631 1482 2661 ⁶20.
1512 2630 1650 2660 Croeeam
1674 2635 1702 2660 et
1723 2630 1852 2661 inflatam

1149 2677 1315 2707 mulierem,
1339 2693 1375 2697 —
1397 2675 1444 2705 21.
1470 2676 1562 2705 Aliam
1593 2679 1790 2708 contractam,
1815 2692 1854 2697 —

1858 272 1906 298 An.
1926 271 1953 297 C.
1970 270 2036 297 1512

1894 987 1914 1007 (Α
1921 987 2002 1007 ausula»,
