2274 3265
110 273 160 298 An.
179 272 207 298 C.
225 271 289 299 than

121 774 200 793 causat·
236 780 283 793 oinn

108 805 211 824 tii-evitate
254 811 278 823 cn

109 837 252 861 gnnsrcndne,

108 929 154 949 dne.

272 839 291 855 vl

107 868 160 886 tussit
173 867 223 886 dnus
236 873 293 886 incn-

108 904 142 917 ης
175 898 293 924 expe-lien-

928 271 972 292 MA
979 270 1052 292 R't'tn
1059 270 1093 292 US
1117 270 1135 291 V
1160 269 1206 290 ΙΨ.

307 323 446 358 nunciari
470 324 636 364 sententia,
660 332 735 359 tunc
756 324 910 370 incipiunt
935 336 1054 369 proces-

306 386 374 407 sum
398 381 429 407 et
453 373 526 407 dant
549 374 710 416 articulos,
732 383 761 408 et
792 382 913 408 caetera
938 373 1055 407 l'acinnt

308 423 441 462 realiter,
461 435 541 469 quae
559 423 705 457 dixerunt
730 422 835 462 verbo,
850 423 894 457 sic
909 423 1057 457 duximus

307 472 549 515 moderandum,
564 472 647 519 quod
669 481 886 518 procuratores
906 473 977 518 ipsi,
990 481 1056 518 post

307 522 475 555 terminum
503 522 540 556 ad
569 521 739 556 dicendum
757 530 862 556 contra
894 521 1057 568 producta,

305 580 334 604 et
357 579 429 605 ante
456 571 626 604 terminum
658 571 694 604 ad
726 570 948 606 declarandum
978 571 1059 604 arti—

305 620 395 654 culos
417 619 516 663 facto,
550 628 580 653 et
608 621 710 654 omnia
739 632 818 668 qnae
847 620 885 654 de
911 621 976 654 iure
1000 633 1060 653 vo-

307 670 374 703 lunt
400 677 431 703 et
454 677 604 715 possunt,
634 669 807 716 ptoducere
831 678 1005 704 teneantur.

355 718 375 764 S
401 720 459 752 27.
479 716 517 751 Et
535 719 686 764 quoniam
702 719 872 766 aliquando
895 719 1060 764 contingit,

306 766 390 813 quod
416 775 485 813 post
508 767 758 803 observationem
782 769 923 802 omnium
952 769 1061 802 termi-

308 828 432 859 norum,
456 816 567 850 notarii
596 817 763 862 registrum
786 817 933 852 ordinare
951 825 981 852 et
1004 830 1061 852 au-

306 865 397 899 ditori
426 877 538 899 causae
573 874 796 912 praesentare,
830 875 860 901 et
894 875 1059 914 postquam

307 915 474 961 registrum
496 914 677 949 huiusmodi
706 915 840 950 auditori
875 925 1062 962 praesenta-

307 972 370 997 tum
394 963 500 1004 fuerit,
523 964 682 999 auditores
707 964 777 1011 plus
800 965 906 999 debito
933 977 1060 1000 causant

306 1012 453 1047 differunt
472 1013 635 1059 expedire3
659 1015 825 1048 statuimus
843 1022 873 1048 et
899 1015 991 1049 etiam
1015 1027 1062 1049 or-

306 1062 466 1105 dinamus,
489 1062 574 1109 quod
597 1063 727 1098 servatis
741 1063 891 1098 omnibus
907 1064 1060 1103 terminis

306 1111 336 1145 in
372 1124 573 1166 quacumque
596 1124 687 1146 causa
719 1114 872 1153 notarius,
908 1113 960 1159 qui
984 1114 1062 1148 scri-

308 1161 366 1206 psit
391 1174 420 1194 in
448 1173 553 1201 cansa
586 1162 753 1207 registrum
779 1162 857 1197 infra
878 1162 1059 1208 quindecim

307 1211 374 1244 dies
401 1210 556 1245 conficere
584 1219 726 1245 teneatur
765 1220 794 1245 et
822 1212 991 1254 ordinare,
1027 1225 1062 1246 ac

307 1259 422 1293 deinde
449 1259 488 1294 de
514 1260 628 1294 salario
650 1260 709 1294 sibi
738 1260 844 1294 debito
879 1261 1062 1304 satisfacto,

309 1309 395 1342 illum
419 1309 523 1342 statim
551 1322 608 1343 suo
631 1310 764 1343 auditori
800 1310 924 1344 tradere
947 1318 977 1343 et
1011 1323 1062 1344 as-

308 1359 433 1403 signare
459 1358 584 1392 debeat.
608 1358 646 1392 Et
675 1359 789 1393 deinde
813 1359 895 1393 idem
924 1359 1062 1399 auditor,

310 1415 476 1453 postquam
513 1408 680 1452 registrum
724 1409 826 1454 ipsum
866 1408 926 1442 sibi
970 1408 1063 1442 fuerit

310 1465 556 1511 praesentatum,
580 1457 749 1491 terminum
785 1457 897 1492 babeat
925 1458 1061 1492 duorum

311 1506 480 1545 mensium,
503 1504 581 1539 infra
601 1518 681 1561 qnos
696 1519 821 1541 causam
847 1508 946 1553 ipsam
969 1519 1063 1554 expe-

309 1554 376 1588 dite
404 1563 572 1593 teneatur,
609 1555 667 1590 nisi
704 1556 807 1591 forsan
844 1568 860 1591 a
889 1556 980 1590 nobis
1017 1556 1062 1590 vel

310 1604 394 1637 ‹iit-to
425 1604 683 1639 vicecancellario
711 1614 838 1652 propter
876 1605 1062 1640 arduitatem

309 1665 440 1693 causae,
467 1654 548 1688 sicut
569 1666 663 1700 saepe
692 1655 871 1700 contingit,
913 1656 1062 1689 maiorem

310 1702 491 1736 dilationem
516 1702 673 1744 babuerit,
695 1704 734 1738 de
762 1716 823 1750 qua
848 1716 902 1751 per
925 1713 1063 1739 nostram

310 1764 565 1786 commissionem
589 1753 618 1786 in
644 1753 775 1798 registro
796 1766 909 1788 causae
932 1762 1063 1788 constet.

311 1801 461 1847 Alioquin
492 1802 633 1836 notarius
655 1804 841 1837 sententiam
873 1815 1066 1837 excommu—

312 1851 479 1885 nicationis
501 1851 649 1886 incurrat.
664 1852 702 1886 Et
717 1853 742 1886 si
758 1852 796 1886 de
818 1853 1007 1899 negligentia
1035 1854 1065 1887 in

313 1900 526 1946 expeditione,
548 1901 621 1935 dolo
655 1902 700 1935 vel
729 1901 837 1936 fraude
867 1914 971 1936 coram
1008 1915 1067 1936 sno

312 1948 454 1983 auditore
478 1948 570 1984 fuerit
592 1959 771 1989 accusatus,
800 1952 945 1985 salarium
974 1964 1065 1986 snum

314 1998 433 2045 perdat,
456 1998 493 2033 ad
517 1999 750 2046 expeditionem
779 2001 816 2034 ad
840 2001 987 2035 eumdem
1011 2014 1067 2035 au-

313 2048 446 2082 ditorem
491 2048 700 2083 nibilominus
734 2049 986 2096 compellendus.
1030 2050 1067 2084 Et

314 2097 599 2144 nibilominus,qui
625 2098 702 2133 inl'ra
725 2099 827 2133 dictos
843 2112 980 2139 menses,
1006 2112 1066 2133 non

314 2151 418 2185 habita
446 2164 460 2185 a
502 2151 592 2186 nobis
627 2152 672 2186 vel
708 2154 774 2200 ipso
810 2154 1068 2187 vicecancellario

315 2207 430 2240 maiore
454 2206 604 2240 dilatione
633 2207 794 2253 temporis.
818 2219 943 2241 cansam
971 2219 1069 2254 expe-

314 2260 381 2294 dire
396 2262 635 2307 contempserit,
657 2273 692 2294 ex
718 2270 792 2295 tnnc
817 2261 1067 2295 iurisdictionem

315 2315 445 2353 amittat,
474 2323 503 2348 et
530 2326 623 2348 causa
652 2315 738 2349 alteri
759 2316 893 2349 auditori
922 2316 1070 2349 commit-

316 2377 408 2407 tatur,
445 2378 473 2402 et
497 2368 536 2403 ab
570 2369 710 2414 ingressu
736 2368 833 2403 Rotae
856 2368 1070 2415 suspendatur

316 2434 369 2467 per
398 2435 551 2463 mensem3
586 2430 615 2456 et
638 2422 720 2456 idem
745 2422 783 2456 de
812 2422 970 2456 iudicibus
1002 2422 1070 2456 aliis

315 2485 398 2510 extra
423 2476 535 2511 Rotam
566 2476 777 2524 praecipimus
805 2476 978 2519 observari⁷
1005 2477 1071 2523 qui-

317 2530 387 2574 buS,
407 2532 431 2564 si
453 2530 646 2576 negligentes
663 2530 777 2564 luerint
792 2543 902 2564 causas
924 2530 1071 2576 expedire

317 2583 395 2617 infra
419 2583 521 2618 dictos
549 2596 686 2627 menses,
721 2584 842 2631 aliquae
871 2596 983 2618 causac
1015 2596 1070 2630 per

316 2638 471 2672 trimestre
488 2647 612 2684 tempus
629 2638 809 2672 nullatenus
823 2638 1069 2672 committantur.

396 2695 468 2725 Ball.
487 2694 562 2724 Rom.
586 2695 639 2725 Vol.
660 2695 699 2725 Ilv
893 2696 931 2726 90

1729 260 1797 291 7t3

1096 323 1132 357 Et
1160 323 1185 357 si
1221 323 1313 357 l'uerit
1334 324 1576 367 contrafactum,
1608 324 1850 359 commissiones

1098 373 1215 406 nullius
1237 373 1373 407 existant
1397 373 1516 407 roboris
1544 382 1574 407 et
1598 374 1760 407 momenti.

1145 422 1165 465 g
1192 424 1249 455 ⁰28.
1275 422 1449 462 Praeterea,
1473 424 1543 469 qnia
1569 436 1662 469 saepe
1685 423 1850 468 contingit,
1875 433 1987 452 Αυᾶυυιυ-
2004 434 2050 459 'im‘

1098 471 1180 517 quod
1206 471 1313 505 literae
1340 473 1542 518 apostolicae7
1558 473 1594 505 ad
1613 472 1849 518 impediendum
1866 468 2052 520 ἲῑζνςῖῗιζρῌζ

1101 529 1202 566 partes
1230 529 1259 555 et
1286 533 1338 555 cas
1370 521 1591 555 involvendum
1628 521 1789 555 laboribus
1823 530 1852 555 et
1867 527 2042 546 ¹¹⁰”¹·¹'¹···¹¹0¹¹=

1099 572 1267 616 expensis,
1307 570 1424 617 absque
1458 583 1550 605 cansa
1586 570 1786 613 rationabili,
1822 571 1851 604 in

1102 619 1258 654 bullarum
1282 628 1311 653 et
1338 619 1492 653 dictarum
1524 620 1683 653 literarum
1718 629 1853 666 aposto—-

1102 671 1230 703 licarum
1267 669 1398 723 registro
1433 678 1652 707 arrestantnr
1694 678 1723 702 et
1761 683 1851 703 suum

1103 726 1263 766 nequeunt
1290 719 1392 752 sortiri
1429 718 1597 752 effectum:
1628 719 1794 752 statuimus
1823 728 1853 753 et

1101 768 1193 802 etiam
1222 768 1430 810 ordinamus,
1464 767 1547 814 quod
1575 776 1741 814 postquam
1766 767 1853 801 litera

1102 825 1248 852 arrestata
1273 817 1309 851 ad
1333 817 1509 851 auditorem
1534 828 1647 850 causae
1676 816 1767 850 suerit
1803 829 1854 849 re-

1104 875 1234 913 portata,
1259 866 1339 900 idem
1363 865 1490 900 auditor
1511 866 1659 900 adversae
1689 866 1766 911 parti
1792 874 1855 899 ter—

1102 916 1223 950 minum
1251 923 1324 950 octo
1347 915 1468 949 dierum
1498 914 1681 962 praefigere,
1706 927 1760 961 per
1781 926 1854 949 eum

1105 974 1224 1012 postea,
1247 966 1271 999 si
1299 964 1457 1010 expediat,
1502 964 1748 1011 prorogandum,
1777 963 1855 998 infra

1102 1027 1196 1061 quem
1225 1027 1261 1049 ex
1303 1026 1361 1048 suo
1394 1026 1460 1048 iure
1495 1022 1525 1047 et
1564 1022 1716 1047 interesse
1751 1025 1855 1047 coram

1103 1064 1187 1098 dicto
1222 1063 1365 1098 auditore
1392 1063 1530 1109 legitime
1558 1063 1671 1097 docere
1693 1070 1723 1096 et
1762 1062 1855 1096 fidem

1103 1113 1204 1147 facere
1226 1121 1380 1147 teneatur.

1152 1162 1172 1209 g
1213 1164 1270 1196 29.
1311 1161 1490 1196 Statuimus
1527 1161 1656 1207 insuper
1695 1169 1724 1194 et
1762 1161 1855 1195 etiam

1103 1212 1304 1251 ordinamus,
1327 1211 1364 1245 ad
1401 1211 1591 1257 parcendum
1632 1209 1791 1244 laboribus
1826 1218 1856 1243 et

1103 1261 1250 1307 expensis
1285 1259 1500 1306 quorumlibet
1535 1259 1748 1305 litigantium,
1770 1258 1855 1306 quod

1103 1322 1240 1348 causae,
1276 1321 1374 1356 super
1411 1309 1576 1354 quibusvis
1604 1308 1769 1342 boneficiis
1797 1320 1856 1342 ec-

1103 1358 1307 1397 ctesiasiieis,
1345 1358 1561 1392 saecularibus
1595 1366 1626 1391 et
1650 1357 1856 1403 regularibus,

1104 1420 1241 1454 qnorum
1287 1408 1429 1447 fructus,
1459 1407 1599 1440 redditus
1634 1415 1664 1440 et
1688 1415 1858 1452 proventus

1104 1458 1264 1503 sexaginta
1280 1457 1471 1491 florenorum
1488 1456 1554 1490 auri
1570 1456 1746 1489 secundum
1770 1467 1858 1489 com-

1106 1519 1233 1540 munem
1261 1506 1510 1540 aestimationem
1544 1505 1680 1539 valorem
1717 1516 1858 1539 annuum

1106 1568 1167 1589 non
1187 1556 1355 1595 excedunt,
1378 1555 1412 1589 S.
1436 1555 1474 1589 R.
1499 1554 1536 1588 E.
1555 1554 1770 1589 cardinalibus
1792 1553 1860 1588 nul-

1106 1605 1227 1639 latenus
1253 1606 1513 1660 committantur,
1553 1612 1584 1637 et
1616 1604 1859 1638 commissiones

1105 1655 1168 1688 sint
1197 1655 1315 1694 nullae
1337 1655 1361 1688 si
1391 1654 1484 1688 fuerit
1507 1653 1746 1687 contrafactum

1156 1704 1248 1750 550.
1264 1704 1302 1738 Et
1318 1705 1466 1751 quoniam
1486 1702 1512 1736 fi
1517 1711 1598 1737 nstra
1614 1702 1768 1737 ferrentur
1785 1714 1859 1736 sen-
1886 1715 1944 1741 Quae
1961 1717 1985 1736 n
1989 1722 2005 1736 n
2024 1716 2060 1736 cie

1107 1754 1234 1793 tentiae
1250 1754 1309 1788 nisi
1332 1762 1436 1787 essent
1459 1753 1513 1798 qui
1536 1761 1768 1799 exequer'entut
1787 1764 1858 1786 eas·
1873 1747 1941 1799 ξξᾘ
1959 1747 2059 1804 ἵζ”ρρὴξ

1106 1804 1190 1843 dem
1207 1803 1281 1837 etin
1299 1803 1451 1837 babendis
1466 1802 1562 1836 literis
1583 1801 1859 1846 executorialibus
1874 1811 1952 1831 nunes

1108 1853 1167 1887 snb
1196 1852 1278 1886 bulla
1302 1852 1493 1899 quandoque
1515 1851 1651 1885 duorum
1688 1852 1733 1885 vel
1766 1860 1859 1885 trium
1874 1848 1926 1862 “¹¹¹

1109 1902 1264 1936 mensium
1307 1902 1475 1935 dilationes
1515 1902 1616 1939 liunt,
1654 1913 1708 1947 pro
1743 1900 1859 1947 quibus

1108 1951 1314 1997 expediendis
1340 1960 1509 1985 occurrunt
1544 1962 1655 1995 graves
1694 1962 1860 1996 expensae,

1109 2012 1190 2047 quae
1217 2001 1387 2047 aliquando
1410 2000 1446 2033 ad
1466 1999 1662 2047 quindecim,
1690 1999 1861 2046 aliquando

1111 2050 1148 2084 ad
1172 2054 1281 2084 decem
1305 2058 1335 2083 et
1362 2058 1432 2083 octo
1464 2050 1600 2083 florenos
1618 2049 1808 2088 ascendunt,
1831 2056 1861 2082 et

1111 2100 1221 2133 notarii
1245 2099 1346 2133 dictae
1369 2098 1474 2140 Sedis,
1501 2099 1553 2145 qui
1579 2098 1701 2132 illarum
1723 2099 1862 2131 minutas

1110 2148 1261 2183 deberent
1286 2148 1454 2189 conficere,
1483 2160 1545 2181 non
1574 2147 1745 2182 conficiunt
1763 2174 1772 2189 7
1806 2146 1861 2181 sed

1113 2211 1167 2245 per
1193 2210 1267 2232 suos
1305 2198 1561 2236 abbreviatores,
1596 2209 1731 2243 qnorum
1764 2195 1861 2243 aliqui

1111 2256 1183 2281 sunt
1211 2248 1316 2281 minus
1349 2247 1463 2294 periti,
1493 2246 1620 2285 faciunt,
1641 2254 1762 2280 etcum
1792 2246 1861 2279 illas

1111 2297 1302 2343 quandoque
1325 2309 1386 2330 non
1411 2296 1489 2330 bene
1516 2296 1695 2335 conficiant
1718 2295 1754 2329 ad
1780 2295 1862 2342 peri-

1112 2350 1205 2380 tiores
1231 2354 1354 2400 oportet
1391 2346 1504 2380 babere
1536 2357 1718 2388 r·‚ecuisnm
1752 2353 1781 2378 et
1816 2345 1862 2379 sie

1113 2403 1214 2442 partes
1238 2408 1320 2441 ipsas
1338 2404 1522 2430 executores
1540 2372 1776 2449 prosequeiites
1794 2394 1863 2441 plns

1112 2453 1233 2492 oportet
1255 2445 1445 2499 expendere,
1467 2457 1560 2491 quam
1584 2443 1623 2477 ab
1638 2445 1769 2490 antiquo
1787 2455 1864 2477 con—

1112 2504 1235 2529 suetum
1264 2495 1304 2529 sit
1326 2494 1458 2535 solvere
1485 2503 1513 2528 et
1542 2493 1594 2540 qui
1619 2506 1680 2527 non
1709 2493 1862 2536 laborant,

1114 2544 1183 2591 plus
1205 2543 1308 2578 salarii
1332 2544 1501 2589 accipiunt
1523 2543 1605 2577 unde
1625 2551 1728 2590 partes
1751 2554 1862 2588 magua

1113 2594 1264 2640 temporis
1309 2594 1456 2628 dilatione
1500 2593 1570 2640 plus
1609 2605 1704 2639 quam
1754 2591 1864 2626 deceat

1112 2652 1279 2688 gravantur
1301 2643 1462 2677 laboribus
1483 2651 1514 2676 et
1526 2642 1745 2689 sumptibnsin
1756 2653 1862 2676 earum

1864 273 1915 297 An.
1939 270 1967 297 C.
1984 271 2048 297 Ηίῖἰ

1884 1163 1963 1184 Causae
1988 1165 2057 1185 bene-

1871 1195 1952 1216 aetates
2003 1195 2057 1216 infra

1871 1226 2054 1247 summmssttsson

1871 1257 1890 1278 S.
1908 1257 1930 1277 R,
1948 1257 1961 1277 Ε
1986 1259 2058 1277 cardi-

1871 1289 1953 1309 nalibus
2014 1295 2056 1308 non

1871 1321 2043 1340 committendaev
