2274 3265
115 256 162 281 Αη.
181 254 209 281 C.
231 252 297 281 ¹536

913 248 1106 272 aaamucrus
1133 247 1175 269 xii
1202 247 1249 269 ιϊ.
1732 234 1793 265 sot
1867 243 1915 269 An.
1937 241 2045 268 omar,

655 307 708 340 xt.

313 390 530 425 Ordinationes
562 397 588 422 et
609 396 723 421 statuta
742 399 800 432 pro
815 388 893 420 bono
915 385 1059 429 reyu'mine

358 449 476 481 ordinis
503 448 637 491 fratrum
666 447 824 479 Minorum
846 446 880 477 S.
905 443 1061 477 Francisci

359 507 394 539 de
420 506 536 540 Assisio
558 506 612 547 (1).

579 592 792 623 summatum!

312 666 500 696 Prooemium.
522 682 559 686 —
584 665 608 693 1.
628 663 778 693 Pontificis
802 662 897 692 studia
922 662 949 692 iu
971 661 1060 691 resti-

351 711 457 740 tuenda
478 710 604 748 regulari
625 710 781 748 disciplina
801 709 828 738 in
846 708 947 738 ordine
970 707 1062 736 Mino-

351 757 483 785 ritarum.
520 771 559 776 —
590 753 669 789 Quos
702 755 737 782 ad
775 754 802 783 id
841 755 867 783 iu
902 752 1060 782 consilium

352 799 529 828 adhibuerit.
544 798 625 827 -ἵὶ
649 797 686 826 Do,
710 798 818 827 divinis
842 798 955 832 officiis,
973 813 1012 819 —
1035 797 1061 825 3.

352 843 383 873 Et
403 843 547 882 psallendi
571 844 667 873 modo.
687 860 723 864 -—-
741 843 924 873 ‹1.Ol1iectae
948 842 995 877 iis,
1012 841 1061 880 qui

351 894 450 917 contra
483 889 614 925 tendunt,
644 898 765 927 poenae.
794 905 831 909 —
860 888 914 922 Qui
938 887 1024 916 eximi
1048 896 1061 915 a

351 933 441 961 choro
465 933 587 971 possint.
609 950 648 955 —
666 934 693 962 ἶ).
717 932 754 962 De
778 932 907 962 silentio.
929 948 967 954 —
985 930 1063 961 &De

351 977 463 1006 salubri
493 978 670 1007 novitiorum
694 982 722 1007 et
749 978 887 1007 iuvenum
918 975 1061 1004 informa-

353 1021 440 1050 tione.
461 1038 500 1043 --
517 1022 543 1050 Τ.
561 1021 599 1051 De
616 1022 805 1051 abstinentia.
824 1038 861 1042 —-
885 1021 912 1049 8.
933 1019 970 1049 lle
994 1029 1064 1058 qtta-

353 1065 432 1094 litate
455 1065 574 1095 habitus
594 1071 621 1095 et
645 1066 777 1095 vestimn.
799 1082 838 1087 ——
866 1066 893 1094 9.
917 1064 954 1093 lle
979 1063 1063 1093 modo

354 1109 522 1139 licentiandi
547 1110 662 1140 fratres,
684 1127 723 1131 —
756 1110 799 1139 to.
827 1109 866 1139 Ile
890 1109 1063 1138 muneribus

353 1163 409 1182 non
429 1155 544 1184 dandis.
563 1172 600 1176 —
618 1156 663 1184 11.
678 1155 717 1184 De
735 1153 942 1183 familiaribus.
960 1170 999 1174 —
1018 1153 1063 1182 1⁹2.

353 1197 390 1226 De
413 1199 531 1228 studiis.
550 1216 590 1221 —
610 1200 654 1229 13.
673 1199 712 1228 De
728 1199 865 1236 expensis
883 1198 1062 1226 studentium

352 1243 507 1272 evitandis.
533 1261 571 1266 —
595 1244 640 1273 14.
668 1243 821 1272 Decretum
846 1246 945 1271 contra
966 1241 1063 1270 Frati-

351 1287 494 1316 cellorum
515 1296 669 1326 sequaces.
687 1304 726 1309 —
743 1287 787 1316 15.
802 1286 839 1315 De
858 1285 953 1315 libris.
969 1302 1007 1307 —
1025 1284 1064 1314 De

352 1330 440 1359 rebus
464 1331 518 1360 FF.
541 1331 758 1361 decedentium.
781 1348 818 1352 —
844 1331 887 1360 16.
918 1330 954 1359 De
978 1330 1063 1358 donis

352 1379 380 1403 et
406 1376 509 1412 legatis
533 1376 616 1405 sactis
640 1375 791 1405 fratribus.
818 1392 856 1396 —
888 1374 1064 1404 Constitutio

352 1417 481 1448 Bonisac.
516 1419 572 1450 Vlll
604 1420 692 1460 Super
724 1421 879 1450 cathedram
909 1419 1063 1448 validatur.

351 1481 389 1486 —
423 1465 467 1494 17.
497 1465 535 1494 De
564 1465 819 1504 eleemosynarum
854 1464 1014 1499 memoria,
1038 1466 1066 1491 et

353 1508 503 1547 suffragiis
528 1510 682 1540 faciendis.
709 1527 748 1532 —-
766 1510 811 1539 18.
835 1509 873 1539 De
900 1509 1064 1538 iuramento

353 1554 499 1590 generalis
522 1559 549 1583 et
568 1554 792 1594 provincialium
815 1554 1017 1584 ministrorum
1038 1558 1063 1583 ct

353 1598 488 1628 aliorum.
517 1616 556 1621 -——
583 1600 629 1628 19.
660 1599 697 1628 lle
722 1599 849 1636 l'arnilia,
876 1603 903 1628 et
927 1600 1064 1638 expensis

352 1644 499 1680 generalis
520 1644 657 1679 ministri,
676 1649 704 1673 et
722 1646 834 1673 ratione
854 1644 1012 1673 reddenda
1027 1661 1065 1665 —

352 1687 399 1717 20.
428 1686 466 1717 De
494 1688 660 1717 visitatione
690 1688 837 1724 generatis
861 1689 999 1718 ministri.
1027 1705 1065 1709 —

353 1732 398 1760 21.
415 1731 454 1761 De
473 1731 640 1761 visitatione
664 1732 888 1770 produci-ilium
910 1734 998 1762 mirus
986 1738 1063 1762 tio-

354 1785 428 1805 rum.
451 1793 488 1798 —
506 1776 552 1806 2⁶2.
577 1776 614 1805 De
637 1776 826 1806 destitutione
859 1783 884 1806 et
909 1778 1065 1807 renuncia-

354 1821 432 1850 itone
461 1821 686 1860 provincialium
717 1821 930 1851 ministrorum.
952 1840 991 1844 —
1018 1823 1064 1852 ⁹23

354 1865 393 1893 De
422 1865 531 1895 familia
556 1871 584 1895 et
602 1866 737 1905 expensis
761 1867 983 1904 provincialium
1012 1868 1066 1896 mi-

356 1910 516 1939 nistrorum
537 1915 566 1940 et
584 1911 694 1940 ratione
714 1911 861 1940 reddenda
883 1921 933 1950 per
951 1921 1010 1940 eos.
1028 1929 1067 1933 --

356 1952 402 1981 24.
413 1952 452 1982 De
464 1955 620 1983 custodum
634 1960 660 1984 et
677 1954 907 1991 guardianorum
922 1955 1066 1985 electione

356 2003 383 2026 et.
404 1998 637 2027 confirmatione.
663 2015 702 2020 ——
723 1998 770 2027 25.
798 1998 837 2028 De
865 1999 1067 2038 inquisitioni-

357 2042 413 2071 bus
433 2043 467 2072 ad
487 2043 613 2082 capitula
634 2043 794 2073 mittendis.
815 2060 853 2065 —
871 2044 917 2073 26.
936 2043 975 2073 De
1000 2054 1067 2083 pro-

357 2091 503 2117 curatore.
534 2105 574 2110 —
604 2088 650 2118 ⁶27.
690 2087 728 2117 De
760 2088 1011 2126 praedicatoribus
1041 2094 1067 2118 et

357 2131 588 2162 consessoribus.
610 2149 649 2154 —-
675 2133 722 2162 28.
742 2132 780 2162 De
804 2132 944 2162 fratribus
967 2134 1066 2163 eunti-

358 2177 411 2205 bus
432 2186 483 2206 seu
504 2178 653 2207 mittendis
672 2179 706 2207 ad
727 2183 822 2218 partes
841 2179 1014 2209 infidelium.
1031 2197 1067 2202 —

358 2221 405 2251 29.
425 2221 464 2250 Ile
483 2222 659 2252 adhibendis
676 2223 710 2252 ad
728 2223 852 2252 consilia
872 2223 1022 2260 fratribus,
1041 2230 1068 2253 et

360 2267 445 2295 modo
478 2267 602 2296 tenendo
626 2268 653 2296 in
677 2268 730 2297 eis.
758 2284 796 2289 —-
823 2267 870 2297 30.
896 2266 933 2297 [le
957 2269 1069 2298 denun-

358 2312 537 2341 ciationibus
559 2316 587 2341 et
609 2311 854 2351 inquisitionibus
882 2322 1068 2343 excessuum.

358 2373 395 2377 —
415 2356 460 2385 31.
479 2355 519 2385 De
537 2356 729 2392 dormitoriis,
756 2357 881 2385 cameris
904 2362 932 2386 et
950 2358 1070 2387 clausu-
1111 2373 1115 2378 ·

360 2403 411 2431 ris.
434 2418 471 2422 —
494 2402 540 2431 302.
565 2401 602 2431 De
626 2402 779 2431 aediliciis.
802 2419 840 2423 -—-
870 2402 916 2432 33.
940 2402 977 2432 De
1007 2414 1069 2433 mo-

361 2446 490 2476 nialibus
514 2457 566 2477 seu
595 2448 772 2476 minorissiS.
793 2464 833 2469 —-
855 2446 902 2476 ‘De
931 2447 1067 2478 clausura

361 2494 542 2523 monialium.
571 2510 609 2514 ——
641 2492 722 2527 Quod
758 2501 874 2521 sorores
903 2491 1069 2523 Servitiales

360 2538 453 2567 dictae
477 2538 603 2567 debeant
625 2538 765 2577 profiteri.
787 2553 826 2558 —-
844 2536 889 2565 34.
913 2536 951 2565 De
971 2538 1071 2576 publi-

360 2584 473 2612 catione
498 2583 667 2611 huiusmodi
687 2582 940 2610 constitutionum.
962 2598 1001 2603 -—
1024 2582 1070 2611 35.

356 2649 451 2685 (1)Ex
472 2649 577 2683 Regest.
600 2650 623 2675 iu
642 2648 751 2676 Archiv.
775 2649 858 2675 Yatic.

1137 300 1357 329 Contrariorum
1376 300 1535 337 derogatio.
1550 316 1589 321 —
1604 300 1650 329 36.
1668 298 1775 328 Horum
1793 302 1851 327 sta-

1140 350 1265 374 tutorum
1296 344 1397 383 copiae
1420 343 1547 381 singulis
1576 343 1746 373 monialium
1776 351 1849 372 con-

1140 389 1276 419 ventibus
1300 388 1425 418 (luridae.
1449 405 1487 410 —
1505 389 1551 418 37.
1570 388 1738 417 Clausulae.

1121 464 1282 492 Benedictus
1313 464 1453 500 episcopus
1482 471 1577 492 servus
1602 470 1740 492 servorum
1764 462 1827 495 Del.

1234 513 1268 541 ad
1298 514 1457 549 perpetuam
1486 513 1528 542 rel
1547 513 1716 542 memoriam.

1152 586 1344 633 Redemptor
1368 594 1485 625 uester,
1509 586 1605 619 l'actor
1627 585 1798 628 coelorum,
1820 593 1850 619 et
1890 586 2012 607 ‘'mmmm''

1104 637 1268 671 inuniversae
1294 635 1440 670 conditor
1481 643 1652 679 creaturae,
1690 635 1850 669 bominem

1102 695 1315 721 creaturarum
1334 685 1527 720 terrestrium
1545 684 1765 730 dignissimum
1782 685 1852 719 ideo

1102 736 1138 770 ad
1165 736 1332 781 imaginem
1356 747 1443 769 suam
1467 734 1619 772 condidit,
1649 743 1682 769 ut
1709 735 1737 769 in
1762 734 1852 769 bonis

1103 795 1132 820 ot
1155 787 1273 820 sanctis
1294 785 1449 831 operibus
1470 785 1517 818 sui
1537 784 1576 818 sit
1600 784 1735 818 imitator
1748 792 1854 819 aucto·

1105 836 1163 875 ris;
1191 844 1220 869 et
1249 836 1328 869 banc
1364 848 1434 870 esse
1462 834 1560 868 νοΙιιιῑ
1594 835 1765 869 naturalem
1794 834 1854 868 bu-

1105 886 1186 919 mani
1209 885 1334 931 generis
1356 884 1555 930 dignitatem,
1577 892 1608 917 ut
1637 884 1665 918 in
1693 896 1742 923 eo,
1763 884 1852 939 quasi

1105 936 1134 969 iu
1158 935 1293 981 quodam
1329 933 1470 981 speculo,
1501 942 1531 968 et
1557 932 1681 968 divinae
1709 934 1853 980 imaginis

1105 985 1201 1018 forma
1233 983 1443 1030 resplendeat
1482 991 1512 1017 et
1549 991 1729 1018 sanctarum
1759 996 1853 1029 opera

1105 1034 1263 1068 reluceant
1286 1034 1457 1072 actionum,
1480 1032 1603 1067 donans
1619 1033 1665 1067 eis
1677 1032 1852 1067 secundum

1106 1096 1202 1118 unum
1238 1092 1267 1117 et
1294 1083 1442 1117 eumdem
1482 1082 1628 1128 spiritum
1657 1081 1853 1117 diversorum

1104 1133 1183 1168 dona
1207 1133 1419 1171 carismatum,
1443 1131 1617 1166 secundum
1647 1131 1762 1177 gratias
1796 1131 1856 1166 dis-

1104 1182 1241 1216 serentes
1279 1182 1414 1216 sundans
1448 1181 1638 1215 militantem
1667 1181 1855 1218 Ecclesiam,

1104 1244 1238 1278 eamque
1266 1231 1440 1277 insigniens
1467 1230 1599 1265 diversis
1620 1230 1857 1265 conditionibus

1106 1281 1268 1314 bominum
1299 1281 1327 1314 iu
1356 1280 1483 1314 Christo
1505 1279 1714 1322 credentium,
1747 1289 1777 1315 et
1811 1293 1858 1314 or-

1105 1330 1231 1364 dinibus
1254 1330 1283 1364 in
1314 1330 1428 1363 divinis
1462 1328 1624 1376 obsequiis
1655 1330 1855 1364 militantium

1107 1392 1329 1426 personarum,
1357 1392 1436 1426 quae,
1466 1378 1605 1413 viventes
1638 1378 1698 1413 sub
1737 1379 1857 1425 regula,

1105 1429 1144 1463 ab
1179 1429 1241 1475 ipsa
1278 1429 1335 1463 iter
1364 1437 1445 1463 recte
1482 1427 1603 1462 vivendi
1633 1429 1800 1475 recipiunt,
1828 1437 1857 1462 et

1106 1478 1297 1524 transigendi
1338 1478 1514 1525 praesentis
1556 1477 1686 1513 militiae
1729 1490 1856 1513 cursum

1107 1542 1161 1575 per
1183 1529 1361 1562 divinornm
1380 1528 1522 1562 semitam
1547 1527 1765 1564 mandatorum
1783 1540 1859 1563 nor-

1106 1591 1187 1612 mam
1216 1586 1354 1613 sanctam
1383 1577 1574 1624 suscipiunt,
1602 1585 1632 1612 et
1666 1577 1856 1613 laudabilem

1105 1627 1316 1674 disciplinam.

1154 1680 1173 1721 ξ
1200 1682 1227 1710 t
1253 1677 1293 1711 Ut
1322 1677 1417 1723 igitur
1446 1677 1475 1710 in
1503 1690 1594 1712 sacro
1616 1676 1773 1711 Miuorum
1806 1689 1858 1712 or·
1886 1685 1927 1705 ¹³0¹·
1917 1686 1995 1721 nmio
2010 1689 2055 1705 su·-

1105 1726 1179 1761 dine
1208 1727 1348 1782 irat-rum,
1371 1739 1465 1773 quem
1488 1727 1528 1761 ab
1550 1727 1650 1761 olim
1644 1728 1804 1773 'essimus
1825 1718 1890 1768 ets„
1887 1723 1968 1768 '‘„fuj”
1975 1717 2055 1772 ἐῗζῗιίζ,

1105 1777 1246 1823 gerimus
1261 1778 1291 1810 iu
1307 1776 1479 1811 xisceribus
1491 1778 1573 1811 cbar
1569 1777 1662 1821 itatis,
1677 1776 1853 1811 divinorum
1869 1779 1985 1829 ‘5:21132'2
1990 1785 2018 1828 ¹0¹¹
2023 1784 2056 1829 Ξ

1105 1826 1277 1860 officiorum
1306 1826 1506 1866 saci-ilicium,
1529 1826 1735 1874 debitumque
1760 1826 1877 1861 silen—.
1872 1810 1923 1860 ditm
2003 1816 2019 1829 Η

1107 1876 1203 1918 tium,
1231 1876 1371 1910 ciborum
1414 1876 1616 1916 abstinentia
1650 1876 1856 1911 sanctimonia

1108 1903 1232 1960 liabitiis
1274 1925 1497 1965 ol›serventur;
1545 1925 1686 1960 studium
1730 1937 1857 1973 quoque

1107 1987 1212 2009 sacrae
1236 1975 1372 2021 paginae
1396 1976 1424 2009 in
1453 1975 1538 2010 dicto
1560 1975 1670 2010 ordine
1692 1975 1805 2021 vigeat,
1827 1983 1856 2009 et

1109 2026 1252 2072 personis
1289 2025 1430 2059 eiusdem
1471 2025 1589 2059 ordinis
1620 2025 1658 2059 ad
1687 2025 1746 2060 boc
1779 2026 1859 2072 aptis

1109 2074 1272 2108 insistendi
1296 2074 1472 2121 disciplinis
1498 2074 1695 2120 scholasticis
1716 2087 1859 2109 commo-

1107 2125 1188 2158 ditas
1204 2125 1415 2164 miuistretur;
1439 2136 1474 2159 ac
1496 2124 1632 2158 ebaritas
1651 2124 1719 2166 Dei,
1738 2136 1774 2158 ex
1798 2136 1858 2171 qua

1110 2175 1237 2208 virtutes
1265 2183 1406 2209 caeterae
1440 2183 1642 2220 generantur,
1682 2182 1790 2219 regnet
1829 2183 1859 2208 et

1109 2224 1223 2258 ferveat
1247 2224 1275 2257 iu
1304 2224 1453 2258 cordibus
1471 2223 1674 2262 eorumdem,
1699 2231 1860 2258 caeterae-

1108 2286 1170 2320 que
1199 2273 1371 2308 laudabiles
1398 2273 1613 2308 observantiae
1634 2273 1792 2319 regulares
1814 2274 1858 2308 sic

1109 2323 1330 2370 exemplariter
1357 2324 1480 2358 luceant
1514 2323 1542 2356 in
1578 2323 1709 2363 eisdem,
1739 2333 1771 2358 nt
1796 2323 1858 2357 sint

1110 2386 1139 2407 m
1163 2373 1231 2407 aliis
1255 2374 1284 2407 in
1309 2381 1389 2407 recte
1413 2373 1536 2407 vivendi
1553 2373 1730 2420 speculum,
1746 2382 1776 2407 et
1793 2373 1859 2407 imi-

1112 2422 1222 2457 tandae
1249 2422 1422 2457 sanctitatis
1443 2423 1641 2470 exemplum:
1665 2422 1702 2457 ad
1733 2422 1856 2457 landem

1111 2472 1180 2512 Det,
1205 2482 1233 2507 ct
1255 2473 1449 2520 spiritualem
1503 2472 1676 2519 profectum
1716 2473 1856 2506 omnium

1112 2528 1309 2561 militantium
1347 2527 1375 2560 in
1410 2527 1520 2560 ordine
1553 2535 1726 2561 memorato
1762 2527 1859 2561 infra-

1111 2582 1242 2627 scriptas
1265 2581 1478 2616 ordinationes
1497 2582 1526 2615 in
1546 2581 1629 2616 dicto
1652 2581 1775 2625 ordine,
1802 2594 1860 2616 au-

1113 2636 1239 2670 xiliante
1269 2635 1348 2674 Deo,
1377 2636 1536 2683 perpetuis
1564 2634 1676 2670 futuris
1710 2636 1860 2683 tempori-
