2274 3265
111 260 162 287 An.
175 259 201 286 C.
224 258 291 285 1355

132 814 219 839 suaque
241 812 302 832 buius

120 845 204 869 genet-ts
224 848 303 869 oppor-

120 879 170 895 tuna
185 874 283 894 fat-tendi.

131 1408 262 1429 Olistantiunt
274 1409 307 1427 de-

125 1442 214 1464 rogalia.

146 2005 235 2032 Tempus
255 2004 317 2030 lega-

133 2038 197 2057 tionis
218 2036 317 2056 indetini—

133 2071 183 2088 tum.

148 2254 258 2275 faciendis
276 2259 318 2273 om-

135 2286 196 2306 nibus
206 2286 268 2305 robur
280 2286 318 2305 a-d

133 2318 212 2337 licitur.

896 254 1107 278 tNNOCENTtus
1130 255 1160 277 Vt
1187 255 1233 278 t’t’.

308 311 528 358 depositionis,
563 311 775 358 relegationis,
799 312 1056 359 praescriptionis

310 370 478 408 perpetuae
511 361 555 396 vel
571 361 752 409 temporalis
766 361 948 403 sententias,
966 369 1057 408 prout

310 411 347 446 ad
377 412 476 457 ipsam
501 411 676 446 Ecclesiam
701 412 911 458 pertinuerit,
935 410 1058 445 sublato

310 461 531 509 appellationis
558 462 742 502 obstaculo,
774 460 995 507 compescendi
1029 469 1059 493 ct

311 511 490 546 coercendi.
518 511 556 545 Et
580 512 618 545 de
641 511 745 545 causis
760 510 1004 558 appellationum
1021 510 1058 543 ad

313 560 427 595 Sedent
458 561 671 607 Apostolicam
700 559 923 607 cognoscendi,
958 568 987 593 et
1009 572 1060 593 eas

315 611 375 645 line
409 610 514 645 debito
537 610 724 645 terminandi
747 622 782 644 ac
810 609 951 654 liniendi,
974 609 1061 643 ordi-

315 659 410 694 nandi
442 668 472 694 et
506 661 683 699 statuendi,
719 669 749 694 et
777 659 851 694 reali
885 659 1060 694 executioni

315 709 496 744 mandandi.

364 759 385 806 g
408 761 463 793 15.
483 758 519 793 ΕΙ
544 759 663 803 omnia,
693 771 772 806 quae
794 758 830 793 ad
861 758 955 793 liuius
977 758 1062 805 pleni

318 809 481 843 vicariatus
508 808 537 842 in
557 809 782 855 temporalibus
804 817 835 843 et
851 808 1064 843 reformatoris

317 858 453 892 officium
483 858 652 904 pertinent,
674 866 703 892 et
721 870 802 904 quae
825 858 998 892 necessaria
1018 856 1064 891 vel

320 907 404 941 utilia
427 906 543 940 fuerint
570 919 773 955 quocumque
800 907 894 941 modo
917 908 945 940 in
976 919 1061 953 prae—

319 957 436 995 missis,
458 964 489 991 et
511 968 546 990 ea
566 957 769 1003 tangentibus
783 965 813 991 et
828 956 1067 1004 quomodolibet

318 1006 515 1045 eorumdem,
543 1014 572 1039 et
596 1018 677 1053 quae
704 1007 741 1039 ad
766 1006 915 1040 bonorem
940 1013 968 1039 et
985 1018 1068 1039 com-

319 1055 449 1089 modum
473 1056 614 1090 eiusdem
638 1056 799 1090 Romanae
826 1056 1007 1094 Ecclesiae,
1030 1055 1067 1089 ad

321 1105 486 1139 utilitatem
516 1113 545 1139 et
582 1117 767 1152 prosperum
800 1114 830 1139 et
863 1105 1068 1151 tranquillum

320 1163 436 1189 statum
454 1154 796 1194 Patrimonii,ducatus
818 1155 988 1194 Marcbiae,
1005 1166 1070 1201 pro-

321 1205 508 1246 vinciarum,
530 1205 690 1239 civitatum
714 1213 743 1238 et
767 1213 919 1238 terrarum
945 1204 1070 1250 praedi-

320 1262 441 1288 ctarum
457 1253 569 1288 cedere
585 1254 712 1297 videris,
734 1262 761 1288 et
777 1253 832 1288 tibi
851 1254 949 1288 risum
977 1253 1069 1287 suerit

321 1303 479 1349 expedire.

357 1353 528 1399 511.Νο11
541 1352 737 1387 obstantibus
748 1351 1006 1399 quibuscumque
1016 1352 1072 1398 pri·

324 1403 454 1448 vilegiis,
468 1401 672 1448 indulgentiis
683 1409 713 1436 ct
725 1402 824 1436 literis
832 1401 1012 1449 apostolicis
1027 1401 1073 1435 vel

326 1451 555 1498 imperialibus,
574 1451 634 1486 sub
661 1463 941 1499 quorumcumque
963 1450 1076 1485 verbo-

325 1514 393 1536 rum
421 1502 626 1548 expressione
648 1501 821 1541 concessis,
843 1509 873 1536 et
897 1501 1075 1543 contrariis,

325 1552 418 1586 etiam
444 1550 641 1590 Patrimonii,
659 1551 793 1585 ducatus
815 1551 984 1593 Marcbiae,
1002 1563 1076 1597 pro-

327 1601 512 1642 vinciarum,
535 1601 711 1644 civitatum,
727 1608 878 1635 terrarum
900 1601 1077 1647 praedicta·-

328 1664 396 1686 rum
420 1652 564 1695 statutis,
586 1650 875 1685 consuetudinibus
890 1650 1077 1687 observatis,

329 1714 383 1748 per
413 1713 495 1748 quae
522 1700 644 1736 nullum
678 1701 818 1748 cuique,
845 1701 1077 1747 cuiuscumque

329 1751 603 1798 praeeminentiae,
633 1750 814 1797 dignitatis,
849 1750 1078 1790 excellentiae,

329 1800 520 1835 conditionis
541 1809 594 1835 aut
615 1808 715 1835 status
731 1800 836 1840 fuerit,
859 1800 889 1834 in
919 1799 976 1834 hac
992 1807 1078 1846 parte

329 1851 478 1885 volumus
500 1849 614 1885 adferri
637 1849 820 1895 suffragium
838 1877 846 1889 ,
869 1849 1080 1884 concedentes

330 1899 460 1934 liberam
483 1907 514 1934 et
537 1898 706 1946 plenariam
731 1899 922 1933 facultatem.

379 1948 399 1995 g
428 1951 483 1983 15.
510 1947 689 1982 Vicariatus
710 1956 814 1983 antem
838 1960 958 1988 curam,
991 1947 1080 1994 regi-

331 2010 403 2032 men
418 2025 427 2041 ,
448 1997 708 2044 gubernationem
723 2025 732 2041 ,
759 1997 1079 2036 administrationem,

333 2055 518 2095 potestatem
547 2059 584 2082 ac
612 2047 863 2082 iurisdictionem
885 2047 1080 2091 huiusmodi,

333 2096 453 2132 tamdiu
473 2097 619 2131 volumus
637 2095 819 2143 perdurare,
833 2097 935 2132 donec
951 2109 1006 2144 per
1021 2096 1081 2131 Se—

332 2147 403 2181 dem
438 2146 580 2181 eamdem
617 2146 701 2181 aliud
739 2147 904 2193 contigerit
931 2146 1079 2181 ordinari.

382 2196 402 2243 g
430 2197 486 2230 16.
508 2195 602 2231 Νο8
596 2208 725 2243 insuper
747 2208 926 2243 processus,
954 2204 1081 2231 senten-

334 2246 392 2281 tias
413 2253 507 2301 atque
531 2257 660 2293 poenaS,
682 2258 762 2301 quos
787 2253 817 2280 et
839 2259 917 2294 quas
937 2246 1081 2301 proferri,

333 2308 368 2330 ac
390 2295 481 2330 etiam
498 2307 576 2343 quae
600 2307 656 2343 per
678 2303 707 2329 te
732 2295 789 2330 rite
817 2296 882 2330 fieri
904 2296 1081 2342 contigerit,

335 2354 396 2380 rata
419 2345 618 2385 habebimus
640 2353 669 2379 et
685 2345 847 2385 faciemus,
874 2353 1002 2380 auctore
1016 2345 1082 2380 Do-

335 2396 432 2435 mino,
455 2394 674 2429 inviolabiliter
695 2394 864 2430 observari.

1102 560 1223 605 singula
1257 540 1390 599 melius?
1411 561 1534 608 plenius
1561 569 1591 595 et
1619 562 1725 596 utilius
1757 574 1848 595 exer-

1102 611 1163 644 ceri
1183 611 1321 665 possint
1349 611 1507 645 univmsis
1533 620 1561 644 et
1589 612 1724 653 sumnus
1751 611 1851 646 Patri-

1725 245 1795 278 505
1860 257 1910 282 An.
1928 255 1957 282 c.
1975 254 2040 282 ¹555

1098 311 1143 345 eis
1161 323 1356 351 concessam,
1379 312 1528 358 quamdin
1552 312 1582 346 in
1606 312 1671 346 suis
1690 311 1801 346 officiis
1816 320 1843 346 et

1099 361 1424 396 adininistt··.ttinnil›ns
1448 362 1674 409 praesederint,
1701 374 1845 396 exercere

1101 411 1209 450 libere,
1236 412 1317 445 sicut
1341 412 1437 457 prins,
1468 413 1598 451 valeant,
1626 425 1686 447 non
1704 412 1846 446 intendi—

1102 474 1171 495 mus
1193 461 1317 508 aliquod
1343 462 1573 507 praeiudicium
1594 463 1747 507 generari.

1149 511 1169 557 g
1198 513 1253 544 18
1293 510 1333 544 Ut
1362 511 1455 557 inunt·
1489 513 1656 559 praemiSSt
1686 512 1790 546 omnia
1819 519 1847 545 et
1875 522 1948 542 oben
1949 527 1980 541 ·nt
1992 520 2049 539 te-

1863 558 1910 580 gato
1935 560 1969 579 pra
1960 556 2045 572 estan-

1104 661 1213 701 monit,
1235 661 1371 695 ducatus
1394 661 1561 701 llltrcliiae,
1594 663 1850 709 provinciarum,

1104 711 1264 746 civitatum
1281 719 1310 745 et
1330 720 1484 747 terrarum
1505 712 1732 759 praedictarum
1757 721 1854 747 recto-

1106 761 1204 805 ribus,
1233 762 1489 804 vicerectoribus,
1514 762 1740 809 potestatibus,
1768 762 1854 809 capi-

1107 811 1218 849 taneis,
1241 811 1428 846 officialibus
1461 820 1491 846 et
1518 812 1650 847 caeteris
1679 813 1794 846 nostris
1826 821 1854 845 et

1107 860 1266 895 Ecclesiae
1289 862 1453 901 subiectis,
1482 863 1712 907 cuiuscumque
1736 869 1856 903 status,

1110 911 1374 957 praeeminentiae,
1389 911 1549 957 dignitatis
1566 911 1795 945 ecclesiasticae
1811 910 1856 943 rel

1109 960 1298 1003 mundanae,
1313 961 1432 995 ordinis
1451 962 1494 995 vel
1514 961 1704 995 conditionis
1715 961 1858 1003 existant,

1109 1010 1221 1044 damus
1248 1010 1419 1045 districtius
1440 1011 1468 1045 in
1498 1010 1665 1051 mandatis,
1695 1018 1727 1044 ut
1749 1010 1803 1044 tihi
1819 1009 1860 1043 ef-

1111 1060 1247 1093 ficaciter
1276 1069 1403 1107 pareant
1426 1069 1454 1094 et
1475 1061 1650 1095 intendant.
1674 1059 1758 1093 Nulli
1773 1071 1859 1105 ergO.

1111 1117 1163 1142 ele.

1162 1157 1276 1192 Datum
1292 1159 1374 1206 apud
1396 1159 1507 1193 Villam
1524 1160 1641 1193 Not-am
1663 1158 1862 1192 Avenionen-

1107 1207 1156 1241 'sis
1173 1208 1340 1246 dioecesis.
1368 1213 1388 1242 ξ.)
1413 1209 1535 1243 kalend.
1555 1210 1644 1248 iunii,
1662 1208 1863 1256 pontificatus

1115 1258 1212 1292 nostri
1240 1270 1324 1292 anno
1348 1259 1461 1305 primo.
2010 1274 2023 1281 ν

1166 1317 1225 1347 Dat.
1245 1319 1291 1348 die
1314 1320 1347 1348 31
1374 1320 1442 1349 maii
1466 1320 1549 1355 1353,
1573 1319 1673 1359 pontis.
1695 1329 1770 1348 anno
1793 1328 1811 1349 1.

1121 1552 1212 1590 Quod
1228 1559 1352 1585 rectores
1364 1553 1595 1597 provinciarum
1615 1553 1701 1585 Horu.
1720 1552 1870 1586 Ecclesiae

1165 1612 1320 1644 processus
1335 1614 1353 1635 a
1371 1603 1571 1635 thesaurariis
1595 1610 1700 1635 contra
1724 1613 1783 1635 non
1808 1603 1869 1634 sol-

1168 1660 1264 1685 ventes
1290 1664 1392 1685 census
1414 1654 1507 1685 eidem
1534 1653 1686 1685 Ecclesiae
1701 1653 1815 1684 debitos
1824 1653 1870 1696 fa-

1171 1709 1231 1735 ctos
1253 1704 1432 1746 suspendere
1453 1710 1506 1735 aul
1522 1714 1657 1738 cassare,
1675 1710 1739 1740 etc„
1762 1703 1870 1734 eisdem

1169 1753 1370 1785 thesaurariis
1395 1753 1584 1793 inconsultis,
1599 1764 1658 1785 nan
1677 1752 1794 1796 possint
1815 1753 1869 1793 (1).

1379 1831 1594 1862 SUMitAtttUM

1122 1899 1147 1928 1.
1170 1898 1282 1928 Causae
1312 1898 1450 1928 serendae
1473 1898 1562 1927 huius
1583 1898 1666 1937 legis,
1693 1914 1731 1920 —
1752 1898 1780 1928 ⁵2.
1805 1897 1872 1927 Pro-

1162 1943 1266 1973 hibitio
1291 1944 1336 1982 (de
1364 1954 1415 1982 qua
1437 1944 1465 1973 ιἰι
1483 1943 1616 1980 rubrica).
1645 1960 1683 1965 —
1704 1943 1871 1972 Clausulae.

1121 2020 1295 2048 Innocentius
1337 2020 1477 2056 episcopus
1507 2026 1602 2048 servus
1635 2026 1775 2048 servorum
1804 2019 1871 2051 Dei.

1256 2069 1290 2097 ad
1313 2070 1473 2105 perpetuam
1497 2069 1537 2097 rei
1567 2069 1735 2097 memoriam

1171 2142 1190 2188 S
1218 2143 1250 2175 1.
1281 2140 1453 2175 Multorum
1477 2153 1571 2187 saepe
1600 2140 1707 2175 relatio
1730 2149 1871 2175 nostrum
1899 2152 1927 2172 t:
1916 2158 1964 2173 ‚taus
1955 2158 1978 2172 2
1998 2152 2025 2172 fe.
2032 2158 2056 2172 en
2061 2164 2071 2167 -

1125 2191 1257 2239 1111183111
1284 2191 1439 2234 auditum,
1466 2190 1551 2237 qnod
1582 2199 1719 2225 rectores
1742 2190 1872 2237 provin-
1888 2184 1912 2203 ¹¹³
1915 2184 1997 2204 ²³³⁰
2010 2183 2070 2207 ¹⁶⁶⁹*

1123 2254 1256 2278 ciarum,
1278 2241 1453 2280 civitatum,
1475 2248 1660 2279 castr,ornm
1679 2248 1871 2274 terrarumet

1123 2291 1254 2325 alioium
1280 2290 1421 2325 locorum
1450 2290 1486 2324 ad
1524 2302 1600 2328 nos,
1635 2298 1664 2324 et
1696 2289 1871 2324 Ecclesiam

1125 2340 1298 2375 Romanam
1327 2339 1506 2374 immediate
1537 2340 1767 2386 spectantium,
1795 2339 1871 2373 dum

1125 2403 1180 2437 pro
1203 2390 1427 2436 recuperandis
1449 2398 1478 2424 et
1501 2389 1665 2435 exigendis
1678 2389 1827 2423 censibus
1841 2397 1872 2423 et

383 2445 403 2491 g
432 2447 488 2479 17.
529 2444 590 2479 Per
611 2444 687 2479 haec
713 2453 816 2479 antem
854 2445 1026 2480 rectoribus
1052 2454 1081 2480 et

150 2502 189 2523 Per
212 2503 236 2522 ¹¹³
229 2508 263 2523 er
284 2508 319 2523 re-
335 2494 549 2529 officialibus
543 2507 572 2529 tn
598 2494 790 2529 Patrimonio
816 2503 846 2529 et
868 2494 983 2530 ducatu
1006 2495 1082 2530 Mar—

137 2530 230 2550 ctoribus
260 2530 294 2549 al‘i

152 2562 177 2577 ue
196 2556 242 2576 offic
246 2536 321 2576 tattiius
336 2545 435 2584 cltiae,
450 2544 631 2590 provinciis,
651 2544 829 2579 civitatibus
844 2553 874 2580 et
896 2545 985 2580 terris
999 2557 1083 2591 prae-

138 2590 229 2630 1131ιῖῗηῖ
232 2583 290 2629 501¹}
292 2583 322 2629 flii
336 2594 428 2628 dictis
451 2606 505 2641 per
530 2593 645 2629 Sedem
660 2594 874 2640 Apostolicam
892 2595 1081 2639 constitutis,

134 2637 188 2657 ‘⁸¹¹¹
212 2637 320 2663 '¹‘³³¹⁸¹¹¹'‘
336 2644 508 2692 quominus
543 2643 791 2679 iurisdictionem
831 2652 862 2678 et
897 2653 1080 2691 potestatem

137 2664 199 2684 cium
414 2700 488 2733 Bull.
512 2700 587 2731 Rom.
615 2700 668 2731 Vol.
692 2701 737 2731 Il.
905 2702 942 2732 fil

1123 2440 1194 2475 aliis
1216 2439 1336 2474 iuribus
1360 2439 1463 2474 eidem
1481 2439 1639 2473 Ecclesiae
1653 2438 1778 2479 debitis,
1794 2451 1872 2472 con-

1125 2498 1167 2524 tra
1209 2490 1427 2524 universitates
1467 2502 1521 2523 sen
1554 2489 1798 2523 communitates
1826 2489 1869 2523 vel

1123 2540 1299 2587 singulares
1323 2551 1472 2586 personas
1488 2539 1660 2583 civitatum,
1683 2547 1870 2581 castrorum,

1125 2599 1277 2625 terrarum
1294 2590 1490 2636 aliorumque
1513 2588 1654 2623 locorum
1669 2588 1869 2623 subditorum

1158 2661 1197 2697 (1)
1216 2661 1255 2688 Ex
1272 2661 1374 2696 Regest.
1397 2661 1423 2687 in
1444 2660 1551 2687 Archiv.
1575 2660 1658 2687 Vatic.
