2274 3265
107 259 157 286 Αιι.
175 260 203 286 C.
222 262 288 288 ¹5¹8

120 1008 197 1035 Quibus
208 1011 232 1030 de
244 1016 291 1029 cau-

109 1047 137 1061 sis
165 1042 188 1061 ah
217 1043 290 1062 eodem

108 1075 255 1098 supprimatur:

810 263 946 286 romnus
970 264 1026 285 xxi
1051 253 1158 294 ulit-tus
1187 264 1270 285 xxii·
1300 265 1345 286 nr.

304 316 441 352 rioritate
464 318 493 351 in
518 317 594 364 ipsis
616 318 718 352 dictae
737 317 916 352 Narbonen.
941 317 1053 352 Eccle-

303 366 380 410 siae,
415 366 497 401 sicut
519 367 548 401 in
576 367 644 402 aliis
666 367 873 413 suffragancis
899 366 963 401 suis
994 366 1054 400 ha-

305 416 377 451 bere
405 416 601 462 dignoscitur
624 417 800 454 reservatis,
822 415 971 450 duximus
993 415 1052 449 cxi

305 466 468 505 mendanu
495 474 525 500 et
552 465 625 511 quia
643 464 779 512 praefata
796 464 935 499 Ecclesia
950 463 988 498 de
1005 464 1055 498 Li-

304 527 393 549 moso
421 514 583 549 facultates
615 526 676 548 non
708 513 842 548 habebat
868 513 906 547 ad
929 513 1053 559 episco-

305 564 407 610 palem
429 564 622 598 sufficientes
654 563 823 604 honorem,
858 562 1054 597 decrevimus

305 614 454 660 episcopo
471 613 644 654 Limosen.‚
659 614 712 658 qui
729 620 811 646 esset
829 624 883 658 pro
900 621 1054 658 tompore7

305 662 343 697 de
366 662 490 698 situatis
516 660 692 695 redditibus
721 661 861 695 eiusdem
896 661 1054 695 Ecclesiae

305 711 483 747 Narbonen.
500 710 640 757 quinque
662 710 756 744 millia
773 710 923 745 librarum
951 710 1055 745 Turo—

305 773 377 795 nen.
407 772 572 808 parvorum
589 759 704 794 dehere
732 772 888 794 summam
918 772 1053 795 annuam

304 810 467 855 assignari,
485 815 577 855 prout
592 808 669 843 haec
687 809 717 843 in
747 809 860 843 uostris
876 821 970 856 super
995 808 1054 844 hoc

305 859 455 894 confectis
480 857 579 892 literis
608 858 760 893 seriosius
788 858 1004 893 narrabantur.

354 908 374 955 g
405 910 439 941 2.
476 906 623 953 Cumque
648 907 849 953 postmodum
884 907 921 942 ad
954 916 1056 954 partes

306 957 374 992 illas
396 957 432 991 ad
458 955 696 1003 inquirendum,
720 957 749 991 in
778 957 896 1003 quibus
919 957 994 991 locis
1024 957 1057 991 li-

308 1006 425 1041 mitatio
448 1005 603 1040 dioecesis
626 1014 655 1040 et
677 1006 849 1052 assignatio
873 1005 1054 1040 reddituum

306 1055 542 1103 praedictorum
565 1054 667 1089 eidem
692 1055 851 1090 Ecclesiae
873 1055 910 1089 de
926 1054 1055 1089 Limoso

306 1104 405 1150 magis
440 1103 646 1138 accommode
661 1112 777 1139 etcum
812 1104 924 1137 minori
952 1104 1057 1138 defor-

305 1155 442 1188 matione
465 1160 496 1188 et
523 1153 663 1187 laesione
694 1153 872 1200 praedictae
898 1152 1056 1188 Ecclesiae

304 1202 488 1237 Narbonen.
530 1201 597 1236 fieri
621 1201 752 1237 deberet
779 1209 809 1236 et
841 1210 964 1248 posset,
988 1214 1057 1236 cer-

306 1260 350 1286 tas
377 1260 408 1286 et
434 1250 627 1285 sufficientes
651 1263 802 1297 personas
824 1251 973 1285 duximus
1001 1252 1057 1285 de-

305 1299 483 1335 stinandas:
519 1311 617 1346 quare
645 1308 708 1335 tam
741 1313 779 1334 ex
817 1299 969 1334 relatione
998 1300 1058 1334 fide

305 1349 428 1395 digna
422 1361 580 1402 ipsorum,
607 1361 702 1396 quam
730 1349 823 1384 etiam
848 1350 986 1395 plurium
1004 1362 1057 1384 ca-

306 1398 495 1433 nonicorum
519 1410 619 1444 ipsius
639 1398 798 1433 Ecclesiae
820 1397 1000 1432 Narbonen.
1029 1406 1059 1432 et

307 1457 548 1495 procuratorum
582 1448 674 1482 etiam
715 1447 948 1494 archiepiscopi
991 1459 1058 1481 me-

308 1496 431 1541 morati,
467 1496 520 1542 qui
548 1497 764 1531 conditionem
798 1505 827 1531 et
854 1505 969 1532 statum
998 1496 1059 1531 Ec-

307 1546 420 1580 clesiae
442 1544 623 1580 Narbonen.
652 1546 831 1593 praedictae
859 1553 889 1580 et
918 1545 1059 1591 singula-

307 1595 387 1630 rium
415 1595 559 1629 locorum
589 1594 689 1630 dictae
712 1594 867 1629 dioecesis
890 1595 981 1641 plene
1002 1607 1059 1629 uo-

307 1653 431 1685 verunt,
453 1651 651 1690 compertum
675 1652 732 1685 est,
759 1644 843 1691 quod
867 1645 891 1678 si
915 1645 944 1678 in
974 1643 1060 1678 dicto

307 1693 376 1728 loco
408 1693 446 1728 de
482 1692 611 1728 Limoso
647 1693 831 1728 huiusmodi
870 1693 1061 1728 cathedralis

306 1742 449 1778 Ecclesia
472 1751 659 1787 remaneret,
688 1743 717 1777 in
741 1743 954 1789 assignatione
977 1743 1061 1778 dioc-

306 1792 388 1828 cesis
409 1801 440 1826 et
463 1792 644 1826 reddituum
666 1793 898 1840 praedictorum
925 1794 1059 1840 praefata

307 1841 452 1877 Ecclesia
473 1841 656 1876 Narbonen.
685 1850 746 1876 tam
772 1843 801 1875 in
830 1843 1009 1878 redditibus
1032 1852 1059 1878 ct

308 1893 386 1928 locis
405 1891 464 1927 sibi
485 1894 587 1937 magis
622 1893 837 1928 accommodis
865 1902 894 1928 et
929 1893 1060 1937 ricinis7

307 1956 402 1991 quam
431 1944 523 1978 etiam
553 1945 582 1977 iu
607 1944 820 1990 assignatione
836 1943 988 1978 dioecesis
1005 1943 1061 1977 dc-

309 1994 495 2029 formaretur
518 1994 700 2040 plurimum,
716 2000 745 2028 et
760 2005 821 2027 non
837 1993 996 2027 modicum
1010 2005 1061 2028 cc-

309 2044 432 2078 deretur
448 2046 508 2087 (1);
525 2052 555 2078 et
571 2043 655 2090 quod
673 2043 897 2077 monasterium
918 2055 1060 2077 sororum

309 2093 348 2128 de
376 2093 527 2127 Pruliauo
561 2092 737 2127 secundum
768 2093 908 2126 instituta
933 2092 1061 2127 fratrum

308 2142 567 2177 Praedicatorum
605 2142 767 2176 inventum
803 2142 875 2175 olim
905 2142 1063 2177 dioecesis

309 2191 494 2231 Tholosan.,
527 2192 577 2225 cui
603 2191 762 2238 praedicta
790 2191 979 2237 parochialis
1001 2191 1063 2225 Ec-

311 2241 406 2275 clesia
434 2240 473 2275 dc
496 2240 623 2275 Limoso
646 2241 690 2275 sic
714 2241 743 2274 in
768 2240 981 2275 cathedralem
999 2252 1064 2274 erc-

311 2298 359 2324 cta
381 2289 522 2324 subiecta
547 2290 658 2332 fuerat,
676 2298 704 2324 et
723 2290 752 2324 in
776 2302 837 2336 qua
863 2290 979 2324 multos
998 2290 1064 2324 red-

312 2339 396 2373 ditus
435 2347 464 2373 et
500 2346 671 2385 proventus
708 2340 840 2386 percipit
877 2340 1063 2383 annuatim,

312 2389 482 2423 enormiter
520 2388 718 2427 laedebatur,
755 2401 812 2423 nec
846 2389 903 2423 sibi
933 2398 1063 2435 poterat,

312 2438 371 2472 loci
396 2437 619 2473 commoditate
648 2447 789 2484 pensata,
813 2439 1064 2484 recompensatio

313 2495 497 2534 competens
520 2486 679 2521 exhiberi:
708 2487 858 2534 quodque
880 2488 917 2521 ad
934 2489 1064 2543 amplio-

315 2550 357 2571 ris
387 2537 486 2584 ipsius
521 2536 616 2569 divini
651 2536 754 2570 cultus
790 2549 839 2571 au
833 2545 996 2581 rinentnin
1033 2551 1062 2571 ιιι

314 2586 391 2621 locis
418 2585 625 2631 infrascriptis
644 2585 726 2620 duae
749 2594 820 2633 poti
825 2594 891 2620 raut
910 2588 963 2620 cri«
957 2587 984 2633 ti
1003 2587 1065 2621 Ec·-

349 2648 388 2683 (¹)
406 2647 503 2675 Forsan
525 2649 595 2673 laedi
598 2655 611 2673 r
614 2651 684 2673 etur.

1725 255 1795 288 269

1094 318 1208 352 clesiac
1230 318 1425 353 cathedrales
1447 333 1518 353 cum
1544 320 1653 354 maiori
1669 320 1843 355 animarum

1096 366 1251 412 profectu,
1277 375 1308 401 et
1335 367 1427 413 louge
1450 368 1562 403 minori
1587 369 1753 404 laesione
1747 370 1847 416 ipsius

1095 415 1254 451 Ecclesiae
1276 416 1456 451 Narbonen.
1451 444 1471 458 .,
1499 425 1565 452 tum
1590 418 1661 465 quia
1687 428 1846 454 monaste-

1096 465 1139 499 ria
1163 465 1393 511 praedictorum
1430 466 1571 501 locorum
1602 480 1632 502 ιιι
1670 468 1847 503 redditibus

1096 514 1141 548 sic
1163 514 1327 549 allluentcr
1355 515 1533 560 abundant,
1569 517 1653 562 quod
1680 517 1758 563 ipsis
1780 530 1847 552 am-

1096 563 1195 597 babus
1219 564 1372 598 Ecclesiis
1394 564 1548 605 redditus,
1576 566 1627 612 qui
1655 566 1711 612 ipsi
1737 566 1847 601 Eccle—

1096 612 1160 647 siae
1182 613 1221 647 de
1244 612 1372 648 Limoso
1394 614 1517 648 fuerant
1541 614 1744 656 conferendi,
1767 616 1847 650 sulli-

1096 673 1167 696 cerc
1192 669 1340 709 poterunt
1361 674 1460 709 aequa
1487 663 1710 699 distributione
1732 664 1848 708 collati,

1099 719 1165 745 tum
1188 711 1281 746 etiam
1312 719 1440 758 propter
1468 711 1608 759 ipsorum
1632 712 1773 747 locorum
1804 714 1849 748 di-

1097 761 1243 795 stantiam
1267 761 1305 796 ab
1329 760 1468 796 Ecclesia
1502 761 1698 803 Narbonem,
1722 771 1849 808 propter

1097 822 1190 856 quam
1225 811 1255 844 in
1292 810 1507 855 assignatione
1534 810 1690 846 dioecesis
1717 819 1747 846 et
1783 812 1849 846 red-

1097 859 1219 893 dituum
1248 859 1389 894 facienda
1413 859 1532 894 eisdem
1556 859 1709 895 Ecclesiis
1730 860 1848 906 erigen-

1097 908 1145 942 dis
1168 921 1229 943 non
1254 916 1375 943 tantum
1399 908 1661 944 deformationem
1686 922 1742 945 seu
1766 910 1849 945 dam-

1099 970 1175 992 num
1198 958 1308 992 eadem
1332 958 1514 993 Narbonen.
1544 958 1686 994 Ecclesia
1709 959 1850 1006 recipcre

1099 1007 1228 1053 po·teiit‚
1256 1008 1336 1042 sicut
1373 1007 1403 1042 in
1431 1007 1590 1042 erectione
1611 1008 1714 1043 solum
1738 1008 1850 1043 Eccle-

1097 1056 1163 1090 siae
1191 1056 1230 1091 de
1255 1056 1384 1091 Limoso
1417 1056 1589 1104 praefatae3
1617 1057 1800 1104 praemissis
1822 1066 1850 1093 et

1098 1105 1168 1139 aliis
1196 1105 1406 1140 suadentibus
1434 1106 1525 1140 iustis
1551 1106 1656 1140 causis
1684 1118 1757 1141 cum
1788 1106 1852 1141 fia-

1100 1154 1200 1188 tribus
1223 1155 1338 1188 uostris
1353 1154 1445 1201 plene
1467 1154 1633 1199 discussis,
1655 1155 1739 1202 quod
1755 1168 1852 1202 super

1098 1203 1257 1237 erectione
1292 1204 1428 1238 civitatis
1443 1211 1472 1238 et
1492 1203 1654 1239 Ecclesiae
1678 1203 1852 1251 praedicta-

1100 1265 1169 1286 rum
1197 1265 1252 1299 per
1275 1264 1332 1286 nos
1354 1252 1468 1287 factum
1497 1260 1574 1292 erat,
1608 1261 1790 1288 revocantes
1821 1263 1852 1288 et

1099 1309 1259 1336 cassantes
1281 1313 1441 1348 expresse,
1467 1301 1505 1336 de
1527 1302 1660 1336 consilio
1671 1310 1702 1337 et
1715 1302 1853 1338 auctori-

1100 1359 1160 1385 tate
1185 1350 1366 1397 praedictis⁷
1389 1363 1424 1385 ae
1439 1363 1476 1384 cx
1491 1359 1574 1386 certa
1591 1359 1694 1386 nostra
1710 1352 1852 1393 scientia,

1099 1399 1138 1434 ad
1162 1399 1285 1434 laudem
1308 1399 1364 1434 Dei
1384 1409 1414 1435 et
1436 1400 1656 1435 exaltationem
1678 1400 1852 1441 Ecclesiae,

1101 1449 1305 1495 fideliumque
1332 1449 1479 1492 salutem,
1506 1449 1638 1484 eandem
1671 1449 1852 1485 Narbonem

1101 1498 1272 1533 dioecesim
1313 1498 1343 1532 in
1375 1507 1439 1533 tres
1473 1497 1636 1534 dioeceses
1669 1499 1853 1534 auctoritate

1101 1547 1275 1594 apostolica
1313 1547 1510 1588 dividentes,
1554 1560 1633 1595 quas
1669 1560 1724 1595 per
1750 1556 1854 1583 certos

1101 1596 1251 1643 distingui
1286 1596 1400 1631 limites
1436 1596 1607 1638 faciemus,
1645 1598 1791 1632 volumus
1824 1606 1855 1632 et

1102 1645 1305 1680 decernimus
1332 1646 1517 1680 auctoritate
1540 1646 1697 1693 praedicta
1721 1656 1750 1682 et
1767 1647 1854 1681 eius-

1102 1695 1172 1729 dem
1211 1695 1408 1742 plenitudiue
1449 1697 1631 1742 potestatis,
1671 1704 1703 1730 ut
1732 1704 1856 1743 praeter

1102 1745 1259 1779 civitatem
1297 1744 1492 1786 Nar-bonon„
1528 1757 1623 1791 quam
1660 1757 1748 1780 suam
1775 1758 1853 1792 pro—

1104 1794 1201 1840 priam
1230 1802 1260 1828 et
1296 1794 1476 1829 distinctam
1508 1794 1634 1829 habebit
1661 1793 1855 1837 dioecesim,

1102 1843 1197 1877 certis
1219 1843 1257 1878 de
1281 1856 1361 1878 novo
1385 1844 1501 1878 linibus
1528 1843 1739 1884 limitandam,
1755 1843 1854 1878 Electi

1103 1900 1133 1926 et
1155 1892 1263 1927 Sancti
1289 1893 1399 1928 Poncii
1414 1894 1654 1928 Thomcriarum
1675 1893 1764 1929 villae
1780 1894 1855 1928 olim

1103 1942 1205 1977 dictae
1227 1943 1382 1978 dioecesis
1416 1943 1619 1987 Narbonen⁸⁷
1654 1955 1732 1991 quas
1760 1943 1854 1982 veluti

1104 1992 1140 2026 ad
1164 1993 1243 2037 hoc,
1267 2002 1298 2027 ut
1331 1992 1533 2040 praedicitur
1562 1993 1660 2038 magis
1688 2005 1725 2027 ex
1752 1994 1856 2029 causis

1106 2043 1272 2097 praedietis
1295 2042 1515 2077 accommodas
1539 2050 1741 2097 reputamus
1762 2043 1791 2076 in
1810 2044 1856 2077 ci-

1106 2092 1214 2126 vitates
1259 2092 1412 2138 erigimus
1452 2100 1480 2125 ct
1518 2091 1655 2126 civitatis
1701 2092 1854 2127 vocabulo

1105 2141 1311 2185 decoramus
1346 2148 1505 2187 separatas·
1540 2141 1701 2175 dioeceses
1724 2140 1857 2176 babeant

1105 2191 1197 2225 eei-iis
1230 2190 1384 2224 limitibus
1418 2189 1676 2236 distinguendas:
1706 2190 1856 2236 quodque

1105 2239 1144 2273 dc
1180 2240 1293 2274 Beatae
1330 2238 1446 2273 Mariae
1483 2239 1646 2279 Electcn.,
1681 2247 1713 2273 et
1748 2238 1855 2274 Sancti

1106 2288 1207 2322 Pontii
1237 2289 1477 2323 Thomcriarum
1508 2288 1768 2322 monasteriorum
1791 2289 1857 2323 Ec-

1106 2338 1219 2372 clesiae
1238 2339 1300 2372 sint
1323 2350 1358 2372 ex
1382 2349 1466 2371 nunc
1488 2346 1517 2371 et
1541 2337 1715 2372 habeantur
1737 2337 1776 2372 de
1790 2350 1857 2372 cae·

1107 2396 1173 2422 tero
1189 2387 1348 2422 Ecclesiae
1366 2386 1580 2421 cathedrales:
1604 2387 1642 2421 ita
1662 2386 1745 2434 quod
1770 2387 1857 2434 ipsae

1106 2450 1179 2471 cum
1219 2449 1326 2471 earum
1363 2435 1509 2483 capitulis
1550 2436 1614 2470 sire
1648 2436 1857 2471 conventibus

1106 2499 1141 2521 ac
1179 2486 1358 2520 civitatibus
1385 2494 1415 2519 et
1446 2484 1644 2519 dioecesibus
1684 2485 1857 2520 limitandis

1107 2536 1344 2581 archiepiscopo
1381 2543 1411 2569 ct
1452 2534 1613 2569 Ecclesiae
1660 2534 1856 2573 Narbonen,

1109 2593 1215 2631 utpote
1249 2584 1507 2630 metropolitanae
1547 2596 1679 2625 eorum,
1708 2592 1856 2631 tanquam

1107 2634 1310 2678 suffraganea·
1334 2634 1394 2667 sint
1418 2633 1588 2668 subiectae.

1861 266 1910 291 An.
1929 265 1957 290 C.
1977 264 2043 290 15¹8

1885 1951 1912 1969 Αιῖ
1930 1956 1995 1970 novae
2010 1952 2055 1969 eii*

1871 1987 1901 2005 gai
1897 1984 1944 2001 ιιιιιι
1981 1981 2055 2001 Ecsto-

1871 2014 1922 2032 siae,
