2274 3265
244 239 293 265 An.
314 237 342 264 C.
357 237 422 264 1336

265 1983 291 2004 De
308 1984 407 2004 aedificiis

486 226 555 258 412

437 290 620 326 dormitorio
646 295 867 335 sequestratas.
896 287 930 321 ln
954 287 1046 322 dictis
1073 295 1177 321 autem

436 340 523 376 cellis
556 347 586 374 et
624 337 736 373 studiis
759 349 812 371 seu
849 337 980 371 cameris
1014 335 1179 371 comedere

437 402 497 425 non
528 395 742 436 praesumant,
764 386 821 421 nisi
841 386 917 421 forte
933 387 962 421 in
986 387 1117 420 cameris
1131 397 1178 419 ra-

436 440 519 473 tione
543 437 730 472 infirmitatis
748 436 793 470 vel
808 436 846 471 de
869 436 992 471 licentia
1018 435 1178 469 ministro-

436 501 504 524 rum
546 500 582 522 ex
622 486 725 532 aliqua
765 485 823 520 alia
863 484 1035 521 rationabili
1075 495 1177 518 causa.

436 538 527 581 Quod
555 538 579 572 si
607 544 714 571 contra
738 536 880 575 fecerint,
903 534 1077 570 secundum
1106 545 1179 566 suo-

438 601 505 622 rum
548 586 745 634 superiorum
787 584 949 619 arbitrium
996 583 1177 630 puniantur.

436 637 592 671 Volumus
625 636 742 678 etiam,
776 635 857 682 quod
893 635 922 668 in
950 633 1027 668 locis
1059 631 1179 666 ordinis

437 686 626 722 sufficientes
652 685 813 720 clausuras
825 696 885 718 uon
899 682 1086 717 habentibus
1100 680 1179 715 clau-

438 748 529 771 surae
562 734 742 769 bniusmodi
778 733 842 767 sieri
880 739 1110 778 procurentur:
1151 737 1180 763 et

437 785 520 834 quod
544 784 657 819 diebus
678 783 813 828 singulis
837 782 912 816 infra
932 781 1066 828 spatium
1092 791 1182 813 com-

438 834 634 882 prehendens
675 832 838 867 ecclesiam
886 842 939 865 seu
985 828 1154 864 oratorium
1171 855 1180 870 ,

437 885 622 927 claustrum,
641 881 858 916 dormitorium
887 888 917 914 et
944 878 1048 914 studia
1071 890 1086 912 a
1106 877 1181 912 dor-

438 933 561 968 mitorio
583 939 723 978 separata
739 958 748 974 ,
771 938 800 964 et
822 937 959 964 secretae
983 928 1182 963 necessitatis

437 983 554 1022 locum,
577 981 685 1016 fratres
704 991 815 1015 onmes
839 988 960 1025 praeter
984 978 1125 1012 infirmos
1153 985 1181 1012 et

438 1031 579 1066 forenses
594 1042 629 1065 ac
651 1030 817 1064 servitores
831 1040 953 1072 eorum,
972 1036 1002 1062 et
1021 1027 1101 1071 illos,
1117 1028 1182 1074 qui-

439 1082 498 1116 bus
531 1091 716 1115 concessum
756 1086 802 1112 est
835 1077 950 1112 habere
988 1089 1126 1111 cameras
1166 1090 1180 1110 a

439 1130 620 1166 dormitorio
641 1136 810 1176 separatas,
823 1140 837 1161 a
853 1127 1067 1174 Completorio
1083 1138 1183 1173 nsque

439 1180 476 1215 ad
498 1179 631 1227 primum
654 1179 779 1224 signum
801 1177 922 1211 l‘rimae
937 1176 997 1212 diei
1021 1176 1183 1222 sequentis

439 1243 472 1265 se
508 1229 689 1274 recolligant
708 1239 761 1262 seu
796 1226 971 1265 includant,
998 1225 1105 1272 sieque
1130 1237 1183 1272 per

440 1280 552 1314 domos
578 1278 654 1313 alias
681 1277 727 1311 vel
754 1277 892 1323 porticus
913 1284 966 1310 aut
989 1275 1105 1321 plateas
1130 1274 1182 1308 illo

440 1338 594 1375 tempore,
618 1326 714 1374 quieti
738 1334 767 1360 et
787 1325 960 1360 orationum
984 1324 1100 1364 dedito,
1117 1324 1184 1358 nul-

441 1379 561 1412 latenus
583 1383 762 1422 evagentur,
791 1387 848 1409 nec
869 1374 907 1409 ad
926 1374 1056 1409 lectores
1072 1373 1111 1408 dc
1125 1387 1182 1408 no-

442 1435 490 1462 cte
518 1434 716 1472 praesumant
738 1424 899 1460 accedere,
929 1424 1050 1459 etiamsi
1073 1436 1181 1457 eornm

442 1488 583 1511 camerae
615 1475 729 1509 luerint
751 1474 827 1508 intra
858 1474 1064 1508 inclusionem
1094 1485 1184 1519 prae-

442 1526 574 1561 dictam:
602 1525 640 1559 ad
669 1524 809 1558 infirmos
824 1531 926 1557 tamen
946 1531 1031 1557 extra
1055 1522 1185 1556 conclu-

442 1577 562 1610 sionem
609 1573 795 1620 praedictam
837 1573 956 1619 possint
989 1572 1027 1606 de
1062 1571 1183 1606 licentia

442 1623 602 1671 guardiani
632 1623 677 1657 vel
700 1622 766 1656 eins
786 1622 888 1656 vicarii
916 1621 1075 1661 accedere,
1091 1621 1115 1655 si
1132 1633 1185 1655 ea-

444 1687 497 1708 sus
521 1672 715 1708 necessitatis
732 1679 879 1717 emergat.
907 1670 988 1705 Loca
1012 1682 1084 1704 vero
1112 1670 1184 1705 dieti

443 1723 574 1765 ordinis,
596 1733 676 1769 quae
698 1722 733 1754 ad
770 1720 950 1754 huiusmodi
981 1719 1185 1754 inclusionem

445 1785 506 1807 non
529 1781 601 1807 sunt
624 1771 783 1818 disposita,
802 1770 961 1817 quamcito
989 1769 1186 1804 commodius

445 1823 509 1857 fieri
534 1821 658 1869 poterit,
688 1820 906 1867 disponantur,
929 1828 958 1853 ct
981 1819 1054 1853 liuic
1068 1818 1185 1853 salubri

444 1872 658 1907 observantiae
680 1878 874 1917 coaptentur.

493 1923 514 1970 g
540 1925 596 1956 52.
620 1921 784 1955 Praeterea
805 1920 948 1955 volumus
971 1928 998 1953 et
1019 1920 1111 1953 etiam
1135 1931 1188 1952 or-

445 1973 604 2010 dinamus,
627 1971 709 2019 quod
741 1970 770 2004 in
800 1970 877 2004 locis
904 1970 977 2003 dicti
1002 1969 1121 2002 ordinis
1135 1969 1189 2003 Ec·

446 2023 557 2058 clesiae
584 2031 636 2056 aut
659 2021 802 2056 officinae
819 2033 872 2055 seu
898 2020 1028 2066 quaevis
1049 2019 1107 2053 alia
1136 2032 1190 2053 ae-

446 2072 548 2107 dificia
576 2081 758 2118 sumptuosa
780 2084 840 2105 non
865 2070 1065 2110 inchoentur,
1089 2082 1191 2116 neque

447 2123 659 2165 destruantur,
688 2121 745 2155 nisi
774 2120 997 2155 deliberatione
1022 2119 1108 2166 prius
1136 2119 1191 2153 ba-

448 2172 509 2207 bita
532 2171 674 2217 diligenti
700 2183 755 2218 per
782 2169 958 2217 generalem
985 2181 1040 2203 seu
1065 2168 1193 2215 provin-

448 2223 556 2256 cialem
586 2221 776 2263 ministrum,
795 2219 971 2257 custodem,
987 2219 1191 2265 guardianum

449 2281 478 2306 et
492 2271 644 2306 discretos
662 2271 740 2310 loci;
767 2279 795 2303 et
825 2269 1031 2304 nibilominus
1059 2268 1193 2302 interve.-

451 2323 555 2357 niente
601 2321 782 2356 auctoritate
826 2320 922 2367 ipsius
955 2319 1108 2365 generalis
1137 2331 1192 2352 seu

452 2371 650 2420 provincialis
687 2371 845 2406 ministri:
878 2378 906 2403 et
943 2382 1012 2403 cum
1053 2367 1192 2403 facienda

452 2423 568 2458 fuerint
589 2430 616 2455 et
642 2421 813 2456 inchoanda
838 2419 1016 2454 huiusmodi
1042 2418 1195 2457 aedificia,

452 2481 576 2508 caveant
605 2471 771 2518 diligenter
800 2469 947 2518 praedicti
976 2477 1006 2503 et
1028 2468 1193 2516 alii,quod

455 2529 579 2568 propter
603 2522 681 2568 ipsa,
700 2534 753 2555 sen
777 2520 941 2555 occasione
958 2519 1098 2566 ipsorum
1119 2531 1196 2553 cou-

456 2581 563 2606 ventus
597 2579 696 2605 victus
731 2582 904 2605 necessaria
934 2582 994 2603 uon
1030 2576 1194 2607 amittant,

456 2633 511 2655 nec
535 2621 600 2654 loca
617 2621 679 2667 ipsa
700 2620 812 2655 debitis
836 2628 1054 2665 aggraventur,
1080 2618 1197 2653 consti-

1009 232 1143 255 BULLAtu
1150 232 1192 254 ΕΜ

1222 230 1380 253 ROMANUM

1221 286 1340 319 tutione
1369 284 1495 330 praelati
1523 283 1697 318 Clementis
1713 284 1965 330 praedecessoris

1221 334 1316 369 nostri
1340 345 1435 379 super
1457 332 1518 367 hoc
1540 332 1620 367 edita
1649 333 1679 366 io
1696 344 1753 367 suo
1777 333 1886 369 robore
1902 333 1963 368 du-

1222 392 1333 418 ratura.
1363 382 1422 417 Per
1445 382 1613 429 praemissa
1643 394 1732 420 vero,
1763 382 1811 416 vel
1838 383 1963 430 aliquod

1223 432 1466 480 praemissorum
1488 444 1547 466 non
1571 431 1764 466 intendimus
1781 431 1906 477 regulae
1920 432 1964 466 di-

1221 491 1343 517 ctorum
1373 481 1500 516 fratrum
1526 494 1581 515 seu
1604 481 1882 516 constitutionibus
1913 492 1965 516 aut

1221 531 1483 566 declarationibus
1508 542 1784 577 quorumcumque
1807 529 1966 565 Romano-

1224 594 1290 615 rum
1302 581 1488 615 Pontificum
1500 580 1777 627 praedecessorum
1789 586 1965 615 nostrorum

1222 630 1399 665 subsecutis
1415 657 1424 673 ,
1450 642 1504 664 seu
1535 629 1624 665 sartis
1647 629 1691 664 vel
1730 629 1844 664 habitis
1871 641 1967 676 super

1223 692 1279 719 ea,
1317 680 1346 714 in
1374 680 1479 726 aliquo
1500 679 1668 725 derogare:
1698 679 1843 726 quinimo
1877 691 1969 725 prae-

1224 730 1317 764 missa
1329 729 1431 764 omnia
1447 736 1476 764 et
1489 729 1610 775 singula
1626 728 1801 763 secundum
1816 729 1968 774 regulam,

1223 778 1465 814 constitutiones
1487 787 1515 813 et
1539 778 1766 813 declarationes
1783 777 1968 824 praedictas,

1225 829 1253 862 in
1276 836 1428 876 quantum
1455 828 1537 874 ipsas
1561 836 1705 874 tangunt,
1729 827 1857 873 intelligi
1882 828 1968 861 volu-

1225 890 1296 912 mus
1317 887 1347 911 et
1369 889 1494 911 servari.

1272 928 1367 975 555.
1398 926 1540 974 Insuper,
1563 927 1634 973 quia
1657 926 1747 961 decet
1772 925 1889 960 Christi
1917 927 1968 960 fa—

1225 977 1337 1014 milias.
1371 985 1401 1010 et
1428 976 1555 1011 devotas
1582 975 1732 1018 ancillas,
1759 987 1839 1022 quae
1876 988 1970 1010 mun-

1224 1026 1314 1061 danis
1336 1027 1525 1073 contemptis
1545 1025 1711 1069 illecebris,
1726 1025 1875 1059 adversus
1888 1025 1971 1072 prin-

1224 1077 1310 1123 cipes
1343 1075 1553 1115 tenebrarum,
1588 1083 1617 1109 et
1652 1083 1759 1109 contra
1793 1074 1971 1121 spirituales

1225 1125 1381 1172 nequitias
1408 1134 1613 1172 pugnaturae,
1636 1137 1669 1159 se
1694 1136 1748 1170 per
1771 1123 1972 1170 professionis

1226 1183 1331 1210 votum
1350 1174 1525 1221 disciplinis
1541 1173 1737 1220 regularibus
1749 1173 1974 1216 astrinxerunt,

1226 1225 1254 1258 in
1290 1236 1389 1270 agone
1413 1224 1586 1270 praesentis
1610 1223 1738 1257 militiae
1761 1222 1806 1257 sic
1830 1235 1884 1269 per
1919 1236 1974 1256 rt·—

1225 1283 1309 1309 ctutn
1328 1274 1383 1308 iter
1407 1273 1624 1308 observantiae
1645 1271 1796 1318 regularis
1817 1272 1975 1315 incedere,

1227 1331 1258 1357 ut
1281 1336 1335 1370 per
1363 1323 1529 1370 perlectam
1558 1322 1662 1357 cordis
1689 1330 1719 1355 et
1745 1322 1887 1368 corporis
1916 1334 1975 1368 pu-

1227 1373 1360 1416 ritatem,
1377 1380 1445 1419 post
1468 1380 1721 1407 consummatum
1735 1383 1863 1405 cursum
1881 1383 1974 1405 mun·

1225 1422 1316 1456 dialis
1337 1422 1526 1463 certaminis,
1543 1433 1696 1468 supernae
1715 1420 1885 1455 vocationis
1906 1420 1976 1455 bra-

1228 1472 1309 1505 vium
1353 1472 1503 1518 consequi
1540 1480 1730 1505 mereantur:
1775 1469 1840 1504 Nos
1883 1471 1975 1505 statui

1229 1520 1424 1560 monialium,
1451 1521 1475 1554 si
1509 1533 1591 1568 quae
1625 1528 1698 1554 sunt
1725 1518 1785 1553 sub
1808 1531 1880 1553 cura
1921 1533 1976 1554 seu

1228 1571 1380 1616 regimine
1415 1571 1543 1605 fratrum
1572 1569 1694 1605 ordinis
1721 1568 1893 1607 Miuorum,
1929 1569 1974 1604 vel

1227 1628 1319 1653 erunt
1344 1621 1373 1654 in
1395 1619 1548 1660 futurum,
1571 1620 1634 1653 sive
1658 1618 1907 1657 Minorissarum,
1924 1627 1975 1652 aut

1227 1668 1361 1703 Sanctae
1380 1669 1490 1704 Clarae
1517 1681 1573 1704 seu
1601 1668 1707 1703 Sancti
1731 1666 1875 1701 Damiani
1899 1668 1979 1702 ordi-

1230 1731 1303 1752 num
1319 1719 1477 1753 vocabulis
1491 1725 1725 1765 nuncupentur,
1741 1724 1886 1763 paternae
1902 1717 1979 1751 soli-

1229 1767 1379 1802 citudinis
1394 1769 1499 1803 studio
1523 1767 1686 1815 providere
1704 1767 1853 1806 volentes,
1868 1776 1978 1802 aucto-

1232 1818 1319 1852 ritate
1356 1818 1566 1865 praesentium
1595 1817 1791 1860 ordinamus,
1826 1816 1911 1863 quod
1949 1816 1978 1850 in

1232 1867 1365 1914 singulis
1380 1868 1576 1903 monasteriis
1589 1867 1772 1902 earumdem
1787 1878 1841 1913 per
1854 1866 1981 1912 provin-

1231 1918 1324 1952 ciales
1339 1918 1499 1952 ministros
1521 1917 1661 1952 eiusdem
1678 1915 1798 1950 ordinis
1825 1915 1980 1950 Minorum

1232 1967 1270 2000 ‹le
1291 1980 1446 2002 consensu
1464 1967 1690 2002 abbatissarum
1710 1974 1740 2001 et
1756 1973 1981 2005 conventuum,

1232 2031 1286 2053 seu
1323 2018 1450 2053 maioris
1484 2017 1579 2064 partis
1616 2029 1748 2051 numero
1786 2016 1982 2059 earumdem,

1233 2068 1416 2103 auctoritate
1450 2067 1621 2115 apostolica
1657 2075 1763 2101 certus
1798 2066 1981 2101 monialium

1235 2130 1386 2152 numerus
1420 2125 1574 2152 statuatur
1609 2126 1690 2151 iuxta
1720 2124 1982 2151 monasteriorum

1235 2168 1375 2214 ipsorum
1416 2167 1650 2215 suppetentiam
1691 2166 1917 2201 obventionum
1955 2175 1982 2200 et

1235 2218 1325 2251 etiam
1355 2217 1555 2258 facultatum,
1579 2216 1704 2263 itaquod
1732 2228 1768 2250 ex
1805 2216 1880 2262 ipsis
1908 2228 1983 2251 con-

1235 2279 1311 2312 grue
1340 2267 1461 2302 valeant
1499 2267 1688 2301 sustentari:
1718 2265 1867 2313 quodque
1904 2266 1982 2301 ultra

1236 2317 1353 2351 dictum
1371 2330 1538 2352 numerum
1558 2317 1642 2351 nulla
1667 2317 1696 2350 in
1713 2317 1758 2351 eis
1777 2316 1981 2363 possitrecipi

1238 2367 1296 2400 nisi
1320 2368 1358 2402 de
1386 2367 1584 2414 Apostolicae
1611 2366 1702 2401 Sedis
1721 2366 1906 2401 auctoritate
1928 2379 1982 2401 seu

1238 2418 1359 2451 licentia
1404 2418 1542 2463 speciali,
1578 2417 1623 2452 vel
1654 2416 1712 2451 nisi
1742 2416 1820 2451 adeo
1843 2417 1982 2463 ipsorum

1239 2467 1497 2502 monasteriorum
1527 2467 1690 2502 facultates
1705 2479 1758 2501 scu
1778 2466 1984 2501 obventiones

1238 2526 1465 2561 excrescerent,
1487 2517 1570 2565 quod
1593 2516 1734 2564 pluribus
1758 2525 1886 2563 possent
1905 2516 1985 2552 suffi-

1239 2579 1309 2601 cere
1337 2576 1572 2614 competentem
1595 2567 1648 2601 sed
1665 2579 1701 2601 ex
1720 2575 1793 2600 tunc
1814 2567 1901 2613 prius
1914 2566 1985 2601 talis

1240 2618 1452 2651 excrescentia
1487 2617 1637 2651 referatur
1672 2615 1810 2663 capitulo
1848 2615 1983 2660 generali

1981 229 2028 255 An.
2045 228 2073 254 C.
2094 229 2160 255 t556

1999 935 2026 954 De
2043 934 2168 954 monialibus

1985 972 2022 985 sen
2043 966 2167 985 minorissis.
