2274 3265
138 284 188 310 Αη.
205 282 234 307 C.
257 282 321 308 1526

149 1123 176 1143 De
223 1124 319 1148 registris

136 1154 254 1174 servandis.

842 281 980 306 ioannes
1008 281 1065 304 xxi
1090 270 1197 312 (dn-tus
1222 272 1306 311 xxii)
1330 282 1376 303 rr.

337 336 475 370 notarius
498 335 631 370 alicuius
657 334 811 370 auditoris
843 336 993 383 deinceps
1025 348 1083 369 au-

335 384 406 419 deat
432 384 590 428 scribere,
620 384 664 418 vel
704 393 881 431 praesumat
910 386 939 419 in
970 396 1081 427 eausa,

334 434 359 468 si
383 434 510 469 alterius
546 434 680 480 partium
704 434 805 468 dictae
833 446 946 468 causae
974 434 1003 467 in
1025 445 1083 467 au-

335 482 451 517 dientia
475 483 635 518 literarum
667 483 951 523 contradictarum,
977 483 1021 515 vel
1052 482 1081 515 in

337 532 449 578 palatio
490 532 685 579 apostolico,
721 543 774 565 seu
810 531 950 567 Romana
987 531 1082 565 Curia

337 591 520 628 procurator
543 581 588 616 vel
613 589 772 626 promotor
795 581 1005 625 negotiorum,
1026 592 1080 613 seu

336 632 558 678 pensionarius
584 629 810 677 quoquomodo
829 629 923 664 fuerit
951 629 996 663 vel
1017 631 1084 664 exi-

335 689 405 715 stat.
428 680 491 715 Sed
515 681 539 715 si
562 692 599 714 ex
622 679 794 725 ignorantia
817 679 1012 725 contingeret
1026 691 1083 713 au-

335 729 468 765 ditorem
500 729 635 776 aliquam
665 728 710 763 vel
734 729 854 775 aliquas
876 740 1002 763 eausam
1026 740 1081 762 seu

334 791 446 814 causas
478 779 569 813 alicui
598 777 648 812 tali
684 778 804 812 notario
826 778 1022 812 committere
1044 777 1082 811 ad

334 828 551 870 scribendum,
586 827 690 862 statim
728 827 869 862 notarius
900 826 1082 862 huiusmodi

334 889 458 911 causam
485 889 540 911 seu
577 875 834 911 commissionem
872 877 900 909 in
937 875 1083 910 manibus

335 925 408 959 dicti
438 924 591 960 auditoris
619 924 770 959 restituat.
806 924 1008 960 Contrarium
1036 924 1084 959 fa-

334 975 420 1009 ciens
445 987 499 1021 per
526 986 643 1008 annum
673 974 711 1007 ab
733 973 834 1008 officio
862 975 1033 1009 notariatus
1053 974 1082 1007 in

336 1023 451 1070 palatio
473 1022 653 1057 exercendo
675 1023 716 1056 sit
742 1035 778 1057 eo
807 1024 874 1069 ipso
898 1024 1046 1069 privatus.

383 1073 481 1119 §24-
510 1072 586 1106 Item
618 1071 745 1118 praefati
780 1072 945 1117 registrum
974 1072 1082 1106 cuius-

334 1134 471 1168 cumque
499 1133 625 1161 causae,
657 1121 686 1154 in
714 1132 774 1167 qua
798 1120 907 1155 notarii
941 1120 1081 1167 deputati

334 1170 484 1209 existunt,
506 1182 579 1204 cum
604 1169 740 1204 manuali
764 1182 822 1204 suo
870 1179 899 1203 et
923 1170 1084 1216 productis

334 1218 552 1265 originalibus,
574 1226 743 1265 autequam
761 1218 927 1264 registrum
948 1218 1082 1252 auditori

334 1268 503 1302 exhibeant
525 1275 555 1302 et
576 1267 684 1314 copias
711 1268 741 1300 in
771 1266 927 1313 publicam
951 1266 1082 1300 formam

334 1329 389 1351 seu
429 1317 459 1351 in
492 1316 668 1363 simplicem
706 1316 890 1362 scripturam
925 1315 1083 1358 redactas,

334 1378 405 1400 cum
437 1365 547 1400 eodem
577 1365 728 1411 registro,
750 1373 918 1411 antequam
944 1365 1084 1411 partibus

334 1415 467 1456 tradant,
489 1414 656 1461 diligenter
678 1413 869 1454 auscultent,
891 1421 921 1448 et
943 1413 1017 1447 alias
1039 1413 1084 1447 sic

335 1464 471 1511 perfecte
497 1463 622 1498 videant
657 1471 688 1497 et
720 1464 877 1509 corrigant
903 1462 1083 1509 diligenter,

333 1512 418 1560 quod
443 1524 497 1559 per
523 1524 632 1547 eorum
672 1512 822 1547 incuriam
859 1512 1082 1558 negligentiam

335 1563 381 1596 vel
404 1562 482 1596 alias
505 1561 581 1595 nibil
610 1561 648 1595 de
667 1561 928 1596 substantialibus
950 1561 1083 1595 omitta-

335 1620 404 1655 tur,
426 1623 482 1645 seu
499 1610 651 1645 damnum
668 1610 794 1657 aliquod
818 1611 954 1657 patiatur
979 1610 1082 1657 aliqua

337 1661 469 1707 partium
498 1659 700 1699 earumdem;
728 1672 785 1694 nec
817 1660 846 1693 in
875 1659 1011 1693 favorem
1038 1658 1083 1693 vel

336 1709 564 1756 praeiudicium
603 1710 696 1743 unius
732 1708 867 1755 partium
911 1708 1084 1755 praemissa

334 1759 494 1806 complere
520 1758 664 1793 differant
693 1758 738 1793 vel
767 1766 968 1805 postponant.
1007 1757 1083 1791 ltem

334 1808 417 1855 quod
447 1809 506 1843 iam
529 1808 602 1842 dicti
639 1808 751 1842 notarii
783 1820 895 1842 omnes
924 1815 1013 1841 aetus
1036 1807 1084 1841 iu-

334 1858 482 1892 diciarios
499 1857 593 1897 clare,
612 1856 758 1891 distincte
785 1865 814 1891 et
838 1856 1086 1891 substantialiter

336 1909 367 1941 in
391 1906 526 1941 manuali
554 1918 610 1940 seu
639 1906 831 1946 memoriali,
866 1906 895 1939 in
932 1905 1084 1939 auditoris

335 1967 467 1999 causae,
501 1955 530 1988 in
559 1967 619 2001 qua
654 1955 815 1997 scribunt,
844 1954 1030 2001 praesentia,
1057 1962 1086 1988 et

337 2005 483 2051 partium,
510 2005 535 2038 si
559 2012 725 2051 expectare
748 2004 915 2046 voluerint,
945 2003 1087 2037 conscri-

338 2054 411 2088 bere
439 2065 501 2088 non
534 2060 737 2100 postponant.
764 2052 804 2086 Et
828 2061 993 2099 postquam
1018 2052 1086 2086 illos

337 2102 596 2148 conscripserint,
620 2102 650 2136 in
679 2102 844 2147 registrum
874 2101 1008 2135 fideliter
1037 2112 1087 2134 re-

337 2152 445 2198 digant
467 2150 515 2185 vel
539 2151 637 2197 redigi
666 2150 798 2192 faciant3
828 2158 858 2185 et
887 2150 1025 2197 requisiti
1048 2149 1087 2183 ab

339 2201 414 2246 ipsis
448 2199 589 2246 partibus
610 2199 657 2234 vel
685 2212 792 2234 earum
816 2199 933 2246 aliqua,
964 2200 993 2233 in
1022 2198 1087 2232 sin-

337 2250 420 2295 gulis
443 2249 604 2293 terminis,
640 2249 780 2295 partibus
802 2248 922 2282 eisdem
947 2248 1086 2294 copiam,

337 2311 409 2332 cum
430 2309 486 2345 per
508 2298 626 2332 dietum
650 2297 826 2332 auditorem
847 2297 970 2332 decreta
984 2297 1086 2339 fuerit,

337 2347 404 2382 sine
428 2346 610 2381 difficultate
633 2355 663 2381 et
691 2346 798 2381 fraude
825 2359 1024 2393 quacumque
1047 2345 1088 2380 fa-

337 2399 435 2441 ciant,
457 2396 542 2430 salvo
564 2408 623 2431 suo
645 2397 726 2430 iusto
748 2397 860 2430 salario
876 2395 1008 2430 inferius
1023 2407 1088 2429 mo-

338 2446 458 2481 derato.
486 2444 565 2479 Item
598 2445 683 2492 quod
713 2445 808 2479 iidem
838 2446 950 2479 notarii
975 2446 1003 2479 in
1038 2456 1087 2478 re-

337 2497 436 2541 gistro
464 2494 545 2528 illius
572 2506 697 2539 causae,
725 2494 755 2528 in
782 2506 843 2540 qua
872 2494 1025 2533 scribunt,
1054 2502 1087 2527 ut

339 2543 542 2591 praedicitur,
569 2555 680 2578 omnes
714 2544 883 2578 sententias
909 2542 1087 2577 definitivas

338 2602 368 2627 et
398 2592 651 2627 interlocutorias
684 2604 719 2627 ac
751 2592 972 2631 inhibitiones,
1011 2603 1087 2625 nee-

338 2654 400 2677 nou
434 2642 648 2676 intimationes
680 2650 710 2675 et
736 2641 963 2688 appellationes
994 2641 1088 2675 verbo

417 2698 492 2728 Ball.
511 2698 589 2728 Rom.
613 2698 667 2727 Vol.
690 2697 736 2727 IV.
890 2697 925 2728 41

1757 272 1818 303 32¹

1126 343 1170 377 vel
1204 344 1233 377 in
1270 344 1394 390 seriptis
1428 345 1578 385 emissas,
1612 356 1648 378 ex
1680 344 1801 390 integro
1839 344 1878 379 de

1125 392 1219 427 verbo
1252 392 1289 427 ad
1320 393 1448 427 verbum
1476 393 1675 428 conseribant
1692 421 1699 431 .
1727 406 1798 428 eum
1823 407 1877 441 per

1125 449 1242 488 partem
1268 442 1313 475 vel
1351 450 1454 488 partes
1481 455 1537 477 seu
1570 443 1746 478 auditorem
1777 445 1876 491 ipsius

1124 502 1237 525 causae
1272 491 1387 525 fuerint
1422 493 1576 537 requisiti.
1614 492 1690 527 Item
1715 494 1799 540 quod
1826 495 1876 527 in-

1125 548 1297 574 strumenta
1336 548 1366 575 et
1400 541 1456 574 alia
1497 553 1552 588 per
1586 551 1687 588 partes
1724 543 1873 589 producta

1125 589 1294 635 diligenter
1317 590 1480 635 registrent
1506 591 1552 623 rel
1583 592 1736 637 registrari
1762 592 1875 626 faciant

1125 640 1235 674 notarii
1271 640 1446 674 memorati.
1483 640 1559 674 Arta
1585 653 1656 675 vero
1680 641 1709 675 in
1735 641 1874 687 partibus

1125 690 1228 725 habita
1253 690 1382 725 minime
1405 690 1586 736 registrent,
1609 691 1662 725 sed
1685 703 1874 726 conserven-

1125 748 1175 774 tur
1197 752 1252 786 per
1273 739 1356 773 illius
1379 751 1492 774 causae
1515 741 1671 774 notarium
1696 740 1873 785 diligenter,

1125 789 1183 822 nisi
1213 796 1316 843 partes
1351 789 1397 823 vel
1427 801 1533 823 earum
1570 789 1677 829 altera,
1713 789 1760 823 illa
1791 799 1875 835 pete-

1127 845 1195 871 rent
1233 838 1409 883 registrari;
1449 850 1519 885 pars
1548 850 1620 872 vero
1651 838 1727 872 baec
1765 846 1875 885 petens

1125 887 1164 922 de
1188 887 1318 932 registro
1331 887 1510 922 satisfacere
1525 895 1679 922 teneatur.
1695 886 1772 921 Item
1789 887 1873 934 quod

1127 936 1248 976 notarii,
1276 948 1357 982 quos
1391 936 1546 971 interdum
1576 949 1670 983 perp‹
1675 944 1740 975 tuo
1771 944 1798 970 et
1825 948 1876 969 ιη-

1126 963 1248 1019 leuduni
1271 985 1308 1019 ad
1329 993 1455 1040 tempus
1478 985 1515 1019 de
1531 985 1616 1019 curia
1632 985 1786 1019 absentari
1804 996 1876 1018 con-

1127 1034 1240 1079 tigerit,
1278 1034 1382 1069 omnia
1411 1035 1557 1079 registra,
1584 1042 1650 1068 aeta
1674 1042 1702 1067 et
1727 1033 1874 1079 producta

1125 1095 1304 1122 causarum,
1334 1083 1363 1116 in
1387 1083 1502 1129 quibus
1525 1091 1613 1117 erant
1637 1083 1746 1117 notarii
1770 1081 1876 1129 depu-

1126 1132 1192 1174 tati,
1211 1131 1253 1165 illi
1272 1131 1426 1176 videlieet,
1450 1132 1502 1178 qni
1520 1133 1624 1166 animo
1641 1144 1702 1166 non
1724 1131 1875 1165 redeundi

1126 1180 1290 1220 recedunt,
1317 1180 1408 1215 alicui
1433 1181 1518 1215 alteri
1543 1181 1664 1214 notario
1688 1180 1802 1214 idoneo
1825 1180 1877 1213 iu-

1126 1236 1204 1273 rato,
1234 1229 1413 1263 examinato
1446 1237 1475 1263 et
1509 1229 1682 1276 approbato
1711 1236 1742 1262 ut
1770 1240 1875 1275 supra,

1125 1277 1329 1323 subrogando
1358 1278 1449 1312 loco
1443 1278 1559 1323 ipsius;
1589 1278 1639 1311 ille
1663 1289 1734 1311 vero
1761 1278 1814 1324 qui
1838 1277 1875 1311 ad

1126 1335 1252 1380 tempus
1274 1326 1385 1360 abesse
1409 1327 1558 1365 voluerit
1595 1327 1647 1360 uni
1676 1339 1711 1359 ex
1735 1326 1804 1360 aliis
1828 1338 1877 1360 no-

1127 1375 1211 1409 tariis
1237 1374 1391 1409 auditoris
1426 1376 1494 1419 sui,
1522 1375 1561 1409 de
1589 1375 1690 1421 ipsius
1725 1375 1877 1409 auditoris

1126 1423 1249 1458 licentia
1292 1432 1322 1458 et
1357 1424 1484 1458 scientia
1534 1424 1654 1458 tradere
1688 1432 1718 1457 et
1761 1435 1876 1477 ponere

1127 1482 1289 1508 teneatur:
1327 1473 1380 1519 qui
1414 1473 1553 1508 notarius
1580 1472 1813 1527 depositarius,
1847 1485 1876 1506 in

1128 1522 1294 1569 praedietis
1321 1521 1423 1556 eidem
1443 1534 1475 1557 se
1499 1522 1674 1556 absentanti
1698 1521 1878 1556 commissis

1127 1583 1182 1618 pro
1217 1571 1329 1606 eodem
1369 1571 1497 1606 absente
1531 1571 1647 1605 scribat
1682 1571 1814 1605 fideliter
1848 1579 1876 1604 et

1125 1620 1270 1667 suppleat
1293 1620 1360 1654 eius
1389 1621 1481 1656 vices.

1174 1669 1194 1716 g
1216 1672 1274 1704 25.
1301 1669 1469 1704 Caeterum
1496 1669 1567 1716 quia
1592 1677 1677 1716 optat
1701 1669 1875 1715 praemium
1920 1686 1930 1698 a

1126 1719 1258 1766 quisque
1273 1718 1371 1763 labor,
1386 1727 1415 1753 et
1437 1719 1586 1753 laboranti
1607 1730 1668 1752 non
1689 1726 1735 1752 est
1753 1717 1877 1752 debitae
1914 1748 1921 1760 f

1127 1768 1281 1803 mercedis
1309 1768 1457 1802 exhibitio
1490 1767 1694 1813 deneganda,
1731 1767 1877 1802 modera-

1128 1818 1212 1852 mine
1240 1818 1449 1852 nihilominus
1474 1817 1650 1857 observato,
1682 1828 1719 1850 ne
1746 1817 1877 1862 sangui—

1128 1879 1200 1901 nem
1224 1866 1327 1901 eliciat
1351 1867 1494 1900 nimietas
1516 1866 1736 1911 emungentis,
1764 1865 1877 1900 subse.-

1128 1916 1237 1963 quitur
1259 1928 1314 1963 per
1336 1924 1450 1950 statuta
1473 1924 1503 1950 et
1530 1914 1745 1949 ordinationes
1775 1915 1879 1949 huius-

1130 1966 1211 1999 modi
1236 1973 1341 1999 certus
1364 1965 1476 1999 modus
1501 1963 1695 1998 rationabilis
1712 1972 1741 1997 et
1765 1963 1881 1998 discre-

1129 2023 1196 2053 ιιι5,
1220 2026 1275 2060 per
1302 2026 1396 2060 quem
1421 2013 1589 2060 praedictis
1611 2013 1739 2046 notariis
1758 2025 1813 2059 pro
1828 2025 1878 2047 eo

1130 2076 1196 2097 tum
1235 2063 1348 2097 salario
1383 2062 1541 2097 modtrata
1581 2062 1753 2096 satisfactio
1789 2073 1881 2116 prae-

1129 2111 1257 2152 beatum
1285 2120 1314 2146 et
1347 2112 1514 2157 litigantes,
1542 2111 1594 2157 qui
1627 2111 1795 2155 litigiorum
1830 2111 1880 2143 in-

1130 2161 1296 2196 volvuntur
1331 2160 1534 2200 anfractibus,
1559 2168 1586 2193 et
1616 2159 1776 2206 plerisque
1809 2159 1880 2193 fati-

1128 2223 1243 2261 gantur
1285 2213 1444 2248 laboribus
1486 2213 1663 2257 diuturnis,
1709 2213 1880 2259 superfluis

1129 2279 1336 2314 expensarum
1370 2266 1576 2301 effusionibus
1614 2278 1675 2299 non
1699 2274 1878 2312 graventur.

1128 2320 1220 2362 Quod
1245 2321 1389 2355 videlicet
1416 2319 1563 2366 praedicti
1586 2319 1697 2353 notarii
1723 2331 1778 2364 pro
1800 2319 1878 2364 petia

1130 2375 1252 2421 registri
1290 2387 1386 2408 unum
1426 2382 1628 2407 turonensem
1658 2372 1777 2418 argenti
1806 2384 1878 2406 cum

1129 2427 1274 2467 dimidio,
1296 2436 1327 2462 et
1350 2440 1410 2461 non
1435 2427 1506 2474 plus
1522 2427 1670 2466 habeant,
1693 2435 1721 2460 et
1737 2426 1819 2472 petia
1834 2427 1880 2460 26

1130 2481 1227 2516 lineas
1239 2494 1277 2516 ex
1291 2481 1429 2528 qualibet
1447 2489 1532 2527 parte
1549 2481 1717 2520 contineat,
1741 2488 1770 2514 et
1787 2491 1881 2525 quae—

1131 2536 1205 2570 libet
1227 2536 1380 2570 dictarum
1405 2535 1556 2568 linearum
1586 2534 1699 2568 habeat
1725 2542 1877 2580 quatuor-

1129 2590 1230 2625 decim
1272 2589 1437 2624 dictiones.
1481 2588 1555 2622 trem
1593 2587 1677 2634 quod
1714 2600 1771 2633 pro
1800 2588 1879 2632 petia

1131 2644 1274 2689 registri,
1316 2642 1437 2677 redacta
1479 2642 1508 2675 in
1544 2641 1674 2676 formam
1705 2640 1879 2688 publicam,

1893 284 1942 310 Αη.
1961 284 1989 309 (ἶ.
2009 283 2075 310 ¹326

1891 1715 1934 1731 rum
1958 1716 1995 1736 pro
2019 1715 2075 1735 regi-

1907 2325 1960 2347 Tu.=
1978 2330 2016 2351 pro
2033 2326 2078 2344 sim

1894 2356 1940 2383 gula
1956 2356 2039 2381 pacina,

1894 2391 1993 2407 numerus
2009 2387 2079 2405 ttnei-
