2274 3265
101 286 148 312 An.
168 285 195 311 C.
216 284 282 311 1575

134 1302 251 1323 Exordium.

117 1802 196 1823 Causae
214 1806 288 1822 exem-

103 1835 181 1860 ptionis
207 1837 288 1853 conve-

103 1866 193 1886 dendixe.

908 281 1090 305 GREGORWS
1118 282 1146 304 Xl
1178 281 1224 304 ΡΡ.

641 338 709 373 Xll.

298 421 462 465 Exemptio
492 421 620 454 Ordinis
640 420 774 464 fratrum
800 420 836 452 B.
873 419 996 452 Mariae
1017 420 1052 451 de

346 471 485 503 Mercede
525 470 751 514 Redempti'ont's
786 469 984 513 Captivorum
1033 480 1050 501 a

345 521 492 553 solutione
513 521 715 557 decimarum,
743 520 779 552 de
811 519 1003 563 proventibus
1025 525 1051 550 et

346 570 512 603 redditibus
531 569 747 607 ecclesiasticis,
768 580 822 613 per
837 569 942 602 Sedent
973 569 1052 611 Apo-

345 620 482 652 stolicam
506 619 626 662 reyi'bus
647 625 672 650 et
688 619 890 662 principibus,
912 618 1050 655 velariis,

347 679 553 702 concessarum
581 676 606 700 et
633 669 902 701 comedendarum.

568 746 781 777 SUMMARIUM

299 813 466 844 Exordium.
485 830 524 836 —-
546 814 571 843 1.
590 813 702 843 Causae
729 814 922 853 exemptionis
946 823 1051 842 conce-

339 859 461 887 dendae.
477 875 515 879 —
531 858 557 886 9.
577 857 727 897 Exemptio
743 859 788 895 (de
806 869 856 897 qua
872 859 899 888 in
918 859 1050 895 rubrica).

337 919 376 923 —
397 901 563 931 Clausulae.

299 978 444 1012 Gregorius
460 977 601 1013 episcopus
622 984 717 1007 servus
746 985 885 1007 servorum
916 978 975 1011 Dei,
1007 979 1049 1006 dt-

344 1028 426 1056 1ectis
444 1028 509 1056 filiis
535 1028 673 1064 magistro
698 1029 821 1064 generati
852 1031 881 1058 et
912 1029 1052 1057 fratribus

343 1078 371 1106 B.
396 1078 498 1106 Mariae
517 1079 549 1106 de
569 1078 690 1107 Mercede
703 1079 904 1114 Redemptionis
924 1079 1053 1114 Captivo-

343 1134 417 1160 rum.
437 1127 542 1156 Ordinis
562 1129 587 1156 S.
605 1128 762 1164 Augustini.
784 1128 901 1156 satutem
928 1130 957 1156 et
989 1134 1052 1163 apo·

345 1177 473 1205 stolicam
497 1177 719 1206 benedictionem.

349 1249 431 1283 Dum
460 1249 595 1284 salubria
620 1249 761 1284 laborum
791 1259 963 1284 vestrorum
987 1258 1054 1284 stu-

299 1298 362 1339 dia,
385 1299 504 1346 quibus
536 1300 650 1333 vacatis
684 1299 811 1333 assidue
839 1312 894 1346 pro
930 1299 1054 1334 redem-

300 1348 406 1394 ptione
431 1348 550 1383 Christi
587 1348 742 1391 fidelium,
766 1349 819 1395 qui
853 1349 892 1383 ab
919 1349 1054 1383 inimicis

301 1398 370 1432 fidei
388 1398 581 1432 orthodoxae
610 1398 778 1432 miserabili
798 1399 977 1445 captivitate
999 1398 1054 1432 de—

301 1448 449 1486 tinentur,
475 1459 598 1482 necnon
625 1447 809 1494 multiplicia
845 1460 1053 1494 expensarum

299 1508 392 1530 onera
414 1509 495 1543 quae
530 1510 585 1544 pro
622 1496 838 1543 redemptione
875 1497 1053 1531 huiusmodi

300 1547 451 1580 continue
486 1548 690 1594 supportatis,
726 1547 891 1593 diligenter
917 1547 1056 1581 attendi-

301 1608 384 1639 mus,
405 1596 539 1643 dignum
561 1605 746 1643 reputamus
764 1606 792 1630 et
806 1609 1000 1642 congruum,
1025 1606 1054 1631 111

302 1658 354 1679 vos
377 1655 407 1679 et
432 1647 496 1680 loca
530 1656 632 1681 vestra
668 1646 858 1692 specialibus
887 1647 989 1681 lavore
1026 1656 1054 1680 et

301 1695 398 1741 gratia
429 1709 668 1742 prosequamur.

350 1751 365 1788 ᾗ
384 1750 412 1779 1.
436 1746 584 1780 Exliibita
604 1745 761 1792 siquidem
789 1745 879 1781 nobis
896 1759 950 1792 pro
971 1755 1056 1793 parte

304 1805 403 1830 vestra
427 1797 536 1843 petitio
562 1796 757 1835 continebat,
779 1795 863 1842 quod
889 1797 958 1830 licet
987 1810 1056 1830 om-

303 1857 358 1879 nes
386 1845 518 1884 fructus,
542 1845 681 1879 redditus
708 1854 736 1879 et
762 1855 932 1891 proventus
960 1846 1056 1880 bene-

304 1895 460 1933 ficiorum,
494 1895 661 1929 domorum
685 1904 714 1928 et
742 1895 876 1929 aliorum
917 1896 1054 1930 locorum

304 1951 491 1982 vestrorum,
532 1956 591 1978 una
628 1956 698 1978 cum
727 1945 947 1992 eleemosynis,
975 1957 1055 1991 quae

304 1992 397 2027 vobis
425 2006 439 2027 a
464 1993 580 2028 Cliristi
611 1993 759 2027 fidelibus
787 1993 963 2039 largiuntur
994 1996 1056 2036 (vi-

303 2051 353 2075 ctu
379 2050 408 2076 et
432 2043 542 2077 vestitu
564 2043 674 2078 vestris
695 2042 856 2078 dumtaxat
882 2043 1056 2088 deductis)

304 2092 333 2124 iu
360 2092 607 2138 redemptionem
631 2092 769 2126 fidetium
798 2093 1055 2130 christianornm.

303 2142 355 2187 qui
387 2154 441 2188 per
475 2142 621 2176 inimicos
655 2142 797 2176 eiusdem
840 2142 909 2177 lidei
944 2144 1054 2190 captivi

304 2191 509 2236 detinentur,
546 2192 685 2226 converti
721 2192 857 2226 debeant
896 2201 926 2227 et
962 2193 1054 2227 etiam

303 2250 538 2280 convertantur,
564 2249 666 2275 tamen
695 2253 766 2275 cum
790 2243 927 2277 decimas
951 2242 1057 2277 reddi-

305 2298 394 2324 tuum
417 2300 447 2325 et
463 2300 671 2338 proventuum
694 2291 978 2326 ecclesiasticorum
1001 2304 1057 2326 re-

304 2340 400 2386 gibus
421 2348 452 2375 et
478 2341 548 2374 aliis
575 2341 772 2396 principibus
798 2354 977 2386 concessas,
1005 2342 1056 2376 le-

306 2391 367 2423 vari
391 2403 445 2424 seu
470 2391 551 2436 exigi
575 2391 741 2437 contingit,
781 2391 965 2426 collectores
999 2391 1058 2427 de-

1721 271 1784 306 561

1093 336 1130 371 de
1146 337 1306 371 Calatrava
1323 346 1351 371 et
1374 337 1412 371 de
1428 337 1581 372 Montesia
1597 337 1762 372 domorum
1779 350 1840 372 ma-

1093 387 1177 431 gistri
1207 395 1235 420 et
1271 386 1380 421 fratros
1406 400 1421 421 a
1450 388 1607 422 solutione
1630 400 1685 421 seu
1710 396 1840 434 praesta·

1093 437 1178 469 tione
1206 436 1399 470 decimarum
1435 437 1572 484 ipsarum
1610 438 1748 484 exempti
1778 439 1841 471 sint

1093 487 1216 532 penitus
1243 495 1270 521 et
1296 486 1465 525 immunes,
1483 500 1548 529 ios
1566 495 1596 520 nt
1620 488 1699 521 circa
1718 487 1842 522 redem-

1094 536 1230 580 ptionem
1264 536 1457 582 captiioinm
1492 537 1630 591 ipsorum
1669 537 1780 571 melius
1812 545 1841 571 et

1093 584 1222 619 liberius
1245 586 1388 619 insisti-“ii
1412 586 1475 619 1311
1480 587 1557 630 atis
1592 599 1607 620 a
1637 587 1843 642 praestatione

1092 646 1145 668 seu
1169 634 1324 669 solutione
1352 635 1544 669 detimarum
1568 636 1746 670 earumdem
1776 637 1843 671 exi-

1093 696 1176 718 mere
1206 684 1244 719 de
1272 684 1465 729 benignitate
1487 685 1655 732 apostolica
1696 686 1844 732 dignare-

1094 746 1172 768 mur.

1140 785 1209 826 52.
1234 782 1331 818 Nos
1326 797 1354 826 1‹
1359 792 1418 818 itur
1455 784 1595 819 v·0lent‹s
1629 784 1716 819 vobis
1749 797 1845 832 super

1093 832 1150 866 lioc
1168 842 1291 879 paterna
1315 834 1515 868 solicitudine
1537 834 1711 881 providere
1732 834 1845 869 liuius-

1094 881 1175 916 modi
1204 883 1491 929 supplicationibus
1515 884 1666 928 inclinati,
1689 884 1772 930 quod
1792 897 1846 918 vos

1092 931 1130 965 de
1167 933 1278 967 vestris
1307 932 1487 968 introitibus
1521 946 1555 968 ac
1594 933 1845 973 beneficiorum,

1093 980 1258 1015 domorum
1288 990 1317 1016 et
1357 982 1489 1017 aliorum
1530 984 1669 1017 locorum
1706 984 1844 1030 ipsorum

1094 1030 1257 1071 fructibus,
1278 1031 1453 1066 redditibus
1468 1045 1523 1066 seu
1542 1032 1744 1079 proventibus
1761 1045 1847 1079 prae-

1093 1080 1181 1114 dictis
1197 1080 1351 1115 decimam
1368 1082 1561 1122 huiusmodi,
1584 1094 1654 1116 cum
1670 1083 1766 1129 ipsam
1780 1083 1847 1129 qui-

1094 1129 1292 1176 buscumque
1330 1131 1456 1177 regibus
1483 1144 1536 1165 seu
1561 1132 1755 1178 principibus
1795 1140 1846 1166 aut

1093 1179 1164 1213 aliis
1190 1180 1446 1228 quibuscumque
1482 1194 1536 1227 per
1562 1180 1676 1215 Sedem
1708 1182 1847 1228 Aposto-

1095 1228 1184 1262 licam
1208 1229 1339 1263 concedi
1363 1230 1528 1275 contigerit
1557 1230 1757 1269 infuturum,
1785 1231 1849 1265 sol-

1096 1290 1165 1312 vere
1188 1291 1243 1313 seu
1268 1288 1424 1325 praestare
1452 1288 1503 1313 aut
1542 1280 1571 1313 in
1601 1293 1635 1314 ea
1673 1293 1745 1314 cum
1781 1279 1849 1314 aliis

1096 1329 1238 1372 personis
1256 1329 1479 1363 ecclesiasticis
1501 1330 1704 1363 ‹outribuere
1721 1330 1849 1364 minime

1095 1378 1284 1417 teneamini,
1313 1390 1415 1425 neque
1438 1378 1474 1412 ad
1495 1378 1523 1412 id
1540 1391 1555 1413 a
1578 1391 1737 1426 quoquam
1761 1391 1850 1414 corn-

1097 1425 1170 1472 pelli
1197 1427 1323 1474 possitis
1347 1439 1403 1474 per
1425 1427 1531 1462 literas
1567 1429 1768 1484 apostolicas
1790 1428 1850 1463 sub

1096 1487 1297 1524 quacumque
1327 1477 1423 1511 forma
1465 1477 1511 1511 vel
1547 1479 1751 1524 expressione
1779 1490 1850 1512 ver-

1097 1526 1206 1560 borum
1224 1526 1456 1570 concedendas,
1479 1539 1540 1561 non
1558 1527 1708 1562 facientes
1725 1528 1848 1574 plenam

1096 1583 1125 1608 et
1152 1588 1331 1622 expressam
1361 1589 1395 1610 ac
1417 1577 1456 1610 de
1489 1577 1582 1611 verbo
1604 1579 1641 1612 ad
1663 1577 1791 1612 verbum
1813 1578 1851 1611 de

1098 1624 1219 1660 indulto
1259 1636 1287 1661 et
1321 1626 1442 1660 Ordine
1494 1639 1528 1661 ac
1557 1627 1705 1661 domibus
1742 1628 1852 1661 vestris

1098 1674 1277 1709 huiusmodi
1301 1676 1510 1716 mentionem,
1538 1676 1696 1711 devotioni
1734 1685 1851 1711 vestrae

1097 1726 1282 1760 :tttt‘lorilatst
1314 1727 1502 1773 apostolica,
1522 1726 1561 1760 de
1583 1727 1709 1774 speciali
1734 1727 1850 1772 gratia,

1098 1783 1205 1809 tenori·
1233 1777 1447 1822 praesentium
1485 1776 1710 1822 indulgemus,
1739 1776 1850 1811 decer-

1098 1833 1210 1858 nentes
1236 1826 1466 1872 snspeusionis,
1496 1827 1652 1861 interdicti
1674 1839 1708 1860 ac
1731 1839 1851 1861 excom-

1099 1877 1321 1908 municationis
1354 1877 1545 1915 sententias,
1572 1877 1596 1910 si
1631 1889 1709 1923 quas
1743 1886 1850 1911 contra

1099 1935 1150 1956 vos
1175 1924 1219 1958 iel
1242 1924 1378 1971 aliquem
1410 1935 1558 1965 testium
1582 1936 1632 1960 aut
1661 1927 1773 1961 domus
1795 1939 1849 1961 seu

1096 1972 1155 2006 alia
1170 1972 1345 2009 locavestra
1366 1975 1534 2021 praedicta
1552 1988 1606 2022 per
1621 1988 1849 2032 quoscumque

1097 2023 1262 2057 occasione
1291 2025 1477 2079 praemissa
1502 2024 1571 2059 leiri
1600 2026 1766 2080 (putigerit
1793 2038 1847 2060 seu

1097 2072 1189 2106 etiam
1214 2073 1418 2120 promulgari
1442 2075 1543 2108 iiritas
1566 2084 1594 2108 11
1619 2076 1738 2109 inanes.
1766 2075 1849 2110 Nulli

1097 2138 1171 2172 ergo
1193 2128 1322 2161 omuino
1346 2129 1508 2162 bominum
1540 2129 1631 2163 liceat
1655 2130 1734 2163 lianc
1762 2131 1850 2176 pagi-

1098 2192 1168 2214 nam
1194 2190 1367 2216 nostrarum
1397 2184 1650 2222 concessionum,
1684 2184 1849 2218 constitu—

1099 2234 1217 2270 tionum
1241 2244 1270 2270 et
1299 2237 1519 2271 inliibitiorium
1545 2237 1725 2283 iufringere,
1750 2237 1795 2272 vel
1819 2241 1846 2272 ei
1866 2277 1869 2280 Δ

1097 2301 1173 2324 ausu
1198 2291 1363 2325 temerario
1387 2291 1552 2325 contraire.
1576 2291 1609 2326 Si
1639 2292 1709 2339 quis
1743 2300 1846 2326 autem

1099 2344 1157 2378 lioc
1183 2353 1335 2380 attentare
1364 2347 1622 2393 praesumpserit
1656 2346 1848 2393 indignatio-

1099 2410 1167 2432 nem
1191 2400 1419 2446 omnipotentis
1447 2399 1502 2433 Dei
1526 2413 1560 2434 ac
1585 2400 1744 2435 beatotum
1764 2401 1846 2435 Petri

306 2445 458 2480 cimorum
494 2445 674 2479 liuiusmodi
708 2457 762 2480 vos
799 2446 835 2479 ad
868 2446 1055 2481 solutionem
1097 2460 1127 2486 it
1150 2452 1236 2487 Pauli
1261 2454 1475 2501 apostolorum
1512 2456 1579 2489 eius
1601 2467 1634 2488 se
1662 2457 1782 2490 noverit
1806 2457 1847 2490 in-

308 2512 361 2533 sen
403 2500 642 2547 praestationem
686 2500 880 2535 decimarum
920 2502 1055 2548 ipsarum

308 2553 513 2600 compellunt.
537 2554 642 2596 Quare
664 2567 719 2602 pro
736 2564 822 2602 parte
847 2563 944 2590 vestra
968 2556 1058 2591 nobis

309 2609 407 2643 extitit
445 2608 607 2644 humiliter
639 2609 876 2657 supplicatum,
916 2619 948 2645 ut
985 2624 1056 2646 cum

309 2661 472 2709 hospitalis
493 2663 600 2698 Sancti
623 2663 747 2699 loannis
774 2663 1056 2712 Hierosolymitani,

388 2720 461 2750 Ball.
486 2720 561 2751 Rom.
590 2721 643 2751 Vol.
664 2721 708 2751 W.
903 2722 935 2752 71

1098 2519 1274 2542 cursurum.

1146 2562 1259 2597 Datum
1293 2563 1456 2598 Avenione
1489 2576 1541 2599 xvi
1576 2563 1723 2599 kalendas
1751 2565 1845 2610 iunii,

1099 2617 1298 2664 pontificatus
1321 2619 1416 2653 nostri
1439 2631 1522 2653 auno
1549 2620 1648 2654 tertio.

1139 2678 1198 2709 Dat.
1222 2679 1267 2709 die
1292 2680 1324 2709 17
1346 2681 1413 2710 maii
1434 2681 1519 2715 1373,
1543 2681 1643 2721 pontis.
1666 2691 1742 2711 anno
1765 2690 1806 2712 111.

1872 793 1979 829 Ει3111μ1110
2007 794 2042 814 de

1918 825 2042 850 118,υὺτε)

1891 2139 2016 2165 planculae.
