2274 3265
225 254 274 280 Αιι.
295 253 325 279 C.
341 251 402 278 1511

241 2079 280 2098 Det
272 2080 330 2104 signu
320 2082 339 2097 ιιι
356 2077 413 2097 Hen—

230 2116 285 2129 ricn!
326 2111 352 2128 As
357 2115 413 2128 ιι-ιιιι

230 2145 294 2166 punto
340 2139 360 2159 11
391 2140 412 2158 N

232 2173 293 2191 diem

471 241 541 273 216

422 306 586 351 diligenter
618 303 744 345 auditis,
772 303 816 337 cis
843 312 927 338 certo
955 304 1049 338 niodo
1077 304 1170 338 duxi-

423 366 493 388 mus
508 352 779 399 respondendunu
801 352 942 387 eiusdem
967 353 1060 399 regis,
1074 365 1170 400 super

423 403 482 437 lioc
508 414 580 436 cum
606 401 772 448 praedietis
793 400 940 436 fratribus
962 402 1075 436 nostris
1098 402 1170 436 dili-

422 451 507 497 genti
530 450 756 485 deliberatione
785 450 975 497 praehabita,
1005 451 1171 485 nibilomi-

424 512 483 534 nus
521 499 688 534 desideriis
721 511 859 534 annuere
896 499 1107 541 intendentes;
1142 507 1172 534 et

422 549 495 596 quia
531 555 660 595 propter
690 549 843 596 temporis
870 548 999 583 nimiam
1034 548 1172 583 brevita-

424 607 485 632 tem
509 598 537 631 in
571 597 654 632 dicto
682 597 759 632 sesto
792 597 994 632 pentecostes
1020 598 1171 631 solemni-

424 655 516 681 tatem
535 646 691 681 unctionis
709 655 739 681 et
758 646 971 681 coronationis
990 646 1170 681 liuiusmodi

424 708 485 731 non
522 703 628 742 posset
664 695 730 730 lieri
769 695 992 730 credebamus:
1029 707 1086 730 nec
1118 707 1171 730 rex

424 746 491 792 ipse
518 745 548 778 in
579 744 718 792 praefato
746 745 825 779 festo
847 744 925 785 sibi,
953 752 985 778 ut
1015 744 1085 779 eius
1110 743 1172 780 de-

423 793 513 829 cebat
534 793 700 834 bonorem,
728 793 766 828 de
787 801 938 840 apparatu
962 792 1000 827 ad
1027 792 1088 829 hoc
1115 805 1173 828 ne-

423 842 560 878 cessario
584 843 740 889 potuisset
767 842 895 877 forsitan
926 841 1103 889 providere,
1129 843 1173 876 si-

424 890 643 937 gnificavimus
670 891 697 926 ei
729 902 784 937 per
811 898 935 925 nostras
962 890 1068 925 literas
1101 903 1172 937 spe-

423 940 530 984 ciales,
547 947 580 973 ut
602 940 677 973 tanti
693 939 845 973 arduitate
865 939 982 985 negotii
1007 939 1174 987 diligenter

424 990 576 1036 inspecta,
604 996 633 1022 et
660 988 858 1023 considerata
887 966 1082 1035 prudenterD
1093 997 1173 1024 tem-

424 1038 508 1084 poris
536 1037 702 1084 qualitate,
738 1037 874 1084 aliquem
898 1044 1020 1072 certum
1055 1046 1086 1073 et
1119 1050 1173 1073 so-

425 1088 559 1121 lemnem
588 1086 685 1130 diem,
708 1094 800 1133 prout
823 1086 963 1121 crederet
987 1087 1173 1128 convenire,

425 1144 495 1184 post
511 1135 625 1170 festum
643 1135 840 1182 praedictum
856 1135 983 1181 eligere,
1004 1136 1174 1184 ipsumque

425 1185 516 1219 nobis
548 1184 747 1230 significare,
781 1184 865 1219 illius
893 1184 1080 1220 deliberatio
1113 1198 1173 1220 non

424 1233 579 1268 differret:
616 1242 647 1268 ιιι
685 1233 762 1268 intra
796 1233 877 1268 diem
914 1234 1018 1281 ipsum
1052 1234 1175 1282 aliquos

424 1283 463 1317 de
489 1281 637 1317 fratribus
658 1282 861 1329 supradictis,
889 1282 927 1317 de
950 1282 1067 1330 quibus
1098 1296 1175 1331 apo-

425 1332 534 1366 stolica
556 1331 739 1366 deliberatio
763 1331 952 1378 proimideret
975 1333 1028 1378 qui
1053 1332 1083 1366 ei
1113 1345 1175 1367 un-

426 1380 540 1415 ctionis
561 1380 703 1415 eiusdem
728 1393 846 1415 munus
874 1381 1110 1428 impenderent
1146 1390 1176 1416 et

427 1431 626 1476 imponerent
655 1429 719 1464 vice
755 1437 861 1465 nostra
898 1430 1068 1476 praefatum
1106 1431 1175 1466 dia-

426 1479 515 1513 dema
544 1478 679 1525 imperii,
713 1490 749 1513 ac
777 1479 834 1513 alia
864 1478 938 1513 inibi
967 1479 1085 1525 agenda
1121 1493 1174 1515 so-

426 1528 540 1562 lemnia
573 1536 770 1575 peragerent,
806 1528 1018 1568 mitteremus3
1044 1529 1176 1563 dilectos

428 1577 508 1611 lilios
531 1576 697 1623 magistros
718 1575 894 1612 Robertum
918 1577 1052 1612 electum
1076 1577 1178 1613 Saler-

427 1627 581 1665 nitanum,
607 1634 636 1660 et
658 1625 826 1672 Hugonem
854 1625 980 1661 Geraldi
1016 1635 1175 1662 cantorem

426 1675 660 1721 petragoricen.
707 1675 909 1722 cappellanos
950 1684 1098 1720 nostros,
1138 1676 1175 1711 ad

425 1723 572 1758 eumdem
607 1736 713 1770 regem
749 1736 846 1771 super
881 1725 917 1759 iis
950 1738 1023 1760 cum
1054 1725 1176 1761 eisdem

426 1773 543 1808 nostris
570 1773 666 1808 literis
689 1772 894 1815 destinantes,
923 1786 979 1821 per
1011 1787 1091 1821 quos
1118 1775 1176 1810 sibi

427 1831 575 1869 paternae
597 1822 787 1857 sinceritatis
814 1823 974 1865 affectum⁷
1002 1832 1031 1858 et
1065 1825 1178 1859 mentis

426 1871 618 1927 apostolicae
652 1872 843 1918 puritatem,
879 1884 960 1919 quos
1005 1873 1043 1907 ad
1079 1881 1179 1908 status

427 1921 526 1968 ipsius
552 1928 583 1956 et
604 1920 823 1955 exaltationem
857 1922 1054 1967 magnificam
1079 1922 1179 1958 babe-

427 1970 551 2010 bamus
575 1969 792 2004 mandavimus
820 1969 935 2005 elarius
953 1972 1079 2018 aperiri

551 2018 703 2053 ‚berum
728 2032 779 2053 rex
800 2019 969 2066 praefatus,
995 2032 1093 2068 super
1121 2020 1180 2055 lioc

429 2077 549 2102 matura
583 2067 809 2102 deliberatione
845 2068 1039 2115 praehibita
1065 2069 1178 2104 festum

430 2117 667 2164 Assumptionis
705 2117 821 2152 Beatae
860 2117 998 2164 Virginis
1038 2119 1180 2165 proxime

430 2174 595 2201 tenturum
633 2178 687 2211 pro
723 2167 858 2201 termino
889 2167 925 2201 ad
962 2168 1179 2214 recipiendum

430 2216 459 2250 in
478 2216 603 2250 basilica
627 2215 783 2263 Principis
798 2216 1019 2262 Apostolorum
1043 2216 1081 2251 de
1096 2216 1182 2251 Urbe

429 2277 516 2299 more
561 2265 651 2299 solito
689 2266 869 2300 unctionem
909 2265 1113 2306 huiusmodiq
1151 2275 1181 2300 et

430 2314 531 2361 ipsius
555 2314 676 2361 imperii
700 2313 857 2359 diadema,
880 2314 1002 2362 aliaque
1030 2315 1106 2349 inibi
1135 2327 1183 2350 so-

430 2364 543 2398 lemnia
579 2363 757 2410 peragenda
793 2364 928 2411 recepit,
963 2372 1055 2411 prout
1093 2364 1183 2399 nobis

431 2425 485 2459 per
506 2412 664 2447 solemnes
686 2425 760 2447 suos
783 2413 1023 2449 ambassiatores
1046 2426 1081 2448 ac
1099 2426 1183 2448 nun-

431 2464 490 2496 tios
511 2471 539 2496 et
562 2462 716 2508 speciales
740 2463 842 2497 literas
865 2463 1029 2507 intimavit,
1053 2475 1110 2497 suo
1133 2476 1183 2497 re-

430 2512 489 2556 gali
514 2511 617 2557 sigillo
641 2511 789 2558 pendenti
811 2512 966 2554 munitas3
989 2525 1061 2547 cum
1086 2512 1182 2546 multa

430 2561 607 2595 devotionis
639 2561 784 2596 instantia
820 2562 1003 2609 supplicans
1031 2574 1087 2609 per
1113 2574 1184 2596 eos-

431 2609 514 2650 dem7
545 2619 575 2644 ut
601 2611 638 2644 ad
668 2623 738 2644 eum
770 2611 893 2657 aliquos
924 2612 1123 2645 mitteremus
1145 2611 1184 2645 de

1000 250 1123 273 nULLAtt
1130 252 1136 272 t
1143 250 1186 272 ΠΜ
1216 250 1304 272 ROMA
1311 250 1327 272 N
1334 250 1376 272 [VM

1212 303 1360 338 frati-ibus
1383 303 1564 337 memoratis
1587 314 1643 349 pro
1671 302 1883 349 impendenda
1903 315 1964 338 un-

1211 353 1314 387 ctione
1359 351 1564 394 huiusmodi,
1606 359 1636 386 et
1672 351 1866 397 imponendo
1903 352 1962 387 sibi

1211 401 1351 436 eiusdem
1373 401 1494 448 imperii
1519 400 1672 441 diadema,
1688 400 1822 447 aliisque
1844 401 1965 436 solem-

1212 450 1307 485 nibus
1345 449 1543 497 peragendis.
1567 449 1665 484 Porro
1692 449 1717 484 si
1741 451 1877 496 desuper
1903 450 1965 484 da—

1212 507 1276 533 tum
1300 507 1395 539 esset,
1418 507 1451 533 ut
1473 499 1554 534 eirca
1575 498 1651 532 tanti
1675 497 1887 533 celebritatem
1909 511 1965 533 ne-

1212 548 1287 594 gotii
1327 548 1466 583 exbiberi
1508 555 1614 595 posset
1649 556 1755 582 nostra
1790 547 1965 593 praesentia

1212 597 1394 644 corporalis,
1419 605 1451 632 ut
1475 597 1525 632 ubi
1549 604 1653 631 mente
1677 595 1839 643 vigilanter
1863 597 1966 631 inten-

1212 645 1335 687 dimus,
1366 646 1405 680 ibi
1445 645 1693 693 praesentialiter
1733 653 1874 680 nostrum
1908 645 1966 680 de-

1212 694 1362 729 siderium
1398 695 1632 742 panderemus,
1668 694 1706 729 ad
1748 694 1832 742 quod
1871 695 1964 729 etiam

1213 743 1357 778 eiusdem
1385 745 1467 790 regis
1494 751 1703 783 concurrunt,
1731 752 1764 778 ut
1799 755 1854 791 pro
1881 752 1966 778 certo

1215 792 1371 833 novimus,
1395 805 1466 828 cum
1496 792 1747 840 promptitudine
1780 792 1966 840 multiplicis

1214 840 1390 876 devotionis
1415 841 1565 886 affectus,
1599 842 1812 888 gauderemus
1840 842 1869 876 in
1893 841 1966 877 Do-

1215 890 1313 944 mino,
1335 898 1365 925 et
1388 890 1559 946 plurimum
1585 890 1751 926 satisfieret
1773 891 1887 926 nostris
1911 903 1968 926 vo-

1216 939 1263 973 tis.
1287 939 1404 974 Verum
1419 940 1500 994 *quia
1523 952 1560 974 ex
1583 940 1686 974 causis
1710 939 1877 986 praedictis
1905 952 1965 974 non

1215 999 1385 1034 possumus
1419 989 1449 1022 iu
1478 988 1535 1023 bac
1565 996 1651 1034 parte
1677 989 1843 1024 affectibus
1873 989 1967 1024 satis-

1216 1037 1316 1072 facere
1359 1038 1472 1072 meutis
1509 1046 1651 1077 nostrae,
1694 1037 1843 1084 praedicti
1885 1038 1967 1084 regis

1217 1085 1436 1132 frequentibus
1470 1095 1499 1121 ct
1527 1086 1648 1121 devotis
1676 1086 1966 1134 supplicationibus

1216 1134 1367 1176 inclinati,
1391 1143 1421 1170 et
1442 1135 1479 1170 ad
1510 1147 1659 1182 personas
1696 1144 1813 1170 vestras
1839 1144 1969 1182 aposto-

1216 1183 1293 1219 licae
1316 1185 1430 1219 mentis
1453 1185 1561 1219 oculos
1582 1184 1968 1231 fiducialiterdirigentes,

1217 1232 1304 1268 tobis
1327 1246 1461 1289 quorum
1490 1234 1581 1268 nobis
1602 1241 1675 1268 sunt
1703 1242 1793 1268 notae
1825 1235 1968 1275 virtute-S,

1216 1294 1361 1330 quasque
1384 1283 1412 1317 in
1438 1284 1562 1330 magnis
1584 1290 1615 1317 et
1637 1283 1743 1318 arduis
1765 1283 1847 1318 dicta
1871 1283 1971 1318 Sedes

1216 1331 1349 1367 diiersis
1376 1331 1497 1367 ticibus
1524 1340 1572 1368 est
1593 1340 1732 1379 experta,
1767 1340 1795 1367 et
1823 1332 1861 1367 de
1885 1345 1967 1388 quo-

1217 1393 1285 1414 rum
1320 1381 1469 1436 operibus
1502 1381 1623 1416 fructus
1646 1381 1759 1416 uberes
1788 1383 1970 1429 proxenisse

1217 1431 1445 1477 conspicimus
1468 1443 1564 1478 super
1586 1430 1646 1465 hoc
1669 1438 1793 1465 nostrae
1826 1430 1971 1466 solicitu-

1218 1478 1300 1513 dinis
1335 1492 1416 1515 onus
1438 1479 1588 1514 duximus
1616 1479 1862 1526 imponendum.
1895 1493 1971 1528 spe-

1219 1536 1333 1572 rantes,
1349 1529 1432 1575 qnod
1462 1536 1609 1576 tanquam
1632 1529 1689 1562 tiri
1718 1529 1831 1564 ιίιῑιιῑε
1856 1530 1972 1576 magni-

1219 1577 1266 1610 fici
1282 1590 1364 1625 opus
1391 1577 1571 1612 huiusmodi
1596 1577 1724 1612 xii-iliter
1745 1579 1914 1613 assumetis
1931 1579 1970 1614 ad

1219 1625 1321 1661 Divini
1344 1626 1490 1661 Nominis
1513 1626 1635 1662 laudem
1671 1634 1700 1662 et
1730 1627 1861 1674 gloriam
1890 1627 1972 1663 esse-

1218 1676 1361 1711 ctualiter
1379 1676 1612 1723 exequendum.

1270 1730 1285 1769 g
1313 1727 1344 1760 6.
1373 1725 1530 1767 Quocirca
1559 1725 1742 1760 discretioni
1773 1733 1892 1761 vestrae
1916 1738 1971 1774 per

1218 1775 1389 1823 apostolica
1425 1775 1539 1822 scripta
1575 1774 1788 1816 mandamus,
1816 1784 1972 1822 quatenus

1220 1837 1273 1860 vos
1299 1824 1338 1859 ad
1366 1824 1479 1859 dictam
1512 1823 1629 1858 Urbem
1658 1823 1709 1858 die
1737 1823 1972 1871 Assumptionis

1221 1873 1396 1921 praedictae
1437 1873 1643 1920 personaliter
1677 1872 1902 1918 conferentes,
1937 1886 1972 1908 ac

1221 1923 1336 1957 ibidem
1361 1923 1587 1958 convenientes
1610 1922 1640 1956 in
1666 1935 1781 1962 unum,
1811 1930 1857 1966 tu,
1881 1923 1973 1957 frater

1221 1972 1347 2007 Nicolae
1363 1971 1485 2007 Ostien.
1502 1971 1663 2019 episcope,
1680 1972 1806 2006 missam
1822 1972 1974 2015 celebres,

1221 2030 1252 2056 et
1275 2033 1378 2067 regem
1404 2022 1539 2067 inungas
1566 2021 1729 2060 eumdem;
1754 2033 1882 2067 vosque,
1908 2020 1975 2055 sra-

1222 2080 1283 2105 tres
1311 2070 1480 2110 albanen„
1511 2069 1635 2104 Ostien.
1669 2078 1699 2103 et
1725 2069 1877 2104 Sabinen.
1906 2070 1975 2117 epi-

1222 2119 1327 2166 scopi3
1344 2132 1473 2166 vosque„
1496 2118 1664 2153 Francisce
1686 2128 1713 2154 et
1739 2119 1822 2153 Luca
1851 2119 1974 2153 diaconi

1223 2169 1407 2208 cardinales,
1431 2169 1476 2203 vel
1501 2168 1542 2201 illi
1567 2175 1718 2208 vestrum,
1742 2168 1793 2215 qui
1825 2180 1976 2215 praesen-

1223 2227 1269 2253 tes
1288 2218 1415 2256 l'uerint,
1440 2217 1558 2251 eisdem
1578 2218 1642 2263 regi
1667 2225 1697 2251 et
1720 2218 1846 2263 reginae
1869 2218 1985 2252 mitras

1224 2275 1253 2302 et
1283 2267 1458 2301 diademata
1491 2267 1631 2313 imperii3
1668 2267 1730 2313 regi
1754 2279 1880 2314 quoqne
1908 2279 1977 2301 sce-

1226 2325 1341 2364 ptrnm,
1366 2328 1491 2362 ponium
1516 2324 1546 2350 et
1568 2316 1708 2362 gladium
1732 2324 1761 2350 et
1784 2316 1841 2350 alia
1864 2317 1977 2351 solein-

1225 2378 1292 2405 nia,
1321 2375 1412 2420 prout
1449 2366 1526 2399 inlra
1560 2367 1720 2412 patentius
1742 2373 1771 2400 et
1798 2365 1976 2400 distinctitts

1225 2393 1313 2448 vobis
1331 2415 1515 2460 iniungitur
1539 2415 1696 2456 tribuatis·
1715 2426 1889 2469 eorumque
1906 2427 1976 2449 tei·-

1226 2464 1302 2497 tiees
1331 2464 1463 2498 inclitos
1500 2463 1635 2499 reddatis
1671 2464 1793 2499 illorum
1831 2464 1975 2511 insigniis

1225 2525 1297 2547 cunt
1326 2512 1426 2547 solitis
1448 2513 1704 2548 solemnitatibus
1736 2513 1914 2548 decoratos:
1946 2514 1975 2547 in

1227 2562 1355 2596 nomine
1387 2575 1422 2597 ac
1458 2563 1571 2597 virtute
1600 2562 1754 2597 Altissimi
1787 2562 1977 2609 prudenter,

1226 2611 1415 2646 houm-ilico.
1453 2625 1486 2646 ιιι·
1527 2613 1620 2646 etiam
1661 2611 1845 2656 diligenter.
1887 2620 1977 2659 prout

1981 249 2031 275 An.
2050 248 2079 276 C.
2095 249 2159 275 13¹¹

1990 951 2050 971 Ponti
2054 950 2102 970 lex
2096 950 2169 971 auito-

1982 988 2038 1002 coc
2035 981 2168 1002 ιάἰιιιιιεειια

2005 1014 2124 1040 peragenda
2115 1019 2146 1033 arn

1982 1050 2078 1071 pompam
2087 1043 2141 1068 delii,¹
2145 1044 2168 1063 it.

2000 1742 2057 1762 lnter
2079 1747 2115 1762 ens
2133 1747 2171 1762 co-

1986 1773 2073 1793 ronandi
2085 1772 2170 1793 lli-urici

1986 1809 2072 1824 munera
2106 1805 2173 1829 parti-

1986 1838 2026 1855 tur,
