2274 3265
103 282 154 309 An.
173 282 201 308 C.
221 282 286 309 11118

933 278 1099 302 MAnTths
1121 277 1140 299 V
1168 277 1214 299 ΙΨ.

668 335 691 370 l.

303 418 474 451 Domnatt'o
491 429 630 451 errorum
651 417 776 451 Ioannis
802 416 937 462 Wilcleff,
961 416 1056 449 loan-

352 468 398 499 nis
423 467 516 507 Huss,
541 467 725 511 Hieronymi
743 468 779 499 de
801 467 906 510 Praya
928 472 954 498 el
976 466 1055 497 alio-

351 528 420 549 rum
446 518 482 549 de
503 517 702 549 sacramentis
726 516 874 548 Ecclesiae
895 515 974 547 vitale
988 526 1055 547 sen-

353 566 505 604 tientibus,
532 577 695 609 eorumque
723 565 904 609 complicum
931 571 956 596 et
983 565 1056 607 sau-

352 622 471 648 eorum:
493 626 529 648 ac
549 616 651 659 forma
672 615 835 648 haereticos
849 620 1057 658 suspectosque

353 665 389 696 tle
410 664 527 697 haeresi
547 665 753 697 examinandi
779 665 832 706 (1).

573 741 788 771 SUttMAtttUtt

305 803 496 833 Prooemium.
518 820 558 825 -—
584 804 608 832 l.
637 803 850 842 Episcoporum
880 803 1056 841 negligentia

346 857 434 877 novas
455 848 595 876 haereses
613 858 626 876 a
641 847 774 883 wiclefi),
789 847 828 876 lo.
844 847 919 877 lluss
941 853 967 877 et
994 847 1058 877 Ilie-

345 900 466 930 ronytno
496 892 530 920 de
563 891 654 929 Praga
675 892 885 922 disseminatas
915 892 1058 930 deplorat.

344 951 382 956 -
399 935 426 964 ⁶2.
445 935 501 964 Eos
524 936 622 973 itaque
650 936 808 965 concilium
832 936 1059 966 Constantiense

344 989 358 1008 a
384 980 516 1009 fidelium
545 985 629 1009 coetu
663 981 840 1018 segregavit:
871 997 910 1002 —
943 981 969 1010 3.
1002 980 1057 1009 Sed

344 1023 497 1052 nonnullis
522 1033 622 1053 eorum
645 1024 841 1054 sectatoribus
871 1024 988 1053 illorum
1019 1024 1060 1053 le-

345 1067 483 1103 gentibus
502 1067 606 1103 libros,
627 1068 826 1107 haeresesque
844 1067 1006 1097 tuentibus:
1022 1084 1060 1089 —

343 1110 372 1139 4.
389 1109 530 1140 Martinus
553 1111 607 1140 PP.
626 1111 825 1141 Ecclesiarum
851 1112 969 1141 mandat
988 1120 1061 1150 prze-

347 1154 428 1189 tatis,
452 1160 481 1184 ut
504 1156 622 1185 eosdem
648 1160 796 1194 tamquam
828 1157 993 1185 haereticos
1017 1156 1061 1184 iu-

346 1199 458 1228 dicatos
475 1199 621 1228 saeculari
640 1198 865 1228 tradantCuriae
883 1198 1059 1238 puniendos:

346 1243 372 1271 5.
397 1242 604 1281 Receptatores
634 1252 736 1272 eorum
765 1247 935 1272 coerceant:
963 1259 1002 1264 —
1033 1243 1060 1272 t).

345 1286 417 1316 Cum
434 1287 597 1321 obduratis,
623 1288 748 1326 praeviis
769 1286 996 1323 monitionibus,
1015 1296 1061 1316 se—

346 1340 411 1360 vere
436 1336 566 1369 utantur,
588 1349 627 1354 —
656 1332 681 1361 7.
715 1331 928 1370 Principesque
956 1341 1059 1361 omnes

347 1380 484 1405 moneant
502 1377 621 1405 eosdem
646 1380 675 1404 ut
698 1375 845 1414 expellant
874 1376 936 1404 suis
956 1385 988 1404 ex
1011 1376 1061 1404 do-

347 1420 457 1450 miniis.
475 1437 514 1442 -
536 1420 562 1449 8.
581 1419 750 1449 Haereticos
773 1419 977 1449 ecclesiastica
1003 1420 1060 1458 pri-

346 1460 407 1489 vari
441 1460 501 1489 vult
533 1460 695 1498 sepultura,
724 1468 826 1488 eorum
854 1463 951 1488 autem
985 1459 1059 1488 bona

347 1500 511 1529 confiscari.
535 1516 574 1521 —
591 1500 618 1529 9.
636 1498 676 1528 De
699 1500 860 1537 suspectis,
879 1515 918 1520 —
941 1499 986 1529 10.
1014 1498 1061 1528 ln-

346 1544 447 1568 novata
470 1538 613 1569 Bonisacii
631 1538 691 1568 Vlll
711 1540 739 1568 10
759 1548 822 1577 cap.
840 1539 885 1573 18,
903 1538 942 1568 De
958 1539 1062 1574 huarch,

346 1579 527 1609 constitutio.
543 1596 582 1601 —-
599 1579 644 1608 11.
661 1578 794 1608 Formam
819 1578 997 1617 praescribit
1017 1579 1061 1608 in·

347 1620 604 1663 terrogatoriorum
629 1624 776 1657 suspectts
787 1619 822 1647 (19
841 1618 966 1653 haeresi,
983 1618 1060 1647 insa-

347 1659 493 1698 matisque
517 1659 731 1688 faciendorum.
750 1675 788 1679 —
809 1658 854 1687 ta.
873 1642 970 1687 Tenot'·
992 1659 1062 1687 arti-

347 1698 479 1728 culorum
514 1698 630 1728 loannis
658 1698 854 1727 11011911.-
890 1698 932 1726 13.
965 1697 1063 1727 Teuor

348 1739 539 1768 articulorum
574 1739 691 1768 loannis
716 1737 804 1767 ttuss.
833 1755 872 1760 —
900 1739 943 1767 tut
967 1737 1063 1767 'Ienor

349 1779 641 1816 interrogatoriorutn
664 1779 739 1808 iuxta
759 1787 834 1817 <luae
855 1778 993 1807 haeretici
1014 1784 1063 1807 ant

348 1819 383 1847 de
408 1819 522 1848 haeresi
542 1820 672 1857 suspecti
694 1819 823 1855 interi-go
828 1818 869 1847 ari
890 1818 1006 1847 debent.
1025 1835 1064 1840 —

352 1858 394 1886 15.
418 1857 457 1887 De
476 1859 562 1888 modo
582 1859 760 1898 procedendi
781 1863 879 1887 contra
906 1858 1062 1886 infamatos

349 1898 390 1926 191
416 1904 571 1936 suspectos
595 1899 630 1927 de
658 1898 783 1927 haeresi.
806 1914 846 1919 ——
872 1898 913 1927 to.
938 1897 975 1926 De
1011 1898 1062 1926 1131

350 1937 528 1974 publicanda
552 1938 780 1967 constitutione:
801 1942 828 1966 et
846 1937 1063 1966 denunciandis

350 1978 613 2007 excommunicatis
633 1976 805 2006 huiusmodi
824 1977 998 2011 haereticis,
1014 1981 1064 2005 ele.

349 2025 398 2045 eos
418 2017 656 2053 defendentibus,
678 2022 728 2046 etc.
750 2033 787 2038 —-
810 2017 851 2045 17.
877 2016 916 2045 De
940 2017 1062 2054 poenis-

349 2061 449 2085 contra
465 2057 635 2086 huiusmodi
654 2065 770 2086 errores
784 2061 930 2089 tenentes,
947 2056 1065 2093 dogma-

351 2096 482 2130 tizantes,
501 2101 550 2126 etc.
563 2113 602 2118 —
619 2096 658 2125 De
675 2097 761 2125 modo
781 2095 946 2125 abjurandi.
964 2112 1004 2117 —
1022 2096 1064 2124 18.

349 2133 538 2166 Obstantibus
561 2136 800 2175 quibuscumque
819 2136 985 2172 derogatur.

310 2207 447 2236 martinus
467 2207 609 2242 episcopus
629 2213 722 2235 servus
747 2212 887 2234 servorum
903 2205 961 2238 Dei.
985 2212 1066 2234 vene-

356 2252 490 2280 rabilibus
506 2251 654 2284 fratribus,
675 2250 908 2286 archiepiscopis.
933 2250 1067 2285 episcopis

357 2303 388 2324 ac
408 2296 619 2332 inquisitoribus
638 2296 795 2324 baereticae
813 2295 964 2330 pravitatis
988 2294 1067 2322 ubili-

356 2342 402 2370 bet
421 2341 606 2373 constitutis.
632 2341 665 2369 ad
689 2347 755 2376 quos
786 2340 888 2368 titerao
907 2340 1067 2374 praesentes

357 2386 542 2421 pervenerint.
566 2386 686 2414 satutem
707 2387 737 2413 et
764 2385 943 2420 apstolicam
958 2384 1068 2412 benedi-

359 2431 488 2460 ctionem.

363 2499 448 2533 10191
463 2507 593 2533 cunctas
614 2497 779 2545 pastoralis
807 2510 900 2532 curae
922 2497 1068 2531 solicitu-

142 2552 274 2573 Pwoemtum·
315 2550 419 2588 111095,
442 2549 558 2595 quibus
585 2549 760 2595 premimur
788 2548 998 2589 incessanter,
1018 2546 1067 2581 illa

349 2620 389 2653 (t)
406 2619 565 2645 Damnatum
585 2619 647 2644 alias
667 2626 680 2644 a
703 2618 799 2644 Ioanne
819 2617 910 2643 xxttt
931 2617 1067 2644 Vicleffum

316 2660 432 2685 vidimus
448 2667 507 2692 sup.
521 2659 545 2684 in
561 2658 672 2684 Constit.
690 2658 773 2683 eiusd.
798 2656 906 2687 Pontis„
925 2664 981 2691 pag.
1006 2657 1067 2682 661.

366 2709 371 2712 “
395 2703 469 2732 Ball.
489 2702 566 2731 Rom.
592 2702 644 2730 Vol.
663 2701 709 2730 Il'.
892 2701 929 2729 8⁷1

1727 264 1797 297 665

1099 331 1263 378 potissime
1278 331 1386 366 fortius
1401 343 1458 366 nos
1472 331 1568 377 angit,
1583 340 1615 366 ut
1629 331 1795 366 haereticis
1808 331 1846 364 de.

1099 381 1215 415 linibus
1243 381 1492 415 christicolarum
1522 381 1680 427 expulsis,
1717 380 1848 427 suisque

1099 430 1183 465 falsis
1206 430 1357 464 doctrinis
1379 438 1408 464 et
1430 430 1591 464 erroribus
1615 430 1768 477 perversis
1795 442 1850 477 pe-

1099 480 1194 518 nitus,
1217 488 1369 526 qnantum
1394 480 1485 513 nohis
1507 492 1542 513 cx
1567 480 1628 513 alto
1650 480 1848 518 conceditur,

1098 529 1283 576 extirpatis,
1318 529 1489 562 orthodoxa
1524 537 1552 562 et
1590 528 1741 563 catholica
1771 528 1849 563 tides

1100 580 1219 624 integra
1243 587 1272 611 et
1297 578 1412 611 illibata
1439 586 1631 624 permaneat,
1653 590 1688 611 ac
1713 578 1850 624 populus

1099 629 1289 661 christianus
1319 628 1347 660 10
1375 626 1518 661 9111511901
1552 626 1623 660 fidei
1658 627 1849 664 sinceritate,

1099 676 1240 723 quolibet
1274 676 1508 710 obscurationis
1539 685 1660 710 semoto
1684 676 1849 715 velamine,

1102 726 1273 760 immobilis
1295 734 1324 759 et
1348 725 1515 759 inviolatus
1539 725 1694 772 persistat.

1148 780 1163 818 ἓ
1192 779 1219 809 1.
1243 775 1326 809 Sane,
1349 774 1482 816 dudum,
1507 774 1670 820 plusquam
1701 773 1850 808 omnibus

1102 825 1261 859 retroactis
1283 823 1490 870 temporibus,
1514 824 1543 857 in
1562 823 1722 857 nonnullis
1746 823 1850 868 regio-
1866 844 1901 856 v.-

1103 873 1194 907 nibus
1219 883 1247 908 91
1275 873 1436 912 1101010115,
1468 873 1649 919 praesertim
1688 873 1717 906 in
1755 884 1850 917 regno

1102 922 1272 957 Bohemiae
1307 932 1335 956 et
1371 922 1588 956 marchionatu
1625 921 1783 955 Moraviae
1816 933 1851 955 39

1103 973 1179 1006 10915
1202 980 1231 1005 91
1254 971 1449 1005 districtibus
1474 971 1533 1005 illis
1556 971 1680 1010 vicinis,
1703 970 1852 1004 adversus

1103 1021 1174 1054 lidei
1209 1021 1381 1055 catholicae
1420 1020 1567 1066 dogmata
1613 1021 1853 1054 insurrexerunt

1102 1070 1229 1117 quidam
1267 1070 1528 1112 haeresiarchae,
1555 1068 1853 1111 circumcelliones,

1102 1120 1294 1154 schismatici
1312 1128 1341 1153 et
1355 1118 1506 1158 seditiosi,
1521 1119 1684 1153 luciferina
1705 1117 1852 1164 superbia

1103 1178 1130 1203 et
1155 1168 1240 1202 rabie
1263 1169 1371 1215 lupina
1389 1168 1500 1207 evecti,
1515 1168 1753 1202 daemoniorum
1775 1167 1855 1200 frau-

1102 1218 1197 1252 dibus
1221 1218 1316 1260 illusi,
1339 1217 1378 1251 de
1394 1218 1527 1251 vanitate
1551 1218 1579 1251 in
1600 1217 1736 1264 idipsum
1760 1215 1855 1259 (licet

1105 1267 1204 1301 forent
1220 1267 1259 1301 de
1276 1266 1410 1301 diversis
1427 1266 1536 1300 mundi
1555 1266 1695 1312 partibus
1710 1264 1855 1306 oriundi)

1103 1316 1339 1353 couvenientes,
1353 1315 1507 1349 etcaudas
1516 1315 1680 1360 colligatas
1692 1314 1855 1352 habentes,

1103 1364 1267 1398 damnatae
1287 1364 1434 1398 videlicet
1451 1365 1621 1398 memoriae
1637 1363 1771 1397 loannes
1789 1361 1858 1395 Wi-

1103 1413 1178 1447 cleff
1190 1414 1228 1447 de
1245 1413 1370 1457 Anglia
1387 1412 1520 1447 Ioannes
1542 1412 1628 1446 Huss
1649 1413 1687 1446 de
1704 1411 1857 1445 Bohemia

1103 1471 1132 1496 et
1154 1440 1369 1509 Hieronymus
1391 1462 1430 1496 de
1445 1461 1558 1507 Praga,
1573 1462 1625 1516 qui
1641 1461 1760 1495 utinam
1778 1459 1858 1493 31105

1104 1524 1209 1546 secum
1229 1511 1265 1545 ad
1285 1511 1475 1545 infidelitatis
1493 1512 1656 1545 interitum
1671 1522 1732 1544 non
1747 1509 1858 1543 traxis-

1103 1569 1184 1595 sent.
1201 1561 1293 1605 Nam,
1310 1561 1361 1595 ubi
1377 1560 1557 1595 huiusmodi
1583 1560 1767 1616 pestilentes
1784 1570 1858 1605 per-

1104 1622 1200 1645 sonae
1217 1622 1361 1665 perversa
1377 1610 1523 1656 dogmata
1541 1610 1743 1656 pertinaciter
1761 1620 1858 1642 semt-

1106 1659 1234 1703 nabant,
1244 1661 1273 1693 in
1287 1671 1361 1693 suae
1375 1660 1537 1693 doctrinae
1550 1658 1713 1704 pestiferae
1730 1657 1860 1704 primor-

1105 1709 1156 1743 dio
1186 1709 1313 1764 praelati
1343 1717 1371 1743 et
1404 1709 1455 1742 alii
1488 1709 1667 1742 iudiciariae
1697 1707 1860 1754 potestatis

1107 1759 1258 1805 regimina
1274 1767 1472 1802 exercentes
1487 1766 1647 1804 tamquam
1671 1768 1765 1792 canes
1780 1756 1857 1789 muti

1107 1821 1167 1842 nou
1186 1809 1325 1843 13190195
1348 1808 1471 1851 latrare,
1495 1820 1552 1841 099
1574 1807 1765 1841 01915990195
1786 1817 1858 1839 9001

1107 1858 1262 1904 Apostolo
1276 1859 1304 1891 iu
1319 1866 1464 1904 promptu
1475 1869 1599 1891 omnem
1612 1855 1859 1897 inobedientem,

1108 1907 1341 1941 haeresiarchas
1370 1907 1454 1952 ipsos
1481 1906 1646 1953 pestiferos
1668 1914 1697 1939 et
1720 1905 1858 1946 dolosos,

1107 1968 1215 1990 90111111
1230 1956 1369 2003 lupinam
1384 1955 1501 1989 rabiem
1516 1955 1725 1989 truculentam
1742 1953 1858 1992 statim,

1109 2015 1140 2039 111
1168 2005 1306 2039 adstricti
1335 2005 1482 2043 fuerant
1512 2004 1664 2038 canonice
1692 2014 1859 2041 coercere

1109 2066 1229 2101 eosque
1251 2054 1290 2089 de
1313 2054 1408 2088 domo
1431 2053 1557 2087 Domini
1581 2053 1786 2099 corporaliter
1800 2051 1860 2086 eii-

1108 2116 1179 2138 cere
1212 2116 1273 2138 non
1298 2111 1474 2142 90131001,
1496 2103 1550 2136 sed
1574 2102 1777 2148 sacrilegam
1802 2100 1861 2134 sal-

1109 2165 1173 2187 5310
1207 2160 1238 2187 91
1274 2153 1481 2199 perniciosam
1518 2151 1658 2197 ipsorum
1683 2150 1860 2185 doctrinam

1110 2215 1164 2248 per
1193 2202 1301 2247 longas
1339 2214 1442 2236 moras
1464 2201 1662 2247 negligenter
1696 2198 1861 2235 convalere

1111 2252 1337 2297 permiserunt:
1367 2230 1567 2297 populorumE>
1586 2250 1766 2292 multitudo,
1790 2248 1862 2282 illo-

1110 2313 1179 2334 rum
1202 2300 1407 2355 opinionibus
1430 2300 1516 2334 filsis
1539 2300 1684 2347 decepta,
1708 2311 1763 2345 pro
1780 2297 1861 2332 veris

1109 2350 1231 2396 accepit
1254 2361 1335 2396 quae
1355 2349 1408 2383 diu
1426 2349 1618 2383 mendaciter
1641 2357 1669 2382 et
1685 2347 1862 2395 peiniciose

1110 2413 1145 2434 31
1169 2399 1388 2433 damnabiliter
1409 2399 1654 2441 seminaverant,
1673 2399 1863 2444 9151109919-

1110 2449 1227 2492 dendo,
1254 2461 1270 2483 a
1295 2457 1374 2482 recta
1405 2448 1464 2482 fide
1493 2447 1607 2482 cecidit
1638 2446 1726 2481 turba
1751 2446 1862 2487 multa,

1110 2508 1138 2533 ct
1172 2511 1278 2533 errore
1309 2498 1401 2532 devio
1438 2497 1615 2539 involvitur,
1641 2496 1718 2543 proh
1755 2495 1859 2530 dolor!

1112 2560 1318 2595 paganorum,
1341 2547 1420 2582 adeo
1442 2546 1540 2593 qnod,
1564 2558 1619 2593 per
1641 2546 1762 2580 diversa
1792 2545 1863 2579 illaa

1113 2610 1180 2632 rum
1204 2597 1388 2643 eisdemque
1408 2597 1644 2631 convicinarum
1663 2595 1796 2642 partium
1812 2595 1865 2629 cli-

1113 2655 1206 2690 mata,
1234 2659 1308 2680 0195
1335 2646 1452 2680 Christi
1492 2645 1662 2679 catholicas
1686 2644 1864 2679 haeresiar-

1862 274 1957 307 vn.f1.
1979 274 2044 300 11118

1879 774 2028 800 Εμκευμῡῑυιιι

1865 807 1947 826 natm·
2010 812 2020 824 n

1918 838 1948 855 111·
2001 843 2017 855 55
2039 844 2050 854 a

1867 867 1960 887 xviclelo
1972 883 1976 888 ,
2020 865 2047 885 li).

1866 897 1919 917 111155
1936 901 1954 916 vt
1972 897 2046 916 flletu-

1866 935 1926 949 01010
1944 930 1967 947 dt:
1985 928 2050 948 Pratta

1867 953 1974 979 dissentiri.
2013 959 2052 978 de·-

1868 991 1943 1016 plorat.
