2274 3265
245 251 294 278 An.
313 254 425 281 01276

255 1884 355 1905 fidelium
375 1888 427 1910 pn·-

242 1920 278 1935 ee·
293 1915 346 1941 apud
362 1914 425 1935 Deum

240 1944 344 1971 implorat,

492 244 537 277 56

442 321 513 344 nem
542 308 706 342 instantem
742 306 884 341 scrutinii
910 306 988 341 riam
1017 306 1189 353 elegimus,

441 365 471 393 et
488 357 654 392 assistente
675 355 742 402 ipso
767 355 903 401 benigno
924 355 1096 402 sapientiae
1114 355 1190 403 Spi-

442 408 514 447 ritu,
537 406 589 453 qui
609 405 719 440 devote
743 417 776 440 sc
800 404 1029 446 invocantibus,
1046 406 1123 440 Ecce
1137 408 1190 440 acl-

441 469 519 498 sum,
547 455 625 490 solet
647 454 752 488 dicere
780 453 954 497 invocatus,
982 454 1071 488 cuius
1092 455 1188 501 gratia

442 505 604 540 molimina
631 503 785 539 tarditatis
813 503 951 549 ignorat3
980 503 1079 549 primo
1106 504 1188 539 cele-

441 554 529 589 brato
556 561 586 589 et
608 553 768 601 publicato
791 551 942 587 scrutinio
969 552 1064 599 (quod
1083 560 1186 588 tamen

441 615 637 650 nequaquam
658 601 755 642 aliud,
784 601 865 636 sicut
896 613 953 636 nec
973 602 1122 648 oportuit,
1143 611 1187 637 est

441 655 610 696 secutum),
643 651 672 685 in
709 651 918 685 humilitatem
948 658 1102 695 nostram,
1133 650 1185 685 Dei

441 701 654 749 providentia,
693 712 749 735 seu
788 699 995 746 permissione
1035 700 1186 741 mirabili,

441 750 597 797 nobisque.
625 749 759 784 nimium
789 748 918 783 terribili
947 758 976 782 et
1007 749 1186 795 stupenda,

441 799 534 834 iidem
552 800 662 833 fratres
676 798 761 832 nullo
773 796 971 832 discordante
994 798 1187 832 unanimiter

440 848 685 883 concordarunt:
710 846 801 881 nobis
824 846 861 880 ad
885 846 998 879 summi
1027 846 1187 893 apostola—

441 905 491 931 tus
518 897 654 931 evocatis
680 896 813 943 apicem,
847 903 876 929 ct
899 894 998 941 ipsius
1024 907 1104 929 onus
1132 896 1185 941 gi-

439 946 561 992 ganteis
594 945 687 980 etiam
716 943 912 979 tremendum
943 943 1100 984 humeris,
1130 956 1186 978 no-

439 995 512 1029 stris
535 993 691 1029 debilibus
714 993 922 1039 imponentes.

488 1042 517 1077 Ο
541 1055 618 1078 mira
636 1042 693 1077 Dei
710 1040 949 1088 omnipotentia!
971 1040 999 1075 Ο
1021 1040 1187 1076 admirabi-

440 1092 477 1127 tis
494 1091 615 1125 divinae
632 1090 845 1138 providentiae
868 1091 898 1124 in
914 1090 961 1124 sui
980 1089 1187 1137 dispositione

440 1140 610 1176 infallibilis
647 1138 850 1186 magnitudo!
890 1138 971 1180 Quis
1006 1139 1184 1174 divitiarum

439 1189 610 1237 sapientiae
643 1201 678 1224 ac
712 1188 861 1223 scientiae
890 1196 960 1222 tuae
987 1188 1184 1223 altitudinem

439 1238 604 1273 admirari?
629 1238 699 1285 quis
730 1237 999 1284 comprehendere
1034 1245 1087 1272 tua
1126 1238 1187 1271 mi-

439 1287 535 1322 randa
570 1287 708 1322 iudicia?
734 1286 805 1333 quis
832 1286 1018 1331 investigare
1054 1285 1186 1321 sufficiat

440 1336 674 1383 investigabiles
707 1336 769 1370 vias
796 1337 889 1370 tuas?
923 1334 1007 1370 Ecce
1040 1334 1088 1380 id,
1123 1347 1185 1371 non

439 1385 602 1420 interiecto
637 1384 726 1432 quasi
755 1385 848 1419 horae
883 1384 977 1418 unius
1004 1384 1186 1426 interstitio,

440 1434 610 1482 perfecisti,
631 1434 670 1468 ad
697 1433 782 1480 quod
805 1433 880 1467 alias
908 1444 1058 1479 persaepe
1081 1433 1186 1468 diffusi

439 1483 589 1530 temporis
606 1482 743 1530 spatium
761 1483 811 1516 vix
830 1481 969 1528 perfecit.
993 1481 1076 1517 Ecce
1095 1482 1186 1529 longe

438 1531 592 1567 distantes
624 1532 663 1566 ab
690 1531 822 1566 invicem
855 1529 1040 1578 corporibus
1068 1532 1184 1566 coadu-

439 1581 517 1615 nasti
546 1581 697 1624 celeriter,
718 1589 748 1615 et
770 1579 802 1614 in
824 1591 861 1614 eo
890 1580 1033 1627 ipsorum
1065 1580 1187 1616 animos

439 1630 525 1677 quasi
563 1629 667 1664 subito
702 1629 911 1670 coniunxisti,
949 1629 979 1664 in
1014 1640 1077 1676 quo
1112 1629 1187 1664 alias

438 1678 668 1713 cohabitatione
695 1678 882 1713 coniunctos
913 1677 1005 1723 longa
1033 1677 1187 1714 dissensio

438 1727 602 1774 separavit.
619 1726 704 1762 Haec
721 1726 872 1774 profecto,
890 1727 940 1774 pie
955 1726 1038 1771 Iesu,
1055 1727 1098 1761 tui
1116 1736 1187 1762 sunt

440 1776 592 1817 muneris,
623 1776 668 1810 tui
698 1775 788 1820 doni,
811 1775 863 1822 qui
888 1775 972 1821 pacis
1000 1783 1030 1811 et
1059 1776 1186 1811 unitatis

440 1833 559 1860 amator
574 1833 744 1872 utrumque
761 1836 860 1859 unum
876 1824 1004 1866 faciens,
1023 1837 1040 1860 a
1061 1825 1186 1861 diverso

441 1874 601 1909 venientes
624 1882 727 1921 partes
752 1874 834 1909 unis.
862 1873 896 1908 ln
925 1873 962 1908 iis
990 1874 1093 1921 itaque
1117 1875 1186 1910 licet

440 1936 498 1958 nos
518 1923 632 1970 gravis,
661 1936 717 1958 nec
740 1923 909 1964 immerito,
932 1932 1042 1971 stupor
1064 1925 1187 1960 invase-

439 1974 492 2014 rit,
519 1974 586 2008 eius
609 1980 712 2008 tamen
743 1987 836 2021 quem
861 1974 1001 2021 ipsorum
1027 1983 1184 2011 auctorem

439 2022 573 2058 fideliter
599 2024 811 2070 supponimus
839 2032 867 2059 et
896 2024 1059 2060 humiliter
1085 2026 1186 2061 conli—

438 2079 554 2117 temur,
575 2073 770 2108 considerata
794 2073 969 2118 clementia,
987 2075 1184 2117 confortavit,

438 2129 470 2156 ut
491 2122 634 2169 quamvis
661 2122 789 2157 iniuncti
812 2124 918 2158 oneris
941 2124 1055 2158 molem
1080 2125 1185 2159 insuf-

438 2171 571 2206 ficientia
600 2181 703 2206 nostra
728 2172 902 2218 resugeret;
929 2172 968 2207 de
991 2174 1185 2220 superabun-

438 2220 541 2256 dantia
565 2229 667 2255 tamen
692 2221 895 2267 plenitudinis
917 2234 991 2257 suae
1014 2223 1136 2268 confisi,
1159 2224 1184 2258 ei

438 2277 561 2304 nostrae
578 2269 800 2305 imbecillitatis
822 2270 1053 2307 subiecerimus
1076 2272 1186 2319 imper-

438 2317 566 2364 fectum,
600 2326 774 2366 sperantes,
809 2319 892 2367 quod
920 2322 1006 2368 operi
1036 2334 1184 2356 manuum

438 2381 564 2403 suarum
594 2368 752 2404 dexteram
778 2370 931 2417 porrige13
961 2383 1017 2406 nec
1048 2383 1105 2405 nos
1128 2372 1185 2406 im-

438 2418 698 2465 praemeditatnm
735 2425 765 2453 et
804 2419 936 2454 inscium
976 2420 1185 2468 dispositione

437 2479 510 2508 sua,
546 2467 574 2501 in
615 2475 675 2502 tam
712 2467 857 2515 profundi
894 2469 987 2504 maris
1021 2469 1185 2505 altitudine

438 2516 587 2563 positum,
610 2516 816 2565 derelinquet.
834 2517 881 2552 Ad
903 2518 987 2565 quod
1009 2520 1186 2567 promptius

437 2564 662 2610 obtinendum,
686 2575 858 2602 vestrorum
883 2568 1101 2615 suffragiorum
1121 2570 1187 2616 opi-

439 2613 620 2649 tulationem
644 2616 852 2663 requirimus,
875 2617 1047 2653 studiosam
1072 2618 1101 2653 in
1125 2618 1184 2652 hoc

1023 252 1121 275 BULLA
1128 252 1207 275 mum
1237 251 1349 274 ROMAN
1356 250 1400 273 ΠΜ

1230 317 1321 352 opem
1351 311 1381 339 et
1408 315 1534 352 operam
1567 302 1761 344 affectamus,
1791 305 1980 340 universita-

1232 363 1291 389 tem
1317 362 1449 389 vestram
1474 352 1643 387 affectuose
1667 362 1844 392 monentes,
1872 365 1980 400 rogan-

1232 412 1276 438 tes
1291 410 1396 451 etqua
1415 414 1585 451 possumus
1601 401 1746 437 instantia
1766 402 1978 447 exhortantes,

1230 461 1403 500 quatenus,
1440 460 1568 499 pensato
1603 450 1795 489 consultius.
1830 452 1912 498 quod
1948 454 1977 487 iu

1231 511 1347 548 partem
1377 502 1453 537 estis
1477 508 1579 535 tantae
1601 500 1813 535 solicitudinis
1842 503 1978 545 evocati,

1230 552 1259 586 iu
1283 551 1433 598 gregibus
1455 562 1550 585 curae
1579 556 1698 585 vestrae
1721 549 1899 585 commissis
1924 563 1978 598 pro

1230 600 1346 635 viribus
1378 600 1489 634 soliciti
1519 599 1651 646 pastoris
1683 606 1786 646 partes
1801 607 1979 647 satagentes

1230 650 1378 695 implere,
1414 649 1512 696 Moysi
1552 660 1665 683 manus
1699 647 1840 689 debiles,
1875 649 1978 692 cuius,

1229 699 1298 732 licet
1336 697 1598 733 insufficientibus
1631 698 1773 738 meritis,
1795 706 1905 744 typum
1946 699 1977 732 in

1229 746 1355 781 Domini
1395 747 1510 793 populo
1543 746 1699 792 gerimus,
1735 747 1846 781 vestris
1880 747 1979 783 inter-

1228 796 1421 830 cessionibus
1452 795 1646 840 sustentetis,
1681 795 1763 842 apud
1799 795 1902 836 lllum,
1925 798 1976 844 qui

1229 844 1407 879 huiusmodi
1433 844 1525 879 nobis
1553 856 1635 878 onus
1663 844 1830 891 imposuit,
1858 845 1978 880 devotis

1228 893 1376 940 precibus
1391 893 1581 935 insistentes,
1598 900 1631 927 ut
1646 905 1707 927 non
1724 893 1859 939 patiatur
1879 894 1979 941 ipsius

1230 942 1310 976 mole
1334 954 1392 976 nos
1418 942 1574 989 opprimi,
1604 942 1702 989 ipsius
1725 954 1871 989 pressura
1899 944 1979 978 sub-

1227 991 1344 1031 sterni3
1372 991 1426 1025 sed
1456 990 1648 1026 debilitatem
1677 999 1815 1025 nostram
1844 1003 1902 1026 suo
1926 1005 1977 1027 ro-

1228 1040 1302 1075 bore
1330 1039 1448 1084 fulciat,
1471 1052 1591 1087 suaque
1615 1040 1729 1074 virtute
1757 1040 1922 1084 confortet,
1945 1050 1979 1077 ut

1228 1089 1272 1124 sic
1288 1089 1317 1123 in
1341 1089 1500 1125 commissi
1523 1089 1709 1123 executione
1726 1089 1884 1135 regiminis
1903 1089 1979 1125 Eius

1230 1150 1459 1186 prosequamur
1481 1137 1727 1184 beneplacitum,
1742 1138 1825 1185 quod
1846 1147 1979 1174 aeternae

1228 1187 1442 1223 retributionis
1468 1187 1599 1234 gloriam
1627 1194 1658 1222 et
1679 1198 1850 1234 sequamur
1875 1195 1978 1223 atten-

1229 1237 1290 1271 tius
1321 1245 1351 1272 et
1384 1235 1423 1271 de
1449 1248 1525 1272 suae
1557 1235 1760 1282 benignitatis
1785 1237 1882 1283 gratia
1911 1237 1979 1272 effi-

1228 1285 1333 1320 cacius
1355 1297 1598 1333 consequamur.
1621 1285 1802 1326 Caeterum,
1824 1285 1934 1320 fratres
1948 1296 1978 1321 et

1228 1335 1296 1379 filii,
1323 1335 1468 1370 affectum
1503 1334 1592 1369 vobis
1619 1334 1818 1369 charitativae
1831 1334 1980 1382 benigni-

1228 1384 1298 1418 tatis
1320 1383 1529 1431 expandimus
1556 1390 1585 1417 et
1613 1382 1717 1417 sinum
1746 1383 1906 1418 charitatis
1932 1396 1980 1419 so-

1229 1432 1307 1467 lidae
1341 1433 1517 1479 aperimus,
1552 1439 1783 1480 proponentes,
1823 1440 1977 1480 quantum

1228 1494 1298 1516 cum
1328 1480 1393 1516 Deo
1425 1481 1610 1528 poterimus,
1639 1481 1750 1516 honori
1787 1490 1889 1516 vestro
1919 1482 1978 1518 de—

1228 1530 1318 1571 ferre,
1341 1542 1376 1565 ac
1398 1538 1498 1565 vestra
1517 1537 1547 1565 et
1568 1530 1782 1566 Ecclesiarum
1806 1537 1977 1566 vestrarum

1228 1579 1410 1619 commoda,
1440 1591 1496 1627 pro
1518 1579 1633 1627 quibus
1664 1579 1702 1614 ad
1732 1592 1790 1615 nos
1819 1592 1979 1616 recurrere

1228 1641 1298 1663 cum
1339 1629 1507 1664 securitate
1535 1628 1695 1676 poteritis,
1730 1629 1760 1663 in
1789 1629 1980 1677 promptitu-

1228 1678 1301 1714 dine
1324 1677 1560 1713 benevolentiae
1589 1689 1788 1725 promovere.

1466 1895 1560 1924 PAPA
1583 1895 1733 1926 CLXXXVI

1356 1960 1446 1993 Anno
1469 1960 1599 1993 Domini
1619 1961 1854 1995 MCCLXXVI.

1228 2034 1442 2118 Hadrianus,
1465 2084 1555 2112 antea
1577 2076 1778 2122 Othobonus,
1799 2078 1896 2126 patria
1919 2079 1980 2114 Ge-

1229 2126 1374 2171 nuensis,
1411 2125 1444 2161 S.
1476 2126 1517 2162 R.
1552 2126 1589 2161 E.
1624 2125 1792 2162 cardinalis
1827 2128 1978 2164 diaconus

1226 2175 1259 2210 S.
1288 2175 1458 2220 Hadriani,
1485 2175 1604 2211 electus
1635 2184 1682 2211 est
1705 2176 1858 2213 Summus
1890 2177 1977 2214 Pon-

1228 2225 1302 2259 tifex
1338 2224 1388 2259 die
1426 2227 1469 2259 '12
1507 2225 1570 2260 iulii
1610 2237 1692 2260 anno
1731 2229 1836 2268 1276,
1872 2228 1975 2263 statim

1228 2282 1297 2320 post
1314 2274 1501 2309 electionem
1530 2287 1618 2309 suam
1643 2288 1680 2310 ex
1696 2275 1780 2311 Urbe
1802 2276 1974 2313 Viterbium

1226 2335 1297 2357 cum
1327 2324 1530 2363 concesserit,
1559 2324 1686 2367 ibidem,
1716 2325 1855 2361 nondum
1886 2339 1976 2374 pres-

1227 2372 1326 2420 byter,
1359 2385 1416 2407 nec
1439 2372 1584 2408 Pontifex
1613 2374 1788 2417 ordinatus,
1812 2376 1898 2417 obiit,
1925 2376 1974 2411 die

1233 2424 1271 2456 18
1294 2422 1420 2468 augusti
1447 2424 1519 2457 anni
1542 2423 1697 2468 eiusdem,
1720 2435 1750 2461 ct
1772 2426 1913 2472 sepultus
1928 2435 1973 2462 est

1227 2471 1255 2504 in
1289 2471 1422 2507 ecclesia
1446 2472 1575 2507 fratrum
1603 2472 1771 2509 Minornm.
1796 2473 1883 2510 Sedit
1918 2475 1976 2510 ita-

1226 2532 1286 2567 que
1306 2533 1445 2555 mensem
1470 2535 1580 2563 unum,
1596 2522 1665 2557 dies
1683 2532 1819 2571 septem:
1842 2525 1975 2559 vacavit-

1226 2581 1287 2616 que
1311 2578 1378 2617 post
1411 2572 1481 2605 cius
1508 2580 1639 2607 mortem
1669 2572 1846 2621 Apostolica
1875 2573 1975 2609 Sedes

1228 2618 1289 2652 fere
1312 2632 1367 2666 per
1390 2632 1541 2655 mensem.

1995 251 2045 278 An,
2064 249 2175 276 (3.1976
