2274 3265
534 263 580 295 24

488 340 575 367 iuni;
602 338 754 374 expensae
780 337 850 360 vcro
878 337 932 372 pro
955 324 1118 359 obsidibus
1141 323 1230 358 casti-i

488 377 577 423 l’opii
606 376 678 410 fiant
707 387 761 423 per
785 375 930 409 homines
952 374 1024 409 dicti
1052 373 1156 409 castri.

535 426 554 471 ξ
585 428 641 460 20.
675 425 752 459 ltem
788 424 999 472 praecipimus
1029 432 1057 458 ct
1094 422 1232 457 districte

1066 268 1251 292 normanica!
1278 268 1438 291 nonaxon
2038 265 2089 292 An.
2102 265 2130 291 c.
2150 262 2219 292 1273

1274 323 1622 370 Constantinopolitano
1664 323 1851 370 imperatore
1892 322 2022 363 illustri,
2046 331 2223 357 Anuncttmur-

294 274 344 300 An.
358 273 386 300 C.
404 273 472 299 1273

1273 385 1308 408 ac
1339 385 1410 420 rege
1440 372 1616 420 praedicto,
1646 380 1675 406 ct
1702 371 1899 407 adstantibus
1932 371 2226 414 nobisvemmiufvffloen.

1276 423 1437 458 nonnullis
1471 435 1507 458 ex
1545 421 1692 457 fratribus
1728 421 1843 456 nostris
1877 421 2162 457 eiusdem¹⁰⁰··m·=·-¹›

311 480 459 500 ϋίῠεΗιιιυιιιυι

2038 364 2087 383 tium
2103 364 2155 383 haec
2170 368 2222 383 eon<
2260 370 2264 376 ⁷

293 512 352 531 amici
368 517 407 531 uon
429 517 473 530 mo-

293 542 381 562 testandi
394 548 404 561 a
416 546 471 565 iege.

306 1073 360 1094 Haec
376 1079 425 1093 vcro
438 1073 473 1093 sub

294 1104 434 1131 spiritualibus
454 1107 474 1123 et

311 1135 458 1161 temporalibus

294 1167 366 1192 poenis
404 1165 475 1185 ohser-

293 1197 356 1216 wanda

360 2271 370 2282 a
395 2264 481 2290 partiunt

303 2294 387 2314 simut-is
426 2295 482 2314 iura-

303 2328 371 2345 mento
400 2327 483 2344 tunian-

490 475 684 515 mandamus
707 482 768 508 tam
798 485 852 521 per
881 481 1085 509 memoratum
1115 484 1231 518 regem,

488 533 645 571 tamquam
675 536 730 571 per
757 523 877 571 imperii
905 523 1065 561 vicarium,
1095 533 1232 568 suosque

489 575 518 608 in
541 574 600 609 hoc
627 574 770 614 vicarios,
805 581 834 607 et
869 572 1041 620 quemlibet
1071 571 1166 606 alium
1202 572 1231 605 in

488 624 547 658 hoc
571 623 817 659 iurisdictionem
843 624 887 656 vel
913 629 1095 670 potestatem
1119 621 1232 655 haben·

488 684 563 714 tem,
601 673 819 708 inviolabiliter
858 671 1034 715 observari,
1066 679 1099 705 ut
1139 671 1231 706 amici

489 721 718 771 praedictorum
748 721 977 756 Gibellinorum
1011 720 1049 755 de
1076 719 1232 756 Florentia

488 785 543 820 pro
576 785 613 808 eo
647 772 729 820 quod
765 770 978 805 fideiubebunt
1005 782 1061 817 pro
1090 770 1153 815 eis,
1185 770 1232 805 vel

487 822 563 857 alias
585 822 750 857 occasione
773 820 923 867 ipsorum,
946 820 983 856 ad
1014 819 1145 854 confinia
1170 832 1231 854 non

488 871 662 913 mittantur,
685 883 741 906 nec
769 879 937 916 graventur
964 869 994 903 in
1022 868 1233 904 destructione

488 921 665 961 domorum,
687 920 733 955 vel
758 920 786 953 in
812 918 917 965 aliquo
939 918 997 954 alio
1030 918 1060 953 in
1091 918 1234 966 personis

488 979 541 1004 aut
570 970 672 1005 rebus.

537 1019 634 1066 §2¹-
670 1018 835 1053 Caeterum
869 1025 904 1052 ut
940 1017 1121 1064 praemissa,
1154 1029 1233 1064 quae

488 1068 525 1103 ad
553 1080 751 1104 communem
775 1066 935 1101 utilitatem
959 1067 1138 1101 earumdem
1164 1079 1235 1114 par-

490 1119 580 1161 tium,
610 1117 765 1164 totiusque
790 1117 969 1162 provinciae
995 1124 1068 1151 sunt
1097 1116 1233 1150 salubri-

490 1176 534 1201 ter
558 1167 708 1206 instituta,
732 1177 794 1214 quo
823 1166 920 1212 magis
942 1165 1058 1200 fuerint
1080 1165 1234 1213 multipli-

488 1225 556 1250 cato
583 1216 758 1251 munimine
787 1214 941 1256 roborata,
969 1227 1006 1250 eo
1029 1215 1160 1250 solidius
1184 1216 1234 1249 iu·

489 1266 536 1311 gis
561 1265 787 1301 observationis
822 1265 1027 1312 perpetuitate
1055 1265 1234 1306 firmentum

489 1316 670 1350 auctoritate
713 1315 769 1349 Dei
806 1314 1032 1362 omnipotentis
1070 1314 1171 1349 Patris
1206 1323 1235 1349 et

490 1363 561 1398 Filii
582 1372 611 1399 et
629 1364 765 1411 Spiritus
785 1363 904 1404 Sancti,
924 1363 1086 1399 beatorum
1110 1376 1234 1411 quoque

490 1414 701 1460 apostolorum
720 1413 804 1448 Petri
822 1422 850 1448 et
869 1413 969 1454 Pauli,
993 1426 1028 1449 ac
1050 1421 1153 1448 nostra
1170 1414 1234 1460 ipsa

491 1462 549 1497 sub
572 1475 669 1510 poena
692 1463 849 1511 praedicta
873 1463 981 1509 viginti
1002 1463 1135 1498 millium
1160 1476 1235 1498 mar-

491 1513 630 1553 charum,
658 1521 687 1547 et
720 1513 1064 1552 excommunicationis,
1087 1525 1181 1559 quam
1206 1513 1234 1547 in

491 1562 663 1608 singulares
698 1574 857 1610 personaS,
889 1571 917 1597 et
947 1562 1115 1605 interdicti,
1143 1575 1234 1609 quam

493 1612 522 1645 in
546 1612 776 1647 universitatem
805 1612 996 1647 contrarium
1026 1612 1177 1647 facientes
1199 1625 1235 1646 cx

492 1674 575 1696 nunc
597 1662 737 1706 ferimus,
756 1661 960 1697 decernimus
980 1663 1139 1709 perpetuis
1162 1670 1237 1696 tem-

492 1710 621 1758 poribus
644 1711 862 1747 inviolabiliter
891 1711 1101 1747 observanda:
1126 1712 1235 1746 eadem

491 1761 671 1796 auctoritate
701 1773 737 1796 ac
760 1761 818 1796 sub
846 1762 965 1797 eisdem
995 1761 1106 1809 poenis
1133 1761 1238 1796 distri-

492 1811 572 1845 ctius
593 1823 628 1846 ac
655 1811 792 1858 apertius
821 1811 1039 1858 prohibentes,
1068 1824 1106 1846 ne
1133 1811 1236 1858 aliqua

493 1868 597 1894 contra
629 1861 799 1907 praemissa
826 1870 856 1895 et
882 1861 1061 1908 specialiter
1090 1862 1119 1895 in
1151 1873 1238 1896 crea-

495 1909 578 1944 tione
611 1909 717 1957 populi
749 1910 869 1945 novitas
901 1919 1112 1958 attemptetur.
1144 1910 1237 1953 Quod

494 1959 519 1992 si
554 1958 654 1994 forsan
691 1959 719 1993 in
755 1960 921 2007 praedictis
954 1960 1058 2008 aliqua
1093 1960 1237 1995 inciderit

494 2007 655 2052 dubitatio,
678 2009 962 2056 interpretationem
991 2018 1018 2044 et
1047 2009 1237 2044 decisionem

496 2057 595 2103 ipsius
618 2058 707 2093 nobis
732 2067 761 2093 et
783 2059 883 2094 eidem
918 2059 1012 2095 Sedis
1038 2060 1238 2107 Apostolicae

496 2116 699 2150 reservantes,
726 2108 761 2142 ad
799 2121 855 2144 nos
888 2118 915 2143 et
945 2110 1042 2156 ipsam
1066 2121 1162 2157 super
1189 2110 1238 2144 illa

496 2155 639 2192 volumus
662 2157 767 2192 haberi
790 2170 961 2193 recursum.

544 2206 645 2253 522.
679 2207 726 2241 Ad
761 2209 909 2243 maiorem
945 2216 1050 2243 autem
1086 2209 1238 2243 cautelam

498 2257 665 2302 praemissa
692 2258 794 2291 omnia
823 2266 852 2292 et
879 2258 999 2304 singula
1030 2259 1240 2306 praecipimus

496 2313 525 2339 et
553 2306 737 2341 mandamus
765 2319 818 2354 per
843 2307 981 2343 sindicos
1019 2309 1152 2355 partium
1186 2321 1243 2343 ea-

498 2355 652 2401 rumdem,
675 2356 812 2404 ipsarum
830 2358 967 2399 nomine,
983 2358 1073 2392 tactis
1091 2370 1241 2406 corpora-

498 2405 567 2440 liter
587 2407 790 2441 sacrosanctis
814 2407 1003 2454 Evangeliis,
1026 2409 1174 2455 praestito
1194 2409 1242 2442 iu-

500 2464 638 2491 ramento
665 2457 789 2498 firmari,
809 2465 837 2493 et
859 2458 1045 2504 specialiter,
1069 2459 1151 2505 quod
1182 2471 1240 2493 una

501 2517 570 2551 pars
591 2506 717 2541 alteram
740 2507 778 2541 de
801 2516 921 2543 caetero
945 2520 1006 2543 non
1035 2508 1180 2543 offendat.

548 2555 567 2601 ἓ
596 2557 653 2590 25.
685 2556 767 2591 Sane
802 2557 831 2591 in
868 2557 993 2605 publico
1030 2557 1241 2605 parlamcnto,

502 2603 551 2637 uhi
574 2605 678 2639 eadem
716 2615 904 2642 convenerat
938 2607 1117 2651 multitudo,
1151 2621 1243 2655 prae-

501 2653 640 2688 sentibus
664 2655 846 2690 charissimo
869 2657 897 2691 in
914 2656 1040 2692 Christo
1057 2657 1119 2692 [ilio
1137 2666 1242 2693 nostro

1274 472 1434 507 Ecclesiae
1456 472 1619 507 Romanae
1641 471 1866 512 cardinalibus,
1895 480 1924 506 et
1955 471 2025 506 aliis

1275 522 1520 570 archiepiscopis
1563 530 1593 557 et
1633 521 1789 569 episcopis
1828 521 2022 556 diversorum

1275 571 1431 612 locorum,
1466 572 1648 619 praemissis
1688 571 1835 606 omnibus
1878 570 1947 605 latis
1986 570 2025 606 de

1275 621 1370 656 verbo
1398 621 1435 656 ad
1461 622 1605 663 verbum,
1634 630 1664 656 et
1699 629 1839 668 patenter
1863 620 2025 667 expositis,

1275 671 1408 706 dilectus
1437 671 1518 705 lilius
1540 671 1697 707 Berardus
1724 670 1878 719 Raynaldi
1901 670 2024 705 Acursii

1275 721 1452 756 communis
1470 721 1611 756 eiusdem
1636 722 1769 756 civitatis
1790 721 2024 769 capitaneorum

1275 778 1305 805 et
1328 771 1423 817 partis
1445 770 1632 806 Guelsorum
1656 771 1695 805 de
1716 770 1889 815 Florentia,
1911 779 1941 805 ct
1963 770 2027 805 Αιι-

1275 820 1363 866 gelus
1399 820 1569 866 Fogliarini
1609 820 1840 868 praedictorum
1876 821 2024 855 comitum

1275 870 1511 917 capitaneorum
1531 878 1561 904 et
1579 870 1675 918 partis
1697 869 1871 905 Gibellinae
1894 869 2026 918 syndici,

1277 932 1493 970 procuratores
1515 932 1546 960 et
1565 924 1666 959 nuntii
1690 924 1841 960 habentes
1863 924 1901 959 ab
1922 925 1967 960 eis
1988 923 2025 959 ad

1275 978 1336 1013 hoc
1365 979 1453 1026 plena
1478 978 1635 1024 mandata,
1658 991 1794 1026 quorum
1821 989 1947 1015 tenores
1974 990 2028 1014 se-

1276 1032 1377 1068 riatim
1413 1032 1596 1074 transcribi,
1638 1041 1668 1068 et
1708 1033 1769 1068 sub
1800 1033 1884 1068 bulla
1923 1041 2027 1068 nostra

1276 1087 1494 1122 mandavimus
1516 1087 1671 1128 annotari,
1700 1087 1729 1121 in
1753 1087 1888 1123 archivis
1913 1086 2028 1122 nostris

1276 1154 1383 1177 eorum
1417 1142 1621 1188 originalibus
1650 1141 1873 1177 conservandis
1902 1142 2028 1176 nomine

1278 1196 1529 1243 praedictorum,
1561 1208 1576 1230 a
1612 1195 1730 1244 quibus
1763 1195 1944 1230 mandatum
1973 1195 2030 1230 lia-

1278 1249 1404 1292 bebant,
1428 1250 1599 1297 praemissa
1626 1250 1730 1285 omnia
1763 1257 1793 1284 et
1828 1249 1949 1296 singula
1971 1248 2030 1284 ho-

1278 1304 1514 1351 mologaverunt
1541 1313 1572 1340 et
1597 1311 1838 1352 acceptaverunt
1867 1314 2029 1350 expresse,

1279 1360 1496 1406 promittentes
1530 1358 1591 1394 sibi
1626 1358 1663 1393 ad
1700 1358 1852 1398 invicem,
1885 1364 1915 1391 et
1942 1356 2030 1390 tactis

1277 1414 1478 1460 corporaliter
1493 1413 1698 1449 sacrosanctis
1713 1410 1905 1458 Evangeliis,
1923 1410 1953 1444 in
1969 1410 2028 1444 ani<

1280 1466 1390 1502 mabus
1426 1467 1503 1511 suis,
1538 1474 1568 1502 et
1597 1466 1741 1507 illorum,
1768 1477 1904 1513 quorum
1941 1471 2029 1499 erant

1278 1521 1399 1569 syndici
1437 1534 1490 1556 seu
1520 1528 1738 1569 procuratores
1774 1519 1923 1567 praestito
1946 1518 2030 1553 iura-

1279 1583 1386 1610 mento
1410 1575 1570 1610 firmantes
1593 1583 1743 1622 perpetuo
1766 1586 1872 1621 pacem
1902 1573 2029 1621 praedi-

1279 1637 1372 1673 ctam,
1395 1637 1425 1663 et
1443 1629 1547 1664 omnia
1570 1638 1599 1664 et
1626 1628 1761 1675 singula,
1783 1640 1863 1675 quae
1885 1627 2031 1675 superius

1279 1692 1351 1718 sunt
1386 1695 1551 1730 expressa,
1593 1682 1814 1718 inviolabiliter
1853 1681 2030 1723 observare,

1280 1750 1338 1773 nec
1365 1748 1471 1773 contra
1496 1739 1560 1786 ipsa
1583 1738 1630 1773 vel
1653 1738 1794 1785 ipsorum
1822 1736 1948 1784 aliquod
1976 1749 2032 1784 per

1280 1805 1324 1838 se,
1347 1792 1392 1827 rel
1417 1805 1471 1840 per
1492 1793 1600 1837 alium,
1621 1792 1746 1840 publice
1764 1793 1810 1827 vel
1827 1792 1948 1827 occulte
1968 1791 2031 1826 ullo

1280 1860 1418 1894 unquam
1440 1856 1579 1894 tempore
1599 1848 1644 1882 vel
1664 1846 1758 1881 modo
1781 1846 1896 1881 venire.

1330 1901 1443 1936 Actum
1459 1901 1637 1936 Florentiae
1653 1913 1745 1948 supra
1762 1901 1834 1935 litus
1852 1901 1928 1935 Arni
1947 1901 2031 1935 iuxta

1281 1955 1413 1990 Pontem
1437 1957 1491 2003 qui
1520 1955 1685 2002 vulgariter
1708 1955 1822 1990 dicitur
1843 1955 2032 1999 Robaconti,

1281 2018 1392 2057 quarto
1412 2010 1482 2045 idus
1503 2010 1587 2055 iulii,
1610 2009 1807 2057 pontificatus
1829 2010 1926 2045 nostri
1950 2021 2033 2044 anno

1281 2065 1430 2101 secundo.

1334 2122 1394 2152 Dat.
1417 2123 1464 2152 die
1491 2122 1524 2151 12
1548 2122 1610 2151 iulii
1633 2122 1718 2158 1273,
1738 2122 1838 2160 pontif.
1859 2130 1935 2151 anno
1953 2130 1982 2151 ιι.

1624 2262 1692 2297 vlt.

1286 2337 1399 2369 Contra
1443 2336 1623 2369 christianos
1664 2336 1706 2368 ad
1747 2337 1839 2369 ritum
1876 2337 2032 2370 iudaicam

1333 2394 1543 2425 transeuntes,
1583 2387 1766 2430 induensque
1793 2397 1948 2420 conversos
1982 2397 2033 2419 re-

1333 2437 1524 2470 iudaizantes
1566 2437 1611 2470 rel
1642 2437 1821 2471 christianos
1853 2437 1895 2469 ad
1928 2448 2031 2470 eorum

1333 2488 1424 2520 ritum
1454 2488 1635 2521 inducentes.

1285 2567 1429 2603 Gregorius
1448 2569 1589 2603 episcopus
1601 2574 1695 2596 servus
1705 2573 1844 2596 servorum
1854 2566 1910 2599 Dei,
1924 2566 2033 2595 dilectis

1328 2616 1392 2646 filiis
1426 2617 1562 2646 fratribus
1586 2617 1803 2646 Praedicatorum
1839 2618 1869 2645 et
1903 2616 2033 2645 minorum

1329 2667 1459 2699 ordinum.
1477 2667 1685 2702 inquisitoribus
1700 2666 1855 2695 haereticae
1873 2666 2032 2702 pravitatis.
