2274 3265
217 277 265 302 Αη,
288 276 306 301 C
333 276 396 301 ¹32ss

229 809 306 834 litaque
337 810 399 828 attri-

215 840 304 859 buuntur
338 838 398 860 iura.

216 875 267 895 qnae
278 869 323 888 abb.
340 874 395 888 cnm-

216 900 323 926 petebant.

261 2580 377 2599 (tarr-ntae.

462 266 530 297 302

415 331 639 378 praemittitur,
675 330 700 363 ei
729 327 881 363 subiectis
916 327 1026 361 vicinis
1055 338 1165 360 mona-

413 381 508 415 sterio
543 387 739 416 memorato,
768 389 848 424 quae
885 376 1038 411 hactenus
1073 375 1163 409 alicui

413 429 500 463 alteri
528 428 677 475 episcopo
706 425 909 473 spiritualiter
936 425 1065 459 minime
1090 423 1165 457 sub-

414 478 556 513 iacebat.
580 485 759 523 competere
793 474 919 513 debeat,
947 486 1010 520 quo
1039 473 1068 506 in
1105 472 1163 511 iis,

418 539 498 574 quae
521 534 592 560 sunt
615 524 734 559 ordinis
760 522 958 570 '‘ioritilicalis,
972 530 1001 556 et
1021 521 1165 555 ministe-

415 577 492 610 rium
513 574 758 610 consecrationis
780 572 970 611 desiderant,
998 570 1163 616 largiorem

415 624 628 671 pontificibus,
649 634 742 669 quam
767 620 922 654 inferioris
944 619 1059 665 gradus
1075 630 1163 664 prae-

416 674 484 707 latis
517 681 698 719 potestatem
737 671 815 705 sarri
854 680 991 703 canones
1032 678 1165 701 conces-

414 730 534 756 serunt.

462 775 477 813 ξ
513 773 544 805 5.
580 769 746 803 Caeterum
783 766 966 801 auctoritate
1009 763 1163 810 praedicta

413 819 627 856 decernimus,
655 816 738 863 qnod
764 815 918 849 institutio
945 822 975 848 et
990 813 1164 855 destitutio,

417 869 570 910 visitatio,
599 865 777 900 reformatio
806 873 835 899 et
867 862 1020 897 correctio
1044 870 1104 895 tam
1134 862 1163 895 iu

412 917 542 951 ecclesia
570 914 753 957 cathedrali,
776 925 870 959 qnam
892 912 921 945 in
942 910 1090 945 membris
1103 911 1166 944 eis—

412 965 496 1005 dem,
520 965 714 1009 ubicumque
733 960 990 999 consistentibus,
1026 971 1061 993 ac
1084 959 1163 993 bona

414 1014 514 1059 ipsius
544 1012 705 1059 quondam
737 1010 928 1046 monasterii.
951 1021 1032 1055 quae
1054 1008 1092 1041 ad
1116 1007 1167 1041 ab·

414 1063 529 1105 batem,
552 1069 742 1097 conventum
762 1068 792 1093 et
814 1058 964 1093 officiales
981 1056 1165 1103 spectabant

413 1111 541 1145 eosdem
571 1109 786 1145 communiter
821 1108 866 1141 vel
895 1107 1042 1149 divisim,
1070 1104 1164 1139 simili

414 1160 508 1193 modo
535 1167 679 1206 spectent
705 1157 743 1192 ad
772 1157 969 1203 episcopum,
992 1154 1163 1200 capitulum

415 1217 443 1242 et
471 1208 619 1243 officiales
643 1206 831 1254 praedictos:
868 1218 903 1239 ae
931 1204 969 1238 de
1003 1203 1063 1237 illis
1090 1203 1164 1236 dicti

415 1257 594 1303 episcopus,
629 1255 802 1302 capitulum
835 1262 863 1288 et
887 1252 1036 1288 officiales
1070 1251 1165 1285 libere

414 1306 583 1352 disponere
616 1305 736 1339 valeant
771 1303 862 1337 simul
898 1302 943 1336 vel
972 1302 1164 1348 separatim,

416 1363 505 1401 prout
532 1367 642 1389 eornm
666 1353 831 1400 dispositio
853 1351 891 1385 ad
916 1351 1042 1385 eosdem
1068 1349 1166 1383 abba-

416 1412 489 1440 tem,
517 1412 707 1437 conventum
731 1410 760 1436 et
785 1401 932 1436 officiales
954 1399 1166 1434 communiter

415 1453 459 1486 vel
479 1452 604 1486 ‹lixisim
633 1460 721 1486 antea
757 1449 948 1497 pertinebat:
979 1448 1101 1482 iuribus
1137 1457 1166 1481 et

414 1501 711 1539 consuetudinibus,
735 1500 759 1534 si
776 1512 836 1546 qua
853 1499 1005 1532 hactenus
1022 1496 1167 1543 praefatis

413 1555 514 1589 abbati
543 1555 588 1589 vel
618 1553 805 1588 officialibus
835 1564 889 1586 seu
919 1549 1167 1585 administratio-

415 1621 485 1642 nem
505 1608 704 1643 habentibus,
728 1607 756 1641 in
779 1604 1052 1639 installationibus.
1078 1615 1168 1649 prae-

414 1661 648 1696 sentationibus
665 1660 712 1694 vel
730 1658 924 1693 investituris
946 1656 1168 1703 archipresby-

416 1723 553 1748 terorum
580 1714 624 1747 rel
651 1722 809 1748 rectorum
833 1720 885 1745 aut
908 1711 1038 1745 aliarum
1059 1722 1168 1756 perso-

418 1780 528 1802 narum
558 1767 843 1812 ecclesiasticarum
874 1766 903 1799 in
933 1764 1086 1798 Ecclesiis
1114 1777 1169 1798 ca-

416 1830 578 1863 strorum,
613 1821 758 1856 villarum
795 1832 850 1854 seu
892 1819 1031 1853 locorum
1073 1819 1167 1852 etiam

415 1875 545 1910 aliarum
569 1875 751 1910 dioecesum
775 1872 1018 1920 competelian13
1047 1885 1169 1906 necnon

419 1929 615 1972 bonoribus,
642 1929 694 1976 qni
722 1927 824 1962 eidem
862 1926 963 1960 abbati
992 1926 1146 1960 hactenus
1163 1954 1170 1964 ,

417 1996 488 2017 cuin
511 1983 549 2017 ad
573 1982 681 2017 eadem
701 1991 813 2024 castra,
837 1980 923 2013 villas
946 1992 999 2013 seu
1023 1979 1088 2013 loca
1111 1992 1171 2013 no-

418 2038 497 2071 viter
518 2035 719 2078 accedebant,
747 2046 801 2080 per
823 2034 942 2068 clerum
973 2041 1003 2066 et
1019 2032 1170 2079 populum

419 2088 694 2135 processionaliter
716 2089 742 2122 ei
768 2086 891 2121 obviam
907 2094 1122 2129 occurrentes,
1142 2085 1170 2118 iu

420 2143 601 2178 huiusmodi
631 2141 884 2188 processionibus
911 2148 941 2173 et
963 2140 1173 2186 quibuscum-

419 2210 479 2244 que
493 2197 561 2231 aliis
583 2202 811 2230 consueverant
823 2193 985 2233 exbiberi;
1003 2193 1173 2239 episcopus

420 2251 581 2293 Casinen.,
601 2250 653 2296 qui
677 2249 733 2282 erit
763 2260 817 2294 pro
841 2255 994 2292 tempore,
1018 2247 1097 2280 sicut
1117 2245 1174 2279 ab-

422 2304 482 2338 bati
519 2311 549 2337 et
576 2302 760 2337 officialibus
794 2313 847 2334 sen
872 2300 1173 2334 administrationem

423 2356 609 2391 habentibus
646 2355 837 2397 memoratis,
872 2354 952 2388 sicut
981 2352 1175 2399 praedeces-—

422 2410 547 2443 §oribus
574 2422 683 2443 eorum
700 2436 708 2451 ,
733 2408 893 2454 perpetuis
916 2407 1030 2440 suturis
1052 2414 1175 2451 tempo-

424 2463 509 2497 ribus
531 2463 707 2505 reservatis,
726 2470 755 2496 et
772 2461 962 2507 integraliter
976 2460 1172 2495 exhibendis.

473 2516 556 2551 Nulli
592 2529 666 2562 ergo
706 2516 836 2550 omnino
876 2515 1041 2549 bominum
1085 2514 1172 2547 liceat

425 2572 505 2604 bane
529 2571 673 2617 paginam
699 2578 875 2604 nostrarum
899 2568 1080 2605 erectionis,
1096 2579 1174 2601 con-

426 2624 596 2658 stitutionis
620 2631 648 2657 et
678 2623 845 2657 voluntatis
869 2623 1049 2668 infringere,
1073 2630 1124 2655 etc.

987 272 1172 295 ΒΙἸᾸΛΠΙΓΜ
1203 271 1269 292 nm!
1278 270 1361 291 ›wt'ttt

1256 325 1369 358 Datum
1399 321 1573 360 avenione,
1613 327 1700 353 sexto
1740 331 1838 353 nonas
1868 318 1952 358 maii,

1207 373 1408 421 pontificatus
1431 370 1527 405 nostri
1556 381 1638 402 anno
1666 381 1706 402 vi.

1266 434 1328 463 Dat.
1352 434 1398 462 die
1422 433 1439 461 ἱ)
1463 431 1530 460 maii
1553 430 1637 465 1322,
1660 433 1737 467 pont.
1761 437 1836 457 anno
1858 437 1894 456 vr.

1507 595 1650 631 XXXIV.

1208 679 1410 712 Canonizati'o
1435 678 1471 710 B.
1500 678 1632 709 'l'liomae
1653 677 1689 707 de
1716 676 1851 719 Aquino,
1873 675 1955 707 ordi-

1255 728 1302 760 πίε
1317 729 1451 770 fratrum
1474 727 1725 759 Praedicator-um
1742 725 1776 757 S.
1788 724 1956 760 Dominici,

1255 777 1377 818 eiusque
1404 776 1512 807 relatio
1534 776 1566 806 in
1600 785 1758 807 numerum
1780 780 1957 805 sanctorum

1255 827 1471 868 consessorum,
1493 835 1561 856 cum
1577 824 1764 856 institutione
1785 821 1957 865 festivitatis

1253 885 1310 917 pro
1332 874 1381 905 die
1403 873 1422 906 7
1446 873 1562 905 niartt'i.

1473 948 1594 978 SUMMA
1602 948 1686 978 [utut

1208 1020 1394 1049 Prooemiutn.
1414 1036 1453 1040 —
1472 1019 1497 1047 ι1,
1521 1018 1550 1047 Β.
1573 1017 1702 1046 Thomae
1726 1018 1902 1047 encomium.
1921 1034 1961 1038 —-

1245 1064 1272 1092 ⁰2.
1296 1063 1388 1101 Opera
1414 1062 1553 1091 nonnulla
1579 1061 1691 1090 scribit.
1714 1078 1753 1082 —
1775 1061 1802 1090 3.
1829 1059 1958 1090 Orationi

1246 1111 1274 1135 et
1297 1106 1404 1135 studiis
1422 1106 1541 1135 assidue
1562 1105 1689 1134 vacabat.
1708 1121 1745 1125 --
1767 1104 1796 1133 4.
1816 1103 1961 1140 Casfitate,

1247 1151 1414 1185 sobrietate,
1447 1150 1612 1178 bumilitate.
1645 1154 1671 1177 et
1705 1148 1772 1177 aliis
1803 1148 1960 1177 virtutibus

1248 1195 1412 1234 praefulsit.
1430 1211 1469 1216 --
1488 1194 1516 1223 5.
1540 1193 1644 1223 Ultima
1669 1191 1838 1221 infirmitate
1857 1192 1886 1220 in
1903 1200 1963 1220 ino-

1246 1239 1376 1268 nasterio
1396 1238 1504 1267 Fossae
1527 1237 1621 1266 Norae
1645 1236 1768 1265 laborat.
1788 1252 1827 1256 —
1844 1236 1871 1264 ὃ.
1895 1235 1957 1264 Via-

1248 1284 1336 1313 ticum
1357 1292 1477 1312 sumens
1497 1292 1548 1311 sna
1574 1282 1681 1319 scripta
1703 1282 1731 1310 S.
1752 1280 1782 1309 tt.
1805 1279 1835 1308 Ε.
1853 1280 1962 1309 indicio

1247 1327 1402 1356 submittit.
1427 1343 1465 1348 —
1493 1327 1517 1355 7.
1541 1326 1591 1355 Pie
1611 1326 1744 1354 moritur.
1767 1341 1805 1346 —
1823 1325 1849 1353 8.
1873 1323 1961 1353 Mira-

1247 1371 1322 1400 culis
1340 1371 1438 1400 claret.
1457 1387 1495 1392 —
1513 1371 1540 1398 st.
1559 1369 1628 1399 Eius
1645 1378 1752 1408 corpus
1773 1369 1846 1398 miro
1867 1374 1965 1398 manat

1246 1417 1346 1445 odore.
1374 1432 1413 1437 —-
1437 1416 1482 1444 10.
1506 1415 1637 1452 podagra
1674 1414 1822 1449 laborans,
1852 1430 1890 1435 —-
1919 1414 1963 1442 11.

1249 1459 1392 1489 Sensibus
1413 1459 1561 1497 stupidus,
1587 1475 1626 1480 —
1652 1458 1694 1487 1⁶2.
1717 1457 1963 1493 Tremebundus,

1248 1508 1273 1532 et
1297 1503 1416 1531 inflatus
1440 1503 1543 1540 capite,
1571 1518 1611 1523 —
1642 1502 1687 1530 13.
1715 1501 1839 1540 Loquela
1871 1502 1965 1540 priva-

1251 1552 1306 1582 tus,
1324 1563 1363 1568 --
1383 1547 1428 1575 14.
1446 1546 1540 1575 Febre
1563 1546 1731 1584 quotidiana
1757 1546 1904 1580 detentus,
1927 1561 1966 1567 —-

1250 1592 1295 1620 115.
1318 1591 1423 1620 Mulier
1441 1590 1605 1626 „snrtlitate,
1628 1607 1667 1612 —
1696 1591 1741 1619 16.
1761 1589 1860 1619 Puella
1885 1589 1967 1628 squi-

1249 1636 1358 1671 nantia,
1369 1652 1407 1656 —
1423 1635 1464 1663 17.
1478 1635 1646 1664 Conversus
1660 1635 1779 1673 quidam
1795 1633 1965 1663 monasterii

1250 1680 1357 1708 Fossae
1377 1679 1471 1708 Novae
1497 1679 1610 1708 brachii
1634 1679 1778 1708 acerrimo
1801 1678 1901 1707 dolore
1924 1678 1965 1707 as-

1250 1725 1356 1757 tlictus,
1378 1740 1417 1745 —
1440 1724 1486 1752 18.
1504 1723 1603 1753 lnl'ans
1628 1723 1738 1752 babens
1759 1723 1786 1752 in
1807 1731 1894 1752 crure
1917 1727 1966 1752 tu-

1251 1777 1361 1797 morem
1395 1768 1511 1798 sanitati
1545 1768 1684 1797 restituti.
1712 1784 1751 1790 -—
1784 1767 1828 1796 19.
1861 1766 1899 1796 Ex
1930 1767 1966 1795 iis

1252 1814 1350 1852 itaque
1381 1812 1560 1841 credendum
1595 1811 1624 1840 B.
1657 1811 1798 1841 Tbomam
1825 1811 1853 1841 in
1877 1811 1967 1840 coelis

1251 1868 1326 1888 esse:
1342 1874 1381 1879 -
1396 1859 1440 1892 ⁶20,
1466 1858 1513 1886 ⁶21.
1532 1856 1743 1894 Miraculisque
1760 1857 1834 1892 eius,
1857 1860 1886 1885 et
1901 1866 1968 1886 san-

1251 1903 1349 1932 ctitate
1373 1903 1446 1932 xitae
1474 1901 1607 1939 diligenti
1633 1901 1804 1939 perquisitis
1824 1900 1968 1935 examine,

1253 1947 1298 1977 ss.
1321 1946 1531 1975 Consessornm
1552 1944 1618 1974 albo
1647 1944 1835 1973 adscribitur.
1860 1961 1900 1966 —
1920 1943 1967 1973 22.

1252 1991 1322 2021 Eius
1349 1990 1525 2020 celebranda
1549 1989 1701 2018 festivitas.
1724 2004 1762 2009 —
1784 1987 1830 2017 23.
1855 1987 1967 2026 l’ropo-

1253 2036 1305 2065 sita
1336 2036 1401 2064 eius
1431 2033 1622 2073 sepulchrum
1652 2031 1837 2061 visitantibus
1866 2031 1967 2061 indul-

1254 2080 1361 2117 gentia.

1214 2155 1325 2182 loannes
1342 2155 1485 2190 episcopus
1516 2159 1611 2181 servus
1637 2158 1775 2180 sorvorum
1798 2150 1860 2184 Dei.
1890 2159 1968 2181 vene·

1259 2203 1391 2232 rabilibus
1410 2202 1549 2232 fratribus
1569 2200 1705 2229 universis
1723 2201 1903 2235 patriarchis.
1925 2207 1968 2228 ar-

1260 2252 1435 2287 chiepisoopis
1481 2252 1510 2279 et
1538 2250 1680 2286 episcopis,
1702 2257 1733 2277 ac
1768 2249 1877 2278 dilectis
1906 2249 1972 2278 filiis

1260 2300 1357 2328 electis
1377 2301 1532 2332 abbatibus.
1554 2299 1699 2334 prioribus.
1729 2299 1847 2331 decanis,
1883 2299 1968 2327 archi·

1260 2350 1388 2381 diaconis,
1420 2348 1676 2384 archipresbyteris.
1702 2348 1817 2383 aliisque
1840 2347 1970 2375 Ecclesia·

1261 2405 1321 2426 rum
1340 2398 1486 2434 praelatis.
1508 2398 1541 2426 ad
1558 2404 1624 2432 quos
1641 2397 1740 2425 literae
1753 2397 1826 2425 istae
1841 2403 1969 2432 perreno-

1260 2448 1329 2479 rint‚
1350 2447 1466 2475 salutem
1483 2448 1513 2474 et
1540 2446 1720 2481 apostoticam
1747 2445 1968 2473 benedictionem.

1266 2518 1532 2565 Redemptionem
1558 2518 1643 2551 misit
1674 2517 1830 2551 Dominus
1852 2515 1969 2562 populo

1217 2581 1289 2611 suo,
1312 2580 1382 2602 eum
1407 2568 1463 2601 Dei
1489 2567 1630 2600 Verbum
1656 2567 1685 2600 in
1710 2566 1869 2611 virginalis
1889 2564 1968 2599 uteri

1218 2617 1364 2652 thalamo.
1380 2616 1485 2651 Sancti
1503 2616 1641 2663 Spiritus
1655 2615 1878 2662 cooperatione
1894 2625 1971 2648 con-

1967 262 2018 289 An.
2031 260 2057 287 C.
2079 259 2145 287 ¹525

2010 2529 2142 2548 Prommtnm.
