2274 3265
240 288 277 312 Αη
308 287 334 311 (ἶ.
350 288 414 312 1-2855

485 275 528 305 70

436 340 482 373 bis
510 337 668 385 pervigilis
700 336 728 369 iu
753 336 812 369 illis
840 335 970 382 pastoris
994 343 1095 381 partes
1118 334 1177 367 im-

436 387 594 435 plentibus
625 385 702 420 adeo
734 385 845 424 nobis,
879 384 980 432 quoad
1010 396 1061 418 eas
1083 394 1177 417 onere

436 437 557 485 partito,
584 437 622 470 sit
649 435 767 478 levius,
803 434 885 481 quod
922 434 951 468 in
984 433 1051 468 aliis
1085 432 1175 467 olli-cii

435 487 529 521 nostri
565 485 703 520 debitum
732 485 860 518 liberius
894 491 1100 530 exequentes,
1129 494 1178 515 re-

434 535 614 571 tributionis
635 543 778 570 aeternae
809 533 984 580 praemium
1008 543 1178 578 sequamur

435 585 612 626 instantius,
644 593 674 619 et
701 597 761 618 una
789 596 861 617 cuin
884 595 977 628 grege
1006 581 1097 615 nobis
1115 593 1180 614 cre-

433 636 498 670 dito
526 634 682 670 efficacius
710 634 748 667 de
775 632 990 667 retributionis
1024 631 1177 664 bonorum

433 685 573 720 omnium
607 683 816 718 misericordia
850 693 1095 728 consequamur:
1126 692 1179 713 vos

433 748 558 782 quoque
582 741 703 781 praeter
731 732 928 780 participium
964 728 1178 764 retributionis

432 785 572 819 ciusdem
601 783 630 817 in
668 782 777 815 vestris
811 779 1111 828 opportunitatibus,
1149 778 1178 811 in

433 834 547 882 quibus
583 833 718 880 gratiose
743 840 896 877 quantum
926 841 998 864 cum
1026 828 1093 862 Deo
1123 840 1180 873 po-

434 884 572 924 terimus,
596 882 706 917 adesse
723 880 810 914 vobis
825 879 1030 917 intendimus,
1052 876 1180 924 proinde

434 935 568 968 savorem
591 930 799 979 apostolicum
829 929 999 976 propitium
1030 927 1179 961 sentiatis.

481 982 595 1017 Datum
619 981 737 1016 Romae
759 979 842 1026 apud
869 978 1019 1013 Sanctum
1039 976 1181 1018 Petrum,

434 1041 541 1067 octavo
564 1030 710 1065 kalendas
737 1029 826 1072 iunii,
860 1028 1060 1075 pontificatus
1083 1026 1179 1060 nostri

434 1095 514 1116 anno
541 1094 562 1115 i.

492 1143 552 1172 Dat.
575 1142 621 1171 die
642 1141 680 1171 25
700 1141 769 1171 maii
798 1149 874 1170 anuo
899 1138 1012 1169 Domini
1039 1137 1121 1173 1285,

688 1185 789 1224 pontit'.
812 1193 889 1214 anno
912 1193 929 1213 1.

438 1438 627 1471 Provi'siones
646 1444 670 1469 et
693 1436 900 1469 ordinationes
916 1441 978 1467 lam
1000 1434 1104 1478 quoad
1121 1434 1184 1477 spi-

485 1487 628 1528 ritualia,
668 1498 760 1530 quam
800 1485 982 1529 teirzporalia
1011 1495 1068 1528 pro
1108 1484 1185 1516 bono

484 1537 627 1582 reyimi'ne
653 1537 739 1579 reyni
760 1535 888 1569 Siciliae
909 1536 962 1577 (l).

706 1613 918 1644 summatum!

441 1680 463 1709 l.
483 1678 518 1710 Ul.
536 1677 628 1709 Siculi
648 1688 662 1707 a
677 1676 756 1706 Frid.
773 1677 948 1715 imperatore
971 1676 1103 1713 graviore
1121 1676 1187 1713 iugo

476 1724 535 1754 sint
555 1723 708 1762 oppressi:
732 1739 770 1744 —-
792 1721 849 1750 Nec
869 1721 953 1750 levati
974 1731 987 1749 a
1012 1720 1123 1749 Carolo.
1151 1737 1189 1741 —-

477 1768 545 1797 lude
569 1768 692 1797 conflata
721 1767 756 1797 ab
776 1766 956 1805 exasperatis
980 1766 1095 1804 populis
1119 1775 1188 1794 con-

478 1813 593 1842 iuratio.
615 1830 653 1834 -
675 1812 702 1841 2.
731 1812 838 1842 Medcri
862 1811 908 1840 his
934 1811 1018 1839 malis
1045 1810 1107 1839 iure
1135 1820 1187 1848 ag-

478 1858 609 1895 greditur
632 1857 787 1887 Honorius.
816 1873 854 1878 —
882 1856 908 1885 3.
937 1855 1058 1885 Carolus
1086 1855 1094 1883 l
1118 1860 1145 1884 et
1168 1854 1189 1883 ll

478 1903 643 1933 Romanum
668 1903 836 1932 Pontificem
865 1902 898 1930 ad
923 1901 950 1930 id
970 1900 1108 1939 precibus
1138 1909 1189 1929 ur—

479 1952 585 1977 serant.
612 1965 649 1969 -
672 1947 772 1976 Editae
791 1947 826 1976 ab
851 1946 956 1975 iisdem
977 1945 1010 1974 ad
1031 1946 1190 1974 servandos

480 1993 603 2032 populos
623 1993 789 2022 sanctiones
813 1991 938 2030 aliquae.
956 2007 995 2011 —
1008 1990 1038 2020 4.
1058 1989 1192 2019 Decernit

480 2037 612 2066 Pontifex
635 2036 744 2075 quibus
764 2035 882 2064 casibus
904 2034 1117 2064 subsidiarium
1143 2045 1192 2064 aes

481 2081 678 2120 colligendum
697 2081 743 2110 sit:
766 2097 804 2102 —
822 2081 848 2116 5,
867 2080 894 2114 6,
916 2080 942 2109 7.
963 2079 1126 2118 Statuitque
1146 2089 1192 2117 pe-

482 2128 587 2156 cuniae
609 2126 810 2165 quantitatem.
828 2142 866 2146 —
889 2125 915 2154 8.
934 2122 1044 2153 Novum
1070 2128 1193 2153 moneta}

482 2180 574 2209 genus
590 2171 679 2201 semel
701 2175 809 2200 tantuin
830 2169 1015 2198 conflandum
1032 2178 1046 2198 a
1068 2168 1193 2206 singulis

483 2216 614 2255 regibus.
627 2216 704 2245 -9,
723 2215 802 2251 Quae
822 2214 948 2244 mulctae
967 2213 1144 2249 infligendae
1166 2213 1192 2241 in

485 2261 653 2292 homicidiis
676 2259 878 2290 clandestinis.
896 2275 935 2280 —
954 2259 1000 2288 10.
1028 2256 1141 2292 Quibus
1165 2257 1192 2286 in

485 2306 603 2336 casibus
637 2305 843 2335 abstinendum
877 2314 890 2333 a
923 2303 1050 2333 mulctis.
1082 2319 1121 2325 -
1150 2302 1194 2331 ll.

486 2351 577 2381 Naves
600 2354 717 2389 sumptu
737 2351 894 2387 regio,non
909 2349 1097 2388 privatorum,
1122 2356 1194 2376 con-

486 2396 652 2425 struendae.
674 2412 714 2417 -
736 2395 781 2424 19.
810 2395 851 2424 Ad
885 2394 1064 2433 captivorum
1094 2397 1194 2421 custo-

489 2442 566 2470 diam
586 2440 792 2470 universitates
811 2449 867 2468 non
896 2438 1062 2476 cogendae:
1085 2454 1124 2458 —
1152 2436 1195 2465 13.

488 2485 545 2516 Nec
562 2486 589 2515 iu
609 2485 731 2525 pecunia
751 2484 810 2523 regi
830 2483 1002 2513 destinanda
1023 2482 1195 2521 gravandae.

488 2548 527 2553 —
550 2531 595 2560 ili.
623 2530 702 2566 Quae
725 2534 818 2560 castra
850 2533 878 2559 et
899 2528 1032 2558 aedificia
1064 2527 1195 2564 impensa

490 2576 605 2615 publica
623 2575 824 2606 instauranda.
840 2592 878 2597 —
897 2575 942 2605 15.
957 2573 996 2604 De
1019 2573 1196 2603 iudiciorum

486 2639 525 2673 (l)
542 2638 578 2664 Ex
597 2639 700 2672 Regest.
720 2637 802 2665 Vatic.
825 2637 937 2664 Consule
949 2635 1089 2672 Raynald„
1101 2635 1133 2662 ad
1147 2643 1197 2662 an-

452 2687 515 2706 num
534 2678 610 2711 1285,
626 2677 643 2714 S
661 2679 703 2706 29.

1024 279 1091 300 titt]
1106 279 1120 299 A
1129 278 1205 299 tttt'tt
1232 276 1389 298 nonnum

1260 330 1361 359 forma.
1379 347 1417 351 -
1443 329 1485 357 tt'».
1510 328 1546 356 [le
1567 335 1706 366 passuum
1736 326 1867 355 custodia
1892 330 1966 355 tem—

1260 384 1328 414 pore
1356 374 1436 404 belli.
1458 390 1496 394 —
1526 372 1564 401 [te
1588 370 1756 401 commercii
1788 380 1841 400 usu
1865 370 1967 399 libero.

1258 436 1296 440 ——
1313 420 1357 448 17.
1380 418 1591 453 Nziufragorum
1620 415 1694 444 bona
1714 414 1905 443 restituenda.
1933 431 1971 435 —

1262 464 1305 492 18.
1323 464 1384 498 Qua
1399 463 1461 500 lege
1481 461 1553 497 regii
1571 459 1752 499 stipendiarii
1771 458 1894 497 hospitia
1912 459 1971 488 sint

1261 507 1398 537 babituri.
1422 523 1459 528 —
1482 506 1528 534 fltl.
1547 504 1616 534 Vina
1636 514 1669 532 ac
1690 502 1825 532 victualia
1845 502 1970 531 vendere

1260 560 1344 580 nemo
1367 554 1487 587 cogatur
1506 549 1623 578 mvitus.
1641 565 1680 570 —
1697 548 1744 576 ⁶20.
1768 545 1969 576 Matrimonio-

1260 605 1323 624 rum
1352 595 1471 624 libertas
1495 594 1638 623 restituta.
1661 609 1699 614 -
1724 591 1771 627 21,
1789 590 1837 620 22.
1858 589 1898 619 De
1926 591 1972 620 in-

1260 639 1471 678 quisitionibus
1492 637 1652 672 faciendis,
1674 654 1710 658 —
1737 636 1784 665 23.
1809 635 1972 674 Causisque

1262 685 1336 713 inter
1361 685 1464 712 liscum
1485 686 1510 711 et
1542 682 1679 720 privatos.
1699 698 1735 701 —
1762 680 1808 709 ⁶24.
1834 678 1972 709 Forestae

1262 727 1289 756 in
1311 727 1394 756 terris
1414 726 1591 765 privatorum
1612 735 1669 754 nou
1694 724 1854 754 faciendae.
1869 740 1908 744 —
1925 722 1972 752 25.

1261 771 1299 800 lte
1327 771 1429 800 salinis
1459 769 1600 799 Ecclesiis
1623 767 1849 808 pertinentibus.
1868 784 1906 788 —
1924 766 1972 796 26.

1263 815 1383 844 Abusus
1408 815 1557 844 tolluntur.
1580 831 1618 836 -
1649 814 1696 843 ⁶27.
1722 813 1760 842 De
1789 811 1905 841 strenis.
1937 828 1974 832 —

1261 860 1308 895 28,
1326 860 1372 888 ἐξ).
1392 858 1534 887 Animalia
1556 859 1635 895 regio
1655 858 1772 887 nomine
1795 857 1858 896 capi
1877 857 1974 885 vetita.

1263 921 1302 926 —-
1319 904 1365 933 30.
1390 903 1488 931 idonei
1507 902 1647 932 officiales
1665 912 1679 931 a
1697 911 1763 939 rege
1783 901 1912 931 creandi.
1937 917 1976 922 —

1264 950 1311 978 31.
1329 947 1455 977 Monitus
1472 956 1520 975 rex
1540 946 1733 985 querentibus
1756 946 1866 975 aditum
1891 955 1975 983 prae—

1264 994 1339 1023 beat.
1359 1009 1396 1013 -
1419 992 1465 1027 32,
1485 993 1531 1021 33.
1556 991 1636 1020 Aliae
1661 991 1853 1028 provisiones.
1872 1007 1911 1012 —
1929 990 1975 1019 34.

1264 1036 1449 1068 Morientium
1473 1044 1627 1075 procerum
1657 1035 1746 1074 prolis
1769 1034 1906 1064 clientela
1929 1043 1976 1064 ac-

1264 1081 1399 1121 cipienda
1419 1091 1433 1110 a
1453 1089 1530 1117 rege.
1549 1097 1587 1100 —
1605 1078 1652 1108 35.
1673 1078 1877 1108 Successionis
1903 1077 1975 1107 ratio

1265 1126 1407 1156 servanda
1433 1126 1460 1154 in
1494 1124 1579 1153 bonis
1603 1123 1774 1152 fiduciariis.
1802 1139 1841 1144 -—
1869 1122 1915 1152 36.
1938 1121 1976 1151 De

1266 1171 1362 1200 leudis
1380 1169 1572 1209 quate-ruatis.
1591 1185 1629 1189 —
1647 1167 1693 1196 37.
1714 1166 1751 1196 De
1772 1166 1907 1195 vassallis
1939 1183 1977 1188 -—

1266 1216 1312 1245 38.
1332 1214 1365 1244 Et
1384 1213 1533 1250 magistris
1561 1212 1674 1242 iuratis.
1692 1228 1731 1233 --
1748 1210 1797 1245 39,
1812 1210 1862 1240 40.
1882 1209 1977 1239 Novae

1266 1259 1421 1289 servitutes
1440 1267 1497 1287 non
1517 1255 1726 1296 imponendae:
1745 1271 1784 1276 —
1800 1254 1848 1284 41.
1872 1253 1979 1283 Provo-

1266 1304 1351 1333 candi
1375 1304 1410 1333 ad
1439 1302 1543 1332 Sedem
1561 1300 1759 1340 Apostolicam
1788 1298 1910 1329 facultas
1932 1296 1979 1328 Si-

1266 1348 1342 1378 culis
1362 1348 1437 1377 (lata.
1466 1364 1502 1369 —
1531 1346 1643 1375 Poenae
1666 1344 1786 1383 regibus
1815 1348 1978 1381 transgres-

1266 1393 1343 1422 suris
1364 1392 1505 1421 obiertae.
1522 1408 1561 1412 —-
1576 1390 1624 1419 402.
1644 1389 1790 1425 Edictum,
1807 1392 1838 1418 ut
1854 1397 1977 1425 regnum

1268 1437 1366 1466 inituri
1387 1445 1470 1474 reges
1489 1435 1524 1464 ad
1548 1435 1619 1464 liaeo
1643 1434 1785 1462 servanda
1805 1442 1836 1462 se
1852 1432 1978 1462 obstrin-

1268 1486 1346 1519 gant.
1370 1498 1409 1502 -—
1433 1480 1480 1510 43.
1509 1479 1665 1509 Roboratio
1685 1478 1809 1507 liuiusce
1837 1477 1979 1506 constitu-

1268 1526 1366 1555 tionis.
1396 1542 1434 1547 ———
1453 1524 1572 1553 llouorii
1604 1522 1656 1552 PP.
1676 1528 1703 1552 et
1721 1522 1749 1552 S.
1773 1521 1807 1551 R.
1830 1522 1862 1551 Ε.
1884 1522 1979 1551 cardi-

1268 1570 1378 1599 nalium
1399 1568 1644 1607 subscriptiones.

1273 1641 1400 1669 Honorius
1423 1641 1564 1675 episcopus
1593 1645 1688 1668 servus
1710 1645 1851 1667 servorum
1873 1637 1934 1670 Dei.

1364 1692 1397 1718 ad
1428 1692 1589 1726 perpetuam
1608 1689 1650 1717 rei
1679 1688 1846 1717 memoriam.

1280 1765 1299 1809 ξ
1334 1767 1360 1797 Ι.
1392 1763 1509 1797 lustitia
1545 1771 1574 1797 et
1603 1775 1660 1810 pax
1697 1761 1881 1808 complexae
1909 1770 1981 1796 suut

1231 1828 1283 1859 se,
1321 1815 1359 1848 ita
1395 1814 1543 1849 socictate
1580 1812 1789 1847 indissolubili
1824 1813 1981 1851 sociatae,

1231 1865 1274 1899 sic
1297 1876 1329 1899 se
1352 1864 1499 1898 comitatu
1532 1862 1694 1897 individuo
1721 1862 1920 1907 comitantes,
1949 1871 1980 1896 ut

1234 1927 1291 1949 uua
1316 1914 1384 1948 siue
1407 1914 1501 1948 altera
1526 1913 1617 1960 plene
1641 1924 1702 1946 non
1737 1912 1834 1959 possit
1856 1912 1980 1955 haberi,

1233 1972 1261 1998 ct
1284 1964 1337 2011 qui
1367 1963 1461 1997 laedit
1483 1964 1680 2002 alterutram,
1711 1963 1825 2009 pariter
1851 1961 1981 1997 offendit

1235 2024 1408 2061 utramque.
1444 2013 1526 2048 Hinc
1561 2012 1748 2059 complexus
1777 2024 1884 2046 earum
1908 2024 1982 2059 gra-

1233 2065 1311 2098 viter
1338 2063 1508 2110 impeditur
1531 2062 1667 2096 iniuriis:
1700 2075 1752 2108 per
1784 2074 1836 2096 eas
1865 2063 1981 2097 etenim

1235 2114 1315 2148 laesa
1340 2113 1469 2156 iustitia,
1507 2125 1563 2160 pax
1587 2111 1740 2150 turbatur,
1765 2112 1895 2158 ipsaque
1918 2119 1983 2146 tur-

1236 2163 1303 2198 bata
1328 2163 1416 2198 facile
1440 2163 1470 2196 in
1505 2173 1688 2209 guerrarum
1717 2161 1900 2196 discrimina
1936 2161 1983 2196 la-

1236 2213 1335 2256 bitur,
1396 2212 1509 2260 quibus
1554 2211 1818 2246 invalescentibus
1864 2211 1982 2246 iustitia

1238 2264 1377 2298 inefficax
1419 2261 1575 2303 redditur,
1616 2260 1691 2295 dnm
1716 2261 1856 2296 debitum
1880 2261 1982 2296 sortiri

1238 2314 1346 2360 nequit
1368 2312 1523 2347 ellectum.
1546 2311 1663 2358 Sicque
1692 2311 1756 2358 ipsa
1780 2311 1915 2351 sublata,
1935 2311 1984 2345 ni-

1239 2363 1351 2397 mirum
1377 2374 1434 2409 pax
1470 2361 1598 2404 tollitur,
1625 2373 1706 2408 opus
1728 2362 1806 2400 eius,
1832 2369 1862 2396 et
1884 2361 1984 2408 ipsius

1239 2413 1358 2447 fructus
1385 2411 1570 2446 subducitur
1604 2411 1808 2445 seminandus
1836 2411 1865 2445 in
1891 2423 1983 2458 pace,

1239 2475 1273 2496 ac
1302 2461 1433 2509 proinde
1471 2460 1645 2508 complexis
1677 2460 1894 2495 deficientibus
1930 2472 1985 2495 ne-

1240 2512 1373 2547 cessario
1396 2510 1495 2545 delicit
1525 2518 1555 2545 ct
1587 2510 1779 2557 complexus.
1810 2509 1842 2544 In
1871 2510 1985 2545 horum

1241 2574 1311 2596 vero
1339 2561 1462 2597 defectu
1483 2561 1608 2596 licentia
1630 2561 1728 2596 laxata
1752 2559 1892 2595 dissidiis
1908 2560 1987 2595 inul-

1242 2611 1420 2658 tiplieantur
1454 2610 1551 2653 bella,
1585 2611 1720 2659 pericula
1747 2610 1885 2645 subeunt
1918 2611 1985 2645 aui-

1242 2674 1361 2695 marum
1394 2669 1423 2696 et
1457 2673 1638 2709 corporum,
1673 2659 1802 2695 crimina
1839 2659 1987 2707 frequen-

1984 270 2032 296 An.
2051 268 2078 294 C⁴
2099 268 2165 294 1285
