2274 3265
111 271 160 298 An.
178 271 206 298 C.
228 272 293 298 t305

115 1470 274 1491 Hansuetudine

105 1507 127 1522 ‘e
143 1508 187 1522 enm
206 1501 287 1528 Philip—

104 1539 128 1558 po
149 1539 205 1553 usum
227 1538 286 1553 asse-

103 1566 128 1583 rit

892 267 1080 292 eorm-'Acms
1106 269 1166 291 Vtu
1193 268 1241 291 Pr>

308 324 434 370 indigna
462 326 624 371 reperitur.
660 324 728 359 Hoc
754 324 874 359 Veteris
909 333 939 359 et
971 322 1048 357 Novi

306 373 499 410 Testamenti
527 374 639 409 veritas
665 373 773 414 liabet3
808 373 868 408 hoc
897 384 1049 407 veneran-

305 424 417 458 dorum
445 423 651 459 conciliorum
674 423 784 471 probat
805 422 990 462 auctoritas,
1018 422 1047 456 id

306 473 493 509 Sanctorum
526 473 653 508 Patrum
689 480 773 507 tenet
805 471 978 512 sententia;
1019 472 1047 506 id

305 524 398 558 etiam
422 522 571 558 naturalis
592 522 669 557 ratio
696 520 881 556 manifestat.
909 519 992 565 Sed,
1011 520 1048 554 li—

306 580 354 607 cet
376 579 458 607 tanta
486 579 638 620 potestate
659 571 699 606 sit
728 570 867 618 praedita
885 569 967 605 Petri
988 569 1048 605 Se-

305 622 379 666 des,
415 630 560 669 tantaque
591 620 704 668 polleat
729 620 896 667 dignitate,
924 628 1047 661 tamen,

307 680 337 707 ut
360 674 431 719 pius
452 678 553 718 pater,
587 670 781 705 severitatem
805 670 1048 705 mansuetudine

306 727 525 768 temperantes,
550 732 586 754 ac
607 719 760 754 lenientes
781 719 937 767 aequitate
965 720 1048 766 rigo-

306 784 391 811 rem,
425 782 486 805 non
508 769 547 804 ad
570 768 844 815 confringendum,
859 782 1045 825 quamquam

306 828 386 855 iuste
410 832 597 867 possemuS,
631 818 684 853 sed
693 796 755 853 Dad
788 796 988 875 dirigendum
1017 821 1046 854 in

310 871 388 905 viam
415 868 523 904 salutis
557 868 686 903 ferream
715 868 894 904 directionis
929 870 1045 917 virgam

304 921 332 954 in
369 919 614 967 praesentiarum
642 919 852 964 assumimus,
879 927 908 953 et
935 932 1047 955 corre—

302 969 414 1005 ctionis
438 968 564 1003 ferulam
588 968 814 1015 amplexamur
851 968 975 1003 Novum
1008 970 1045 1004 ad

302 1018 362 1053 hoc
390 1017 487 1059 nihit;
517 1026 608 1065 prout
637 1030 739 1065 neque
766 1031 859 1064 grana
885 1018 923 1053 de
951 1019 1047 1066 spicis

301 1068 402 1104 excuti
424 1067 577 1111 fecimus,
613 1079 726 1114 nempe
758 1067 940 1114 simpliciter
963 1067 1046 1103 iudi-

301 1118 399 1154 cantis
421 1129 514 1165 opera
542 1116 713 1163 fungimur.
751 1116 900 1158 Qttinimo
925 1126 1047 1153 utentes

301 1167 559 1202 denuntiatorum
582 1166 694 1207 officio,
718 1166 821 1201 nullas
838 1179 956 1222 poenas
970 1167 1046 1202 Phi-

301 1217 386 1264 lippo
420 1215 613 1252 Francorum
647 1217 710 1262 regi
744 1216 956 1271 imponimus3
991 1217 1044 1251 sed

301 1268 346 1311 ei,
385 1274 512 1313 propter
537 1277 684 1300 excessus
716 1278 790 1300 suos
823 1266 883 1300 iani
919 1278 1046 1301 excom·

302 1317 459 1351 municato
486 1316 624 1359 notorie,
648 1315 779 1350 inflictas
802 1317 906 1362 potius
935 1329 950 1350 a
981 1316 1045 1350 iure

302 1366 491 1400 intimamus.

348 1414 369 1462 5
397 1417 428 1448 t.
455 1413 564 1449 Bonus
603 1415 707 1462 itaque
741 1415 896 1458 medicus,
923 1416 947 1450 si
975 1416 1046 1463 qui-

301 1464 433 1500 busdam
456 1464 681 1500 medicamenta
703 1465 822 1500 morbis
844 1465 991 1510 officiant,
1012 1478 1046 1500 se

301 1514 340 1550 de
365 1515 462 1561 gratia
489 1514 595 1556 vertit,
623 1528 684 1549 non
713 1515 751 1550 iis
781 1516 884 1551 statim
918 1515 1045 1550 duriora

301 1564 489 1609 subiiciens,
516 1565 571 1600 sed
606 1564 739 1606 leniora,
775 1566 833 1599 nisi
862 1565 1043 1601 morborum

300 1613 384 1649 aliud
405 1622 555 1662 exposcat
576 1616 705 1658 acuitas,
733 1615 971 1650 administrans:
1000 1616 1045 1651 sie

300 1672 500 1710 peccatorum
530 1664 673 1700 eiusdem
705 1665 834 1700 sauciati
868 1666 949 1712 regis
977 1666 1045 1700 vul-

299 1728 373 1750 nera
393 1715 479 1762 prius
501 1714 709 1762 palpavimus
731 1716 848 1750 exactis
863 1716 1045 1751 lenitatibus

299 1764 481 1805 mulsimus
534 1778 702 1812 ipsumque
753 1765 867 1812 pietate
918 1774 1045 1813 paterna

298 1814 480 1849 fovimus:
474 1828 536 1850 nno
561 1815 729 1850 lenimenta
753 1815 932 1850 huiusmodi
956 1816 1044 1850 semi-

298 1865 419 1899 narium
447 1866 663 1900 contumaciae
685 1865 820 1906 fuerunt,
835 1873 863 1901 et
887 1866 1044 1907 odiorum

299 1927 371 1950 eum
399 1923 565 1950 erexerunt
592 1916 622 1949 in
645 1915 837 1961 superbiam,
865 1924 893 1950 et
916 1916 953 1950 ad
967 1928 1044 1951 con-

299 1972 451 2012 temptum
465 1965 664 2010 pertinaciter
681 1973 936 2012 provocaverunt.
953 1965 1044 2000 Unde

300 2027 356 2049 nos
378 2014 416 2049 ad
444 2014 519 2049 alias
541 2026 603 2049 non
638 2028 748 2062 graves
781 2025 883 2050 tamen
908 2015 1045 2050 medelas

298 2064 527 2105 convertimus,
545 2072 576 2098 ut
590 2064 697 2099 saltem
714 2065 922 2112 experiamur,
940 2073 1043 2100 utrum

299 2122 400 2149 tactus
422 2113 544 2157 leniter,
567 2126 628 2149 non
643 2114 831 2155 confractus,
850 2128 883 2149 se
899 2115 1044 2161 corrigat,

299 2164 390 2199 (sicut
412 2162 704 2199 Nabuchodonosor
730 2177 801 2211 prae
828 2165 957 2199 caeteris
981 2174 1044 2199 ter-

299 2226 350 2248 rae
375 2226 429 2248 rex
456 2213 619 2261 inclytus),
641 2214 724 2261 quod
747 2223 904 2262 optamus,
928 2227 965 2250 ne
986 2214 1044 2250 ob-

298 2263 450 2307 stinatus,
487 2275 517 2297 tn
539 2276 632 2310 quem
656 2264 831 2309 transfixit,
867 2264 987 2306 videat3
1015 2273 1043 2299 et

298 2325 448 2360 cogamur
470 2312 551 2348 ferro
579 2313 764 2348 abscindere
790 2314 935 2359 vulnera,
963 2327 1043 2362 quae

298 2362 506 2398 fomentorum
551 2363 736 2398 medicinam
780 2375 843 2398 non
886 2364 1043 2405 sentiunt,

300 2412 521 2459 poenitentiam
549 2421 636 2459 agat:
655 2425 692 2447 an
707 2413 801 2459 (quod
817 2413 929 2454 absit)
925 2426 954 2447 in
971 2426 1044 2462 pro-

299 2462 431 2497 fundum
446 2461 599 2497 malorum
616 2462 792 2506 demersus,
815 2463 964 2498 sordidus
982 2476 1043 2498 sor-

299 2512 406 2547 descat
432 2512 580 2559 amplius,
615 2520 645 2546 et
673 2512 765 2547 veluti
802 2512 922 2547 Pharao
951 2513 1044 2548 indu-

300 2568 409 2596 rescat.

348 2612 368 2659 ᾗ
393 2613 425 2645 2.
451 2610 535 2646 Olim
564 2611 741 2658 siquidem,
770 2611 844 2646 dum
874 2611 956 2647 idem
990 2626 1042 2648 rex

300 2668 442 2709 peccaret
468 2661 602 2707 graviter
632 2661 662 2695 in
694 2661 822 2697 diversis
845 2662 985 2697 articulis
1012 2663 1042 2697 in

1722 260 1779 292 171

1091 322 1211 358 clerum
1234 330 1264 356 et
1286 322 1457 358 Ecclesiam
1480 323 1670 365 Gallicanos,
1694 325 1832 371 primum

1092 384 1145 418 per
1166 371 1307 407 eiusdem
1323 372 1404 419 regis
1422 373 1548 408 nuntios
1566 373 1603 407 ad
1629 385 1686 408 nos
1709 374 1857 415 missos,

1092 434 1194 469 ipsum
1216 433 1311 468 super
1344 421 1524 456 huiusmodi
1559 422 1738 458 salubribus
1765 436 1832 458 mo-

1091 483 1216 506 nutmus
1230 470 1372 510 monitis;
1391 471 1505 505 deinde
1521 471 1558 506 ad
1588 485 1661 506 eum
1683 472 1869 508 ditectu1n÷=

1090 520 1188 555 filium
1217 519 1365 556 Iacobum
1385 519 1422 555 de
1442 519 1649 567 Normannis,
1677 522 1831 557 notarium

1092 579 1252 611 nostrum,
1279 569 1306 604 ei
1336 577 1456 604 nostras
1478 549 1668 605 deferentein
1707 571 1831 607 literas.

1091 620 1120 654 in
1143 619 1258 675 quibus
1273 618 1454 659 excedebat,
1477 619 1610 665 capitula
1627 621 1832 657 continentes.

1090 669 1337 704 transmisimus.
1377 680 1557 715 quanquam
1598 669 1833 716 imprudenter.

1089 731 1267 774 quanquam
1291 718 1438 753 infrunito
1460 718 1565 753 animo
1583 728 1614 754 et
1630 720 1828 756 irreverenter

1090 770 1267 804 tractaverit
1300 771 1373 812 (non
1405 767 1583 812 advertens,
1610 768 1692 816 quod
1719 781 1834 804 secun—

1089 818 1163 854 dum
1186 819 1406 865 Evangelieam
1433 826 1615 862 veritatem,
1639 820 1693 865 qui
1714 821 1832 867 spernit

1089 869 1233 910 missum,
1262 869 1380 916 spernit
1407 868 1603 908 mittentem3
1627 868 1698 904 ideo
1720 869 1834 916 dignus

1088 919 1262 958 sententia,
1307 930 1400 965 quam
1444 918 1564 953 dudum
1609 916 1834 954 Constantinus

1090 967 1173 1016 Papa
1196 969 1225 1003 in
1248 968 1401 1004 lustinum
1427 968 1647 1015 imperatorem
1670 967 1832 1003 Iustiniani

1089 1017 1186 1052 lilium
1221 1018 1314 1053 simili
1341 1029 1434 1053 cansa
1456 1018 1556 1060 tutin:
1584 1018 1635 1064 qui
1671 1018 1702 1052 in
1734 1019 1833 1053 vicino

1087 1075 1189 1111 erant,
1223 1067 1383 1102 evidenter
1423 1076 1641 1113 cognoscunt,
1679 1079 1715 1102 ac
1749 1067 1831 1103 idem

1090 1118 1186 1163 patuit
1221 1117 1260 1151 de
1293 1117 1485 1171 longinquo;
1521 1128 1578 1151 nec
1611 1116 1831 1154 considerans.

1088 1165 1172 1212 quod
1206 1167 1380 1213 antiquitus
1412 1174 1459 1202 est
1492 1166 1648 1201 sancitum
1674 1179 1690 1200 a
1716 1168 1832 1202 sanctis

1087 1214 1244 1256 Patribus,
1265 1224 1295 1250 et
1317 1215 1549 1263 promulgatum
1578 1215 1749 1250 canonibus
1767 1219 1831 1261 (t)

1087 1265 1171 1312 quod
1208 1266 1233 1300 si
1266 1265 1336 1312 quis
1374 1264 1505 1300 Romam
1529 1273 1683 1312 petentes,
1717 1256 1832 1307 rebus,

1088 1326 1165 1362 quas
1180 1315 1295 1355 ferunt,
1313 1314 1447 1362 spoliare
1466 1315 1729 1362 praesumpserit,
1752 1327 1833 1350 com-

1089 1365 1239 1399 munione
1273 1372 1375 1399 careat
1408 1363 1591 1400 christiana:
1624 1364 1772 1411 quodque
1800 1366 1831 1403 ii„

1087 1414 1140 1460 qui
1187 1414 1342 1449 accedunt
1374 1414 1411 1449 ad
1446 1414 1656 1470 praesentiam
1697 1413 1831 1449 Romani

1087 1464 1269 1509 pontificis,
1299 1477 1370 1500 cum
1401 1463 1496 1499 rebus
1522 1464 1586 1499 suis
1608 1463 1742 1499 debeant
1763 1477 1831 1501 esse

1087 1515 1145 1550 sub
1182 1515 1376 1563 protectione
1419 1513 1589 1569 apostolica
1637 1515 1762 1557 securi;
1802 1524 1831 1550 et

1088 1565 1171 1612 parvi
1206 1565 1348 1613 pendens
1387 1565 1725 1600 excommunicationis
1760 1578 1832 1600 sen-

1088 1616 1230 1660 tentiam,
1257 1628 1351 1663 quam
1381 1614 1580 1649 inhaerentes
1607 1615 1746 1662 vestigiis
1766 1614 1832 1651 Ro-

1088 1678 1252 1700 manorum
1277 1664 1482 1708 Pontificum,
1516 1673 1545 1699 et
1569 1667 1736 1712 praecipue
1769 1664 1832 1700 Ni-

1086 1715 1164 1751 colai
1188 1715 1301 1763 Papae,
1339 1714 1617 1762 praedecessorum
1641 1724 1830 1757 nostrorum,

1086 1766 1140 1812 qui
1163 1765 1319 1800 dictorum
1348 1777 1506 1800 canonum
1542 1766 1727 1801 auctoritate
1763 1765 1830 1801 suf-

1087 1815 1166 1854 sutri,
1193 1824 1299 1851 contra
1322 1815 1393 1850 talia
1417 1815 1566 1850 facientes
1587 1815 1626 1849 ad
1649 1827 1832 1851 excommu-

1087 1866 1275 1900 nicationem
1298 1865 1451 1900 hactenus
1475 1874 1704 1911 processerunt,
1727 1865 1831 1901 addito

1088 1928 1142 1963 per
1161 1915 1323 1951 Nicolaum
1349 1915 1497 1950 eumdem
1520 1915 1722 1962 processibus
1744 1916 1830 1963 ipsis,

1086 1965 1207 2001 etiamsi
1234 1966 1310 2000 haec
1331 1965 1563 2001 committentes
1599 1965 1751 2010 imperiali
1779 1974 1830 2000 aut

1087 2015 1182 2062 regali
1206 2015 1357 2062 dignitate
1371 2015 1503 2050 radient.
1528 2016 1592 2050 Nos
1606 2015 1698 2051 etiam
1721 2015 1829 2050 eodem

1088 2065 1249 2112 privilegio
1270 2065 1418 2103 excluso,
1442 2065 1472 2100 in
1487 2077 1597 2100 omnes
1613 2066 1732 2100 etiamsi
1747 2077 1831 2112 prae-

1086 2115 1168 2149 dicta
1199 2114 1338 2161 fulgeant
1365 2115 1534 2162 dignitate,
1567 2115 1620 2163 qui
1644 2115 1681 2150 ad
1714 2115 1828 2149 Sedent

1085 2164 1299 2212 Apostolicam
1322 2165 1496 2208 venientes,
1520 2165 1565 2199 vel
1587 2164 1770 2199 recedentes
1792 2164 1830 2199 al»

1086 2227 1133 2255 ea
1155 2215 1299 2262 capiunt,
1326 2215 1473 2262 spoliant,
1501 2213 1546 2249 vel
1570 2213 1711 2249 detinere
1733 2226 1830 2261 prae-

1085 2273 1226 2304 sumunt,
1260 2272 1313 2299 aut
1337 2265 1598 2311 impedimentum
1626 2263 1751 2311 aliquod
1774 2275 1830 2298 ex-

1087 2314 1216 2358 hibent,
1239 2315 1411 2369 quominus
1436 2314 1474 2348 ad
1497 2313 1627 2348 eandem
1650 2312 1768 2348 Sedem
1791 2312 1830 2347 li-

1085 2364 1171 2408 bere,
1195 2377 1265 2398 cum
1291 2376 1426 2410 propriis
1459 2364 1548 2398 bouis
1578 2371 1608 2398 et
1642 2362 1736 2397 rebus
1763 2363 1829 2397 suis

1086 2414 1211 2448 veniant
1233 2422 1263 2448 et
1285 2412 1432 2448 recedant
1453 2413 1492 2447 ab
1513 2425 1564 2455 ea,
1588 2413 1617 2446 in
1641 2412 1692 2446 die
1704 2412 1829 2447 Coenae

1086 2463 1212 2498 Domini
1250 2463 1391 2509 proximo
1426 2463 1612 2510 praeterito,
1648 2461 1699 2496 tali
1735 2462 1829 2496 modo

1085 2513 1297 2548 declarantes:
1326 2512 1418 2546 etiam
1447 2512 1534 2554 illos,
1570 2512 1623 2559 qui
1646 2523 1702 2558 per
1722 2523 1756 2546 se
1782 2511 1828 2545 vel

1087 2576 1142 2610 per
1163 2575 1237 2598 suos
1259 2562 1407 2597 officiales
1430 2562 1476 2597 vel
1498 2562 1676 2605 ministros,
1698 2569 1751 2596 aut
1782 2561 1830 2595 in—

1120 2634 1158 2668 (l)
1176 2633 1318 2660 Leibnitius
1335 2632 1409 2667 legit:
1427 2633 1553 2659 aSanctrs
1564 2634 1691 2659 Patribus
1706 2633 1827 2664 promul-

1085 2677 1152 2706 qatis
1167 2675 1310 2699 canonibus
1337 2673 1376 2704 (n.
1389 2672 1437 2707 τ.).

1851 268 1900 295 An.
1917 267 1941 293 C.
1964 268 2029 295 ¹305

1862 328 1910 350 Eum
1919 331 1938 351 m
1949 334 1985 350 exe
1989 334 2031 350 em>

1861 363 1973 383 munientis
1977 367 2021 382 retr

1849 396 1921 414 contra
1933 392 1958 412 Er
1949 399 1988 412 orni
1985 394 2029 419 l-pe

1848 428 1879 445 tas
1916 424 2030 450 ipoltanm

1848 456 1874 476 le.
1878 462 1909 476 am
1925 457 1958 475 inc
1965 456 2027 475 trit

1859 2025 1915 2051 Quae
1927 2026 1959 2046 {ex
1970 2032 1979 2046 a
1991 2026 2029 2046 50-

1845 2055 1921 2076 nilacic-
1951 2057 2027 2077 confir-

1845 2090 1899 2107 mata
1918 2087 1984 2107 [πεῖθ’
2008 2093 2027 2107 ον

1845 2118 1940 2144 amplifla
