2274 3265
124 274 172 300 An.
191 272 220 299 c.
235 272 301 299 ¹273

668 333 720 367 VI.

323 417 467 461 Capitula
493 423 518 449 et
543 416 750 448 ordinationes
766 413 849 457 pacis
870 414 946 446 inter
973 413 1068 445 Gaet-

368 467 415 510 sos
447 473 473 498 et
507 465 673 498 Gt'bellt'nos
706 463 788 496 edita
820 463 904 507 apud
938 461 1068 494 Floren-

369 516 444 549 tiam
465 516 519 557 (t).

584 590 796 621 SUMMAtttUM

319 656 410 687 Suum
434 663 485 694 pro
511 663 580 692 pace
603 653 786 683 concilianda
814 654 955 684 studium:
980 672 1017 677 -—
1042 656 1066 685 1.

357 695 490 734 Malaque
508 702 542 723 ex
560 694 796 724 dissensionibus
810 694 885 724 inter
901 694 1065 724 Gibellinos

358 740 387 765 et
423 734 542 765 Guelsos
576 738 672 763 exorta
703 734 831 772 exponit:
858 751 896 756 -
918 734 1066 774 Suamque

359 784 410 813 pro
442 775 484 804 eis
516 775 726 811 componendis
759 774 995 804 solicitudinem:
1028 793 1068 797 —

357 815 428 845 lnita
449 815 545 854 itaque
568 814 644 843 inter
665 823 715 843 eos
734 815 901 849 concordia,
920 816 1005 845 cuius
1023 825 1067 845 se-

357 860 487 894 quuntur
505 854 680 884 articuli.—
697 855 723 884 2.
748 854 851 884 Mulcta
872 856 950 884 illam
971 856 1064 885 viola-

358 896 430 926 turis
449 895 594 933 imposita.
606 911 645 917 —
660 894 798 924 Gibellini
818 896 951 925 censuris
968 896 1065 925 soluti:

357 953 395 958 —
412 936 516 965 Addita
533 935 699 965 conditione
720 936 746 964 in
762 935 900 965 fidelitate
920 935 1066 965 Romanae

358 975 506 1006 Ecclesiae
536 974 631 1004 debita
661 975 888 1014 perseverandi:
919 992 958 997 —
980 976 1005 1006 3,
1035 975 1067 1005 Et

357 1015 492 1046 Carolum
510 1014 627 1044 Siciliae
642 1023 739 1053 regem
765 1024 820 1044 non
838 1014 1014 1045 offendendi.
1028 1033 1067 1038 —

357 1056 384 1086 4.
409 1056 546 1086 Gibelliui
576 1064 631 1084 non
665 1060 785 1093 possunt
816 1056 914 1084 venire
948 1056 977 1085 in
1009 1055 1065 1085 Tu-

359 1095 450 1125 sciam
483 1095 545 1124 sine
575 1095 692 1124 licentia
725 1094 818 1124 Caroli
851 1095 938 1133 regis:
972 1113 1009 1116 —
1039 1096 1066 1125 5.

360 1135 482 1165 Servitia
505 1143 570 1164 vero
591 1139 737 1173 praestare
762 1139 886 1172 possunt
909 1144 959 1173 per
981 1135 1065 1165 alios.

359 1192 397 1198 —-
425 1175 452 1204 6.
474 1174 604 1204 Castrum
633 1173 714 1212 Popii
744 1174 913 1203 comitissae
941 1174 1066 1204 loannae

360 1215 569 1249 adiudicatum,
593 1214 689 1244 addita
709 1214 875 1243 conditione
898 1215 1065 1252 praestandi

360 1256 555 1284 iuramentum
582 1254 617 1283 de
645 1253 807 1283 obediendo
830 1254 906 1282 dicto
937 1255 1008 1291 regi.
1029 1271 1068 1276 --

361 1295 385 1324 ·1.
404 1294 454 1323 Cui
473 1294 646 1328 iuramento,
668 1293 726 1322 nisi
741 1302 790 1330 per
812 1294 992 1323 comitissam
1009 1298 1067 1323 ste-

361 1338 414 1369 tur,
437 1334 462 1362 ei
482 1332 591 1362 subditi
610 1332 730 1362 obedire
749 1342 805 1362 non
823 1337 967 1363 tenentur.
986 1351 1024 1355 —
1039 1334 1066 1363 8.

359 1373 395 1402 Ea
427 1377 549 1407 mortua,
579 1373 701 1402 comites
731 1372 822 1402 Castri
847 1374 1065 1411 possessionem

358 1414 492 1451 accipere
517 1422 572 1442 non
593 1413 700 1443 debent
722 1413 778 1442 nisi
797 1414 832 1443 de
853 1414 968 1443 licentia
989 1414 1065 1443 Pon-

357 1456 453 1485 uncis.
475 1471 514 1477 —
531 1455 558 1484 9.
576 1454 635 1484 Dati
660 1454 778 1484 obsides
802 1465 815 1484 a
839 1455 1003 1485 Gibellinis.
1029 1473 1068 1478 —-

360 1496 404 1527 10.
421 1495 610 1525 Restituenda
630 1495 672 1524 eis
691 1496 789 1524 omnia
812 1495 885 1524 bona
906 1496 1065 1527 immobilia

357 1541 384 1566 et
404 1544 562 1575 processus
583 1540 681 1565 contra
702 1545 752 1564 eos
775 1536 842 1565 sacti
862 1537 1005 1566 irritandi.
1030 1554 1068 1559 —

360 1576 404 1606 tt.
436 1575 577 1605 Relaxatis
605 1575 743 1605 omnibus
761 1576 1066 1611 condemnationibus,

358 1626 372 1645 a
390 1616 523 1646 censuris
546 1625 662 1655 quoque
686 1616 887 1646 absolvuntur.
902 1633 941 1638 —
959 1617 1004 1647 1⁶2.
1022 1617 1067 1646 ln-

358 1657 512 1686 terdictum
536 1656 724 1692 Florentinis,
753 1666 788 1686 ne
815 1662 943 1687 castrum
968 1659 1066 1695 praed.

358 1701 509 1735 occupent.
527 1713 566 1718 —
585 1696 630 1726 13.
655 1697 760 1726 Eadem
780 1698 1001 1736 praecipiuntur
1016 1708 1067 1737 pro

358 1736 513 1767 Gibellinis
536 1737 708 1767 Florentiae:
726 1755 765 1760 —
783 1738 829 1768 14.
849 1738 945 1777 lisque
970 1740 1065 1768 omnia

357 1777 432 1807 bona
464 1778 660 1815 restituenda,
689 1782 716 1807 et
745 1779 780 1807 de
809 1779 924 1808 damnis
953 1780 1068 1808 satista-

359 1818 503 1847 ciendum,
523 1834 561 1840 —
584 1818 630 1847 15.
654 1818 696 1847 Ab
720 1819 762 1848 eis
786 1828 852 1848 vero
871 1819 957 1849 dandi
982 1819 1065 1848 obsi-

359 1858 423 1887 des:
446 1857 748 1897 satissaciendumque
772 1860 807 1889 de
830 1860 944 1889 damnis
964 1859 1066 1889 Eccle-

359 1899 430 1934 siae,
458 1898 500 1928 vel
524 1899 584 1936 regi
608 1899 707 1928 illatis.
731 1916 770 1922 —
793 1899 831 1929 De
859 1900 977 1929 offensis
1001 1909 1067 1929 vero

359 1939 480 1975 mutuis,
500 1944 599 1967 mutuo
615 1948 731 1978 quoqne
760 1941 1003 1971 conveniendum.
1030 1957 1069 1962 ——

361 1979 407 2009 16.
427 1978 503 2008 Haec
522 1988 588 2008 vcro
607 1979 642 2008 ab
659 1979 796 2009 omnibus
819 1985 846 2009 et
864 1981 989 2018 siugulis
1012 1980 1067 2010 ob—

360 2019 512 2049 servanda.
538 2036 577 2040 —
611 2019 655 2048 17.
684 2019 792 2050 Gueltis
825 2020 906 2059 Popii
939 2021 1012 2050 bona
1042 2025 1069 2050 et

360 2059 423 2089 iura
444 2059 601 2089 reddenda.
624 2076 662 2081 —
681 2060 725 2090 18.
745 2060 783 2090 De
802 2062 933 2090 custodia
953 2065 1067 2091 castro-

360 2109 435 2129 rum.
456 2116 495 2122 —
514 2099 559 2129 19.
578 2098 616 2129 De
639 2101 776 2138 expensis
803 2100 950 2131 obsidum.
969 2118 1007 2123 —
1021 2101 1068 2131 20.

359 2139 571 2169 Gibellinorum
589 2140 675 2170 amici
695 2150 751 2170 non
769 2141 942 2171 molestandi
959 2152 973 2171 a
991 2151 1069 2178 rege.

359 2195 399 2202 —
428 2179 476 2209 21.
500 2179 576 2209 Haec
600 2189 666 2210 vero
692 2181 872 2211 observanda
898 2182 952 2212 sub
977 2182 1068 2221 spiri-

361 2219 489 2249 tualibus
521 2225 547 2249 et
572 2222 781 2258 temporalibus
806 2223 925 2261 poenis:
956 2240 995 2245 -—
1021 2221 1068 2251 aa.

361 2259 393 2289 Et
411 2269 425 2289 a
446 2260 570 2297 partium
584 2261 715 2300 syndicis
737 2263 898 2292 iuramento
918 2263 1069 2293 firmanda.

360 2315 400 2322 ——-
416 2299 463 2330 23.
481 2301 504 2329 A
522 2302 639 2331 nunciis
669 2302 792 2340 partium
818 2303 888 2332 haec
917 2303 1070 2333 conventio

361 2340 526 2370 iuramento
544 2341 666 2371 firmata.

367 2420 511 2456 Gregortus
529 2419 670 2457 episcopus
691 2429 786 2451 servus
809 2429 947 2452 servorum
970 2423 1026 2457 Dei,

464 2470 499 2498 ad
517 2472 677 2507 perpetuam
694 2473 734 2501 rei
761 2472 928 2502 memoriam.

373 2542 496 2577 Bonum
520 2543 616 2590 pacis,
640 2543 698 2578 etsi
721 2543 759 2578 ab
780 2544 867 2583 otim,
888 2553 979 2592 prout
1001 2558 1072 2592 gra-

325 2597 366 2632 tia
405 2597 509 2632 divina
548 2598 716 2642 concessit,
756 2598 918 2634 affectibus
959 2601 1072 2635 nostris

359 2669 398 2704 (l)
415 2669 453 2696 Ex
471 2669 574 2704 liegest.
593 2669 677 2696 Vatic.

942 267 983 289 GR
990 266 1127 289 EGORlUS
1150 266 1170 288 X
1193 266 1241 288 PP.

1764 255 1806 286 19
1872 263 1922 290 An.
1944 262 1972 289 c.
1989 264 2055 289 ¹273

1112 321 1290 360 inhaeserim
1315 332 1398 355 nunc
1415 329 1519 355 tamen
1543 320 1580 355 ad
1599 319 1673 354 illud
1695 319 1774 354 inter
1793 320 1856 355 Ec—
1885 329 1946 350 Suum
1957 336 1993 356 oro
2005 337 2056 357 paee

1110 371 1222 405 clesiae
1246 370 1325 404 filios
1347 382 1417 404 cum
1441 370 1688 405 conservationis
1704 369 1857 404 beneficio
1873 361 2059 413 Zss'ffisshw‘h'ffl‘

1111 419 1343 466 procurandum
1367 427 1451 453 tauto
1475 419 1646 453 ferventius
1668 420 1853 457 excitamur,

1109 470 1227 516 quanto
1256 481 1313 503 nos
1335 468 1372 503 ad
1397 468 1426 502 id
1450 481 1487 502 ex
1515 468 1607 503 officii
1637 468 1745 503 debito
1770 470 1859 503 novi-

1110 531 1181 553 mus
1215 518 1379 564 obligatos.
1408 516 1489 552 Cum
1526 518 1608 552 enim
1636 518 1736 552 simus
1773 518 1859 552 lllius

1111 568 1256 612 vicarius,
1283 568 1336 615 qui
1369 567 1575 612 cogitationes
1603 568 1701 613 pacis,
1735 575 1765 601 et
1797 580 1857 602 non

1109 617 1287 652 afflictionis
1315 629 1347 652 se
1377 617 1515 663 cogitare
1538 624 1678 659 testatur,
1702 624 1858 657 tenemur,

1110 676 1141 701 ut
1170 668 1251 702 vices
1285 679 1341 714 pro
1375 666 1495 701 viribus
1524 665 1722 712 impleamus,
1747 666 1858 701 indicta

1109 717 1195 764 pacis
1216 716 1379 751 commoda
1401 716 1481 750 inter
1504 716 1665 749 universos
1687 728 1781 749 curae
1804 728 1860 750 no-

1109 775 1189 801 strae
1217 766 1404 801 commissos
1431 766 1562 800 sollicite
1587 777 1767 812 procurare,
1796 778 1859 812 quo

1111 816 1195 863 pacis
1218 817 1337 851 donum
1373 815 1600 861 gratissimum,
1629 827 1741 860 parans
1770 816 1859 862 quie-

1110 876 1169 900 tem
1193 867 1318 910 animis,
1345 878 1463 913 eosque
1490 877 1505 899 a
1534 865 1720 899 rancoribus
1743 864 1859 900 dissen-

1109 917 1233 951 sionum
1270 912 1452 955 absolvens,
1491 915 1654 948 liberiores
1688 913 1801 949 efficiat
1830 916 1859 950 in

1109 966 1274 1001 serviendo
1296 965 1461 1000 Altissimo
1483 964 1520 998 ad
1549 964 1699 1005 satureum
1727 973 1756 998 et
1784 977 1861 1000 cor-

1111 1015 1238 1062 poribus
1260 1015 1299 1049 ab
1330 1016 1525 1050 aemulorum
1558 1014 1682 1049 insidiis
1708 1016 1861 1049 securita-

1109 1074 1169 1099 tem
1199 1065 1366 1111 indulgens
1394 1065 1431 1098 ad
1464 1064 1695 1099 intendendum
1732 1064 1860 1099 liberius

1110 1115 1294 1148 utilitatibus
1317 1114 1443 1154 debitis,
1467 1114 1639 1161 pleniorem
1669 1113 1785 1148 tribuat
1814 1114 1860 1148 fa-

1110 1164 1269 1198 cultatem.

1157 1213 1177 1260 g
1206 1215 1236 1246 1.
1273 1213 1406 1258 Propter
1441 1212 1526 1258 quod
1562 1223 1623 1246 non
1662 1212 1729 1246 sine
1763 1212 1858 1246 multa
1881 1224 2059 1251 unaquwns-

1108 1262 1213 1297 cordis
1240 1262 1446 1295 amaritudine
1474 1269 1690 1301 recensentes,
1727 1256 2057 1308 q¹¹²¹¹l¹ffsiff?⁵i''c'¹.⁵1i'‡¹1i1i¹i}

1110 1311 1262 1345 hactenus
1289 1311 1445 1346 civitatem
1480 1310 1695 1345 Florentinam
1733 1311 1897 1345 scideritet
1914 1318 2059 1353 Guettnslu-

1109 1361 1253 1395 intestina
1289 1368 1316 1394 et
1354 1361 1522 1394 inveterata
1560 1360 1733 1402 dissensio,
1767 1352 2030 1407 quammmfflm

1109 1412 1243 1455 graviter
1270 1411 1425 1451 lacerarit,
1460 1418 1573 1457 quanta
1612 1411 1703 1454 longe
1739 1410 1862 1457 lateque

1109 1461 1238 1500 diffusa,
1268 1460 1344 1506 proh
1373 1460 1475 1495 dolor!
1506 1460 1680 1494 animarum
1712 1460 1862 1505 pericula,

1109 1518 1241 1558 quantas
1253 1522 1418 1556 corporum
1435 1519 1554 1556 strages
1567 1509 1736 1552 induxerit,
1748 1518 1861 1556 quanta

1110 1560 1365 1606 multiplicaverit
1392 1560 1555 1607 dispendia
1593 1559 1773 1593 facidtatuin
1802 1559 1862 1593 sub

1109 1623 1165 1657 spe
1190 1611 1287 1650 lllius,
1310 1611 1359 1644 cui
1380 1618 1427 1645 est
1450 1611 1478 1643 in
1508 1609 1587 1643 facili
1613 1621 1661 1643 res
1683 1619 1776 1643 etiam
1797 1610 1861 1643 des-

1111 1669 1231 1707 peratas
1253 1661 1320 1694 sine
1343 1660 1513 1694 moliminis
1535 1659 1676 1693 tarditate
1697 1659 1861 1705 perlicere3

1110 1711 1145 1744 ad
1164 1711 1192 1745 id
1213 1710 1460 1745 sollicitudiuem
1480 1718 1615 1743 nostram
1636 1710 1860 1751 convertimus,

1112 1769 1142 1793 ut
1170 1761 1241 1795 licet
1269 1760 1433 1805 grurmburn
1465 1759 1659 1805 negotiorum
1685 1758 1783 1793 mules
1811 1759 1862 1793 in-

1110 1819 1251 1856 grueret,
1289 1811 1360 1844 licet
1397 1822 1452 1856 pro
1484 1809 1608 1843 illorum
1638 1809 1861 1855 proscqutione

1110 1860 1146 1894 ad
1177 1861 1329 1906 assumpti
1358 1860 1625 1894 continuationem
1658 1859 1777 1892 itineris
1806 1871 1862 1892 nos

1110 1910 1242 1958 qualitas
1264 1910 1402 1956 ipsorum
1429 1919 1568 1955 urgerem
1593 1909 1797 1943 nibilominus
1818 1917 1864 1942 ta-

1112 1973 1181 1995 men
1212 1960 1272 1994 illis
1307 1960 1342 1993 ad
1372 1968 1497 2005 tempus
1528 1959 1669 1997 omissis,
1706 1971 1765 1991 nou
1795 1960 1863 1992 sine

1113 2012 1252 2057 ipsorum
1281 2010 1472 2051 discrimine,
1503 2018 1609 2042 nostro
1631 2016 1661 2042 et
1689 2008 1861 2042 charissimi

1112 2061 1141 2094 in
1160 2058 1287 2094 Christo
1311 2059 1364 2093 filii
1392 2060 1487 2094 nostri
1507 2057 1611 2094 Caroli
1632 2058 1757 2093 Siciliae
1783 2060 1864 2104 regis

1114 2109 1255 2153 illustris,
1273 2121 1308 2143 ac
1329 2109 1458 2143 fratrum
1475 2117 1653 2144 nostrorum
1673 2107 1863 2153 gravamine,

1113 2172 1171 2194 una
1209 2172 1280 2194 cum
1315 2159 1382 2204 ipso
1411 2171 1484 2203 rege
1515 2158 1552 2193 ad
1578 2159 1733 2192 civitaten·
1759 2158 1864 2191 diver-
1878 2170 1980 2198 suamque
2024 2177 2062 2197 pro

1114 2218 1215 2243 tentes
1241 2209 1398 2247 eamdem.
1433 2208 1688 2254 iinpernlcremus
1715 2206 1863 2241 sollicitas
1878 2203 1909 2253 Ξζζ
1931 2208 2063 2255 Γζζζξοᾞᾞξζ

1113 2271 1236 2305 operas,
1259 2268 1415 2306 quatenus
1438 2259 1494 2293 tllu
1515 2259 1646 2296 favente,
1673 2257 1724 2302 qui
1754 2264 1800 2290 est
1819 2257 1864 2291 la·
1879 2271 1933 2286 nom.

1115 2311 1161 2356 pis
1183 2309 1353 2353 augularis,
1373 2318 1503 2356 utraque
1526 2320 1622 2342 uuum
1653 2307 1777 2347 faciens,
1803 2307 1865 2340 liu-

1115 2359 1248 2393 iusmodi
1272 2358 1459 2393 coeuntibus
1483 2359 1512 2392 iu
1550 2358 1613 2403 ipsa
1637 2357 1760 2391 civitate
1784 2358 1865 2391 scis—

1114 2409 1197 2443 suris
1213 2409 1431 2443 dissidentium
1446 2407 1538 2442 corda
1553 2405 1779 2441 indissolubilis
1794 2406 1866 2440 cha-

1115 2459 1212 2493 ritatis
1236 2458 1387 2492 bitumine
1411 2458 1588 2491 unirentur.
1613 2456 1750 2503 ldeoque
1772 2457 1864 2490 variis

1114 2521 1185 2543 cum
1222 2508 1372 2554 partibus,
1409 2520 1487 2554 quas
1508 2505 1652 2541 Guell'am
1676 2514 1706 2539 et
1733 2503 1864 2539 Gibelli-

1116 2571 1186 2593 nam
1215 2559 1327 2604 vulgus
1349 2557 1500 2605 appellat,
1529 2555 1710 2590 tractatibus
1738 2555 1863 2595 habitis.

1114 2617 1143 2643 ct
1174 2609 1346 2654 unicuique
1379 2608 1516 2653 ipsarum
1548 2606 1688 2641 articulis
1723 2613 1864 2652 patenter

1115 2658 1274 2705 expositis,
1298 2658 1328 2691 in
1359 2669 1439 2704 quos
1461 2668 1515 2691 eos
1536 2654 1743 2691 credebamus
1774 2668 1864 2702 posse
