2274 3265
240 267 283 293 Qu.
302 267 319 291 Γ,
352 267 413 293 ΗΜ

252 530 272 550 111
290 532 396 557 pruvincia

267 562 377 583 norwicen,

257 1321 278 1341 ln
295 1326 402 1348 provincia

273 1352 372 1372 Art-laten

260 1622 281 1643 ln
299 1627 405 1649 provrneia

278 1653 379 1674 viennen.

259 1779 280 1800 ln
297 1780 404 1806 provincia

249 1812 414 1832 Tarraconense.

263 1924 284 1944 ln
300 1924 408 1950 provincia

287 1953 380 1974 ῪοΙεηηι4

488 255 552 287 lis!

431 322 580 356 Sulmaco
607 332 679 354 cum
708 318 854 353 omnibus
889 317 1084 365 pertinentiis
1101 316 1175 352 suis,

430 370 591 418 Hospitale
627 368 659 404 S.
693 367 831 413 Spiritus
864 366 902 402 de
935 367 968 402 S.
1000 366 1079 402 Fide
1106 379 1177 402 cum

430 420 547 468 capella
575 428 607 454 et
633 417 780 453 omnibus
805 417 1002 463 pertinentiis
1028 417 1102 451 suis.

479 474 494 514 g
526 471 580 504 16.
610 469 643 503 ln
673 467 832 515 provincia
871 466 1041 501 Bituricen.
1077 466 1180 513 bospi-

431 519 489 554 tale
515 519 549 555 S.
577 518 714 566 Spiritus
747 517 784 551 dc
819 515 1007 551 Conssuento
1034 515 1180 550 Lemovi-

431 581 499 604 cen.
535 567 705 607 dioecesis,
744 579 815 601 curn
853 565 988 612 capella,
1023 564 1179 604 domibus,

431 619 539 663 terris,
567 617 676 661 vineis,
705 615 911 659 molendinis,
937 626 1089 661 aquarum
1125 614 1181 649 de-

430 668 586 709 cursibus,
621 666 729 715 pratis,
765 665 904 712 pascuis,
939 664 1119 698 nemoribus
1152 671 1181 697 et

431 717 578 752 omnibus
612 715 807 764 pertinentiis
841 714 916 749 suis.
949 712 1111 759 Hospitale
1147 712 1179 746 S.

431 767 568 815 Spiritus
582 766 620 801 de
639 765 814 800 Martcrello
836 763 1005 798 Caturceu.
1026 762 1181 797 dioecesis

431 830 503 852 cum
544 815 679 864 capella,
719 813 884 852 domibus,
922 812 1028 849 terris.
1068 811 1181 851 vineis,

433 865 686 914 possessionibus
724 872 753 898 et
795 862 945 897 omuibus
986 861 1183 908 pertinentiis

431 917 506 951 suis.
530 914 692 962 Hospitale
714 913 748 947 S.
775 912 914 959 Spiritus
945 910 983 945 de
1017 910 1181 945 Monteva-

433 966 507 1001 lenti
539 964 680 999 eiusdem
716 961 882 1000 dioecesis,
921 973 991 995 cum
1025 959 1183 1005 domibus,

432 1016 535 1054 terris,
566 1010 821 1062 possessionibus
856 1019 886 1045 et
908 1009 1059 1044 omnibus
1088 1010 1184 1057 perti-

434 1064 547 1099 nentiis
586 1063 662 1098 suis.
698 1060 860 1108 Hospitale
894 1058 927 1094 S.
967 1059 1107 1106 Spiritus
1145 1059 1183 1094 de

433 1113 587 1148 Amelian.
609 1111 789 1147 Rutlienen.
814 1108 979 1154 dioecesis,
1002 1121 1073 1143 cum
1096 1121 1185 1156 gran-

433 1164 503 1210 giis,
531 1162 691 1201 domibus,
714 1160 816 1204 terris,
836 1159 944 1203 vineis,
969 1159 1185 1206 possessioni-

434 1213 492 1248 bus
513 1220 544 1247 et
565 1211 713 1247 omnibus
737 1209 934 1257 pertinentiis
961 1208 1037 1243 suis.

483 1266 498 1306 g
526 1264 577 1296 17.
602 1261 635 1295 111
659 1259 816 1306 provincia
840 1258 1010 1301 Arelatem,
1029 1257 1185 1304 hospitale

435 1313 468 1347 S.
497 1311 633 1359 Spiritus
656 1309 840 1344 Aurasiccn.
864 1320 934 1343 cum
962 1307 1111 1342 omnibus
1139 1307 1187 1341 iu-

436 1361 521 1396 ribus
547 1369 584 1401 et
623 1359 819 1407 pertinentiis
845 1359 922 1393 suis.
956 1356 1119 1404 Hospitale
1152 1356 1185 1391 S.

435 1411 574 1458 Spiritus
607 1410 645 1445 de
671 1409 817 1451 Brizone,
841 1420 913 1443 cum
942 1407 1092 1442 omnibus
1116 1419 1186 1454 per-

435 1461 579 1496 tinentiis
615 1460 692 1495 suis.
721 1458 884 1506 Hospitale
910 1458 944 1492 S.
973 1457 1111 1504 Spiritus
1145 1457 1188 1490 Α-

435 1523 541 1559 quen..
563 1523 633 1545 cum
662 1509 811 1544 omnibus
840 1508 1037 1555 pertinentis
1058 1507 1135 1541 suis.

484 1564 499 1605 ξ
524 1564 579 1595 18.
608 1559 640 1593 111
667 1559 825 1606 provincia
850 1557 1004 1591 Viennen.
1033 1555 1188 1604 hospitale

435 1610 470 1645 S.
499 1610 641 1658 Spiritus
659 1609 697 1644 de
721 1608 904 1656 Argentaria
924 1606 1083 1641 Vivarien.
1107 1606 1191 1640 dioe-

436 1660 518 1695 cesis
542 1672 613 1694 cum
637 1658 786 1694 omuibus
810 1657 1007 1705 pertiuentiis
1035 1656 1113 1691 suis.

486 1713 501 1754 ἓ
528 1711 580 1744 19.
605 1709 638 1743 In
667 1708 827 1756 provincia
850 1707 1062 1742 Tarraconen.
1083 1705 1191 1752 bospi-

439 1760 498 1796 tale
535 1758 568 1794 S.
607 1759 742 1807 Spiritus
778 1757 913 1792 llcrden.
954 1769 1023 1791 curn
1061 1756 1190 1803 capella,

439 1809 587 1846 domibus
610 1819 637 1844 et
663 1808 861 1856 pertiuentiis
883 1807 960 1842 suis.

488 1860 508 1908 g
529 1861 586 1894 20.
611 1859 644 1894 111
669 1858 828 1906 provincia
852 1858 1008 1897 Toletan„
1037 1855 1192 1903 hospitale

440 1911 474 1946 S.
502 1909 638 1956 Spiritus
659 1909 828 1955 Segobien.
859 1920 931 1942 cum
958 1907 1111 1952 grangiis,
1140 1906 1193 1940 do-

441 1960 558 2000 mibus,
585 1960 691 1999 terris,
720 1960 837 2001 vineis,
866 1957 1073 1994 molendinis,
1103 1969 1195 2003 aqua-

443 2023 510 2045 rum
534 2009 734 2048 decursibus,
764 2009 871 2055 pratis,
895 2007 1031 2054 pascuis,
1062 2006 1195 2040 nemori-

444 2060 501 2095 bus
529 2068 558 2094 et
584 2058 732 2093 omnibus
760 2057 956 2105 pertinentiis
978 2057 1054 2091 suis.
1077 2056 1195 2103 Hospi-

444 2110 502 2145 tale
524 2108 558 2144 S.
586 2108 720 2156 Spiritus
743 2107 782 2142 de
812 2107 952 2142 Valentia
994 2119 1063 2141 cum
1093 2105 1195 2140 Eccle-

444 2161 488 2195 sia
510 2158 543 2194 S.
567 2158 684 2199 Lucae,
707 2157 866 2202 domibus,
891 2156 991 2197 terris,
1015 2155 1195 2203 possessio—

447 2210 551 2249 nibus.
587 2221 656 2243 cum
698 2207 846 2242 omnibus
882 2206 1082 2255 pertinentiis
1120 2205 1195 2240 suis.

446 2259 619 2307 Hospitalia
654 2258 687 2293 S.
722 2257 859 2304 Spiritus
892 2257 931 2291 de
962 2255 1077 2299 Valira,
1106 2263 1136 2289 et
1163 2255 1195 2289 S.

447 2310 585 2356 Spiritus
609 2308 722 2342 laeuiia
759 2320 831 2342 cum
861 2306 1009 2341 omnibus
1039 2305 1197 2351 pertinen-

449 2360 497 2393 tiis
536 2358 740 2396 eorunideun
781 2357 1001 2391 monasterium
1040 2356 1074 2390 S.
1113 2354 1198 2389 Eliae

449 2409 608 2455 quondam
638 2407 758 2442 ordinis
792 2406 824 2441 S.
856 2405 1017 2441 Benedicti
1048 2404 1198 2451 Nepesin.

450 2459 614 2497 dioecesis,
637 2471 707 2492 cum
732 2456 886 2501 ecclesiis,
914 2457 1024 2490 castris
1046 2463 1073 2489 et
1099 2454 1201 2501 perti-

451 2509 577 2552 nentiis,
608 2507 691 2555 quod
726 2507 882 2555 praefatus
905 2505 1080 2540 Alexander
1104 2516 1202 2552 prae-

452 2558 598 2593 deeessor
626 2565 730 2592 noster
752 2557 790 2591 de
820 2557 948 2591 fratrum
972 2567 1101 2590 suorum
1125 2566 1201 2587 cou-

454 2608 534 2647 silio,
568 2607 655 2643 robis
690 2616 720 2643 et
757 2619 810 2654 per
839 2619 891 2641 vos
927 2604 1070 2653 hospitali
1100 2612 1201 2638 vestro

455 2658 620 2701 concessit,
647 2670 716 2692 cum
747 2657 847 2700 terris,
877 2656 984 2703 pratis,
1016 2655 1125 2699 vincis,
1155 2667 1202 2687 ue·

1022 263 1204 285 nucarum!
1235 262 1396 284 nonnum

1983 258 2030 285 An.
2049 258 2076 285 C.
2098 258 2164 284 ¹291

1222 316 1372 356 moribus,
1401 315 1516 362 usagiis
1539 322 1568 350 et
1597 315 1732 361 pascuis,
1761 315 1791 349 iu
1821 314 1915 350 bosco
1937 324 1966 349 et

1222 366 1324 413 plano,
1347 366 1378 400 in
1401 366 1490 412 aquis
1516 372 1545 399 et
1568 363 1769 407 molendinis,
1800 364 1830 398 in
1854 364 1910 399 viis
1939 373 1968 400 et

1221 415 1351 455 semitis,
1387 425 1415 449 et
1443 415 1472 448 in
1503 414 1570 448 aliis
1598 413 1747 448 omnibus
1775 412 1970 448 libertatibus

1221 474 1250 500 et
1273 464 1526 500 immunitatibus
1549 463 1625 498 suis.

1271 519 1286 557 ξ
1308 517 1365 548 21.
1383 513 1451 548 Hoc
1473 522 1575 548 tamen
1596 511 1728 551 adiecto,
1750 520 1781 546 ut
1806 511 1835 546 in
1859 512 1968 547 eadem
1999 531 2071 551 Mum..
2105 531 2170 551 010..-

1224 564 1364 599 Ecclesia
1399 572 1533 610 quatuor
1559 574 1683 607 semper
1710 560 1746 595 ad
1777 561 1881 596 minus
1907 563 1971 597 sint
1987 562 2105 613 '‘l“''uf'hffl
2132 562 2170 581 Μ(

1222 614 1324 648 clerici
1349 613 1506 659 regulares
1539 611 1678 647 eiusdem
1713 610 1876 658 hospitalis
1905 624 1972 659 pro·
2001 598 2092 619 ΜΗ

1223 663 1307 706 sessi,
1329 663 1382 711 qui
1413 675 1467 708 pro
1494 661 1596 705 nobis,
1624 669 1653 695 et
1677 660 1973 706 praedecessoribus

1223 725 1256 746 ac
1284 711 1519 747 successoribus
1547 721 1575 745 et
1596 709 1742 745 tran-ibus
1762 710 1876 745 nostris
1899 711 1973 744 viris

1224 771 1253 797 et
1269 762 1427 796 defunctis
1441 761 1617 807 specialiter
1638 759 1851 799 obsecrantes,
1870 760 1973 794 omnia

1224 811 1395 858 spiritualia
1425 809 1592 845 liberaliter
1615 809 1846 849 administrent,
1873 818 1903 844 et
1925 823 1974 843 su-

1226 873 1280 908 per
1307 861 1355 895 his
1383 859 1511 903 nullius,
1539 859 1597 894 nisi
1626 858 1720 894 Rom.
1744 858 1850 898 Pom..
1872 872 1976 894 corre-

1225 911 1321 945 ctioni
1345 909 1539 948 subiaceant,
1567 909 1604 943 ad
1633 920 1727 955 quem
1761 909 1907 956 quotiens
1929 922 1977 943 ex-

1226 959 1370 1006 pedierit,
1399 959 1572 993 monitione
1603 959 1773 1004 praemissa
1804 959 1977 1002 caritativa,

1227 1010 1276 1044 liat
1292 1021 1308 1044 a
1326 1008 1473 1043 fratribus
1493 1007 1695 1054 proclamatio
1712 1016 1840 1055 propter
1862 1007 1978 1051 Deum,

1227 1059 1355 1106 utipsc,
1391 1057 1514 1104 cognita
1544 1057 1684 1097 veritate,
1717 1056 1863 1092 decernat
1894 1059 1977 1105 quod

1226 1120 1283 1143 suo
1317 1107 1463 1156 prudenti
1494 1106 1625 1142 consilio
1653 1106 1775 1140 duxerit
1804 1107 1978 1153 providen—

1227 1158 1315 1193 dum.

1276 1207 1296 1255 g
1322 1209 1379 1241 22.
1404 1205 1463 1253 Ipsi
1488 1214 1591 1241 autem
1617 1205 1697 1240 victu
1720 1213 1750 1240 et
1774 1205 1884 1240 vestitu
1908 1217 1979 1240 cou-

1229 1257 1318 1301 tenti,
1340 1269 1432 1304 quen]
1457 1256 1501 1290 eis
1524 1255 1700 1290 secundum
1724 1254 1868 1289 eamdem
1892 1267 1980 1302 regu-

1229 1307 1289 1340 lam
1320 1306 1531 1353 praecipimus
1558 1304 1713 1344 exhiberi,
1734 1304 1850 1339 divinis
1874 1314 1980 1339 vacent

1228 1356 1355 1397 officiis,
1382 1364 1412 1389 et
1448 1354 1611 1389 intendant
1644 1355 1846 1389 sacramentis
1878 1355 1980 1389 eccle-

1229 1406 1372 1444 siasticis,
1411 1406 1449 1439 ita
1478 1405 1562 1452 qnod
1591 1404 1630 1439 de
1665 1404 1733 1438 aliis
1762 1404 1980 1450 hospitalitatis

1230 1456 1376 1502 negotiis,
1409 1463 1531 1502 praeter
1560 1455 1796 1488 concessionem
1829 1454 1981 1500 magistri,

1230 1518 1263 1540 se
1299 1505 1478 1539 nullatenus
1518 1504 1743 1547 intromittant,
1784 1503 1836 1538 sed
1878 1504 1980 1538 omnia

1231 1555 1429 1602 dispositioni
1453 1563 1536 1593 tuac,
1557 1553 1599 1588 1111
1623 1553 1781 1599 magister,
1800 1561 1830 1587 et
1857 1565 1983 1587 succes-

1231 1618 1337 1640 sorum
1373 1612 1517 1647 tuorum,
1556 1603 1601 1638 vel
1636 1615 1764 1645 eorum,
1792 1603 1843 1649 qui
1874 1615 1928 1649 per
1955 1610 1984 1636 tc

1233 1655 1279 1690 vel
1304 1668 1358 1702 per
1380 1667 1434 1688 eos
1458 1654 1571 1688 fuerint
1594 1652 1734 1699 deputati
1757 1651 1795 1686 ad
1819 1652 1889 1695 hoc,
1917 1652 1984 1687 sinc

1233 1705 1478 1740 contradictione
1522 1716 1557 1738 ac
1598 1702 1847 1737 murmuratione
1883 1701 1985 1736 relin—

1233 1763 1342 1802 quant.

1282 1806 1301 1853 g
1323 1806 1380 1839 ⁶25.
1397 1804 1563 1839 Caeterum
1581 1810 1683 1837 autem
1704 1801 1882 1847 praedictus
1899 1814 1986 1848 prae—

1235 1855 1382 1890 decessor
1396 1853 1568 1895 Honorius,
1586 1853 1734 1887 unionem
1754 1850 1894 1887 eiusdem
1916 1851 1987 1885 lios-

1236 1905 1340 1953 pitalis
1362 1913 1392 1939 et
1415 1904 1448 1938 S.
1476 1903 1614 1950 Spiritus
1643 1902 1672 1936 111
1696 1901 2070 1950 Monicpessulano.gnte*
2099 1901 2186 1953 &suff

1238 1955 1326 1990 nobis
1355 1962 1384 1989 01
1408 1952 1552 1999 hospitali
1577 1960 1683 1986 nostro
1711 1952 1741 1986 in
1771 1950 1988 1998 spiritualibus
2001 1937 2186 1991 Egiri'riiiifusaiss

1236 2014 1266 2040 et
1290 2003 1518 2052 temporalibus
1535 2002 1742 2049 perniciosam
1759 2011 1787 2036 et
1804 2001 1986 2035 damnosam
2002 2001 2027 2020 ῃ
2042 1996 2129 2016 ''nm''

1238 2066 1478 2101 recognoscens,
1507 2053 1606 2099 ipsam
1630 2051 1668 2086 de
1698 2051 1828 2085 consilio
1861 2050 1987 2085 1131111111

1237 2117 1367 2140 suorum
1391 2102 1544 2142 dissolvit,
1577 2110 1718 2136 statuens
1754 2110 1786 2136 ut
1815 2112 1871 2134 nec
1907 2099 1987 2134 istud

1239 2155 1292 2195 illi,
1329 2166 1385 2188 nec
1428 2152 1503 2186 illud
1541 2152 1588 2186 isti
1630 2152 1658 2184 111
1697 2150 1803 2197 aliquo
1838 2157 1990 2191 teneatur,

1240 2216 1296 2238 uec
1314 2203 1402 2238 nobis
1431 2214 1486 2237 uec
1515 2201 1576 2235 illis
1601 2199 1718 2248 aliquid
1748 2201 1785 2234 sit
1811 2211 1988 2234 commune.

1239 2254 1307 2289 Non
1324 2253 1445 2288 obstan.
1465 2251 1625 2298 privilegio
1637 2251 1710 2285 dicti
1727 2249 1918 2289 1111100011111,
1935 2262 1990 2283 nec

1240 2316 1310 2344 suo,
1337 2303 1420 2350 quod
1455 2313 1550 2347 super
1578 2301 1694 2335 unione
1722 2300 1788 2347 ipsa
1815 2299 1989 2346 apparuerit

1241 2355 1453 2400 impetratum.
1477 2350 1594 2385 Verum
1617 2350 1817 2398 postmodum
1841 2357 1942 2383 rector
1963 2357 1989 2381 ot

1243 2403 1351 2437 fratres
1381 2401 1530 2449 praedicti
1560 2400 1723 2447 hospitalis
1745 2399 1784 2433 de
1811 2399 1990 2445 11111111ορ05-

1242 2452 1364 2492 sulano,
1388 2464 1442 2498 per
1461 2459 1693 2499 procuratorem
1714 2449 1750 2484 ad
1775 2449 1832 2483 1100
1856 2448 1991 2494 legitime

1243 2503 1460 2544 coustitutum,
1492 2501 1593 2547 ipsum
1619 2499 1771 2545 hospitale
1798 2511 1889 2532 suum
1920 2511 1990 2533 cum

1243 2552 1391 2587 omnibus
1413 2551 1558 2585 domibus
1580 2549 1639 2585 sibi
1663 2548 1813 2583 subiectis
1836 2556 1863 2582 et
1892 2548 1993 2583 subii-

1245 2602 1366 2637 ciendis
1393 2602 1422 2636 in
1452 2609 1625 2649 posterum,
1660 2599 1814 2634 universis
1846 2598 1938 2633 rebus
1964 2606 1993 2631 ct

1246 2652 1365 2685 iuribus
1391 2650 1578 2699 supradictis
1604 2649 1787 2684 auctoritate
1815 2648 1863 2682 110.
1898 2660 1991 2682 meni.

2007 1220 2086 1241 Victum
2101 1224 2122 1240 et
2137 1226 2177 1240 ve-

1994 1251 2065 1271 stitum
2078 1250 2178 1273 habeant,

1994 1282 2179 1302 administrationi-

1995 1318 2035 1339 que
2053 1317 2175 1332 sacramen-

1996 1347 2062 1364 torum
2079 1346 2161 1364 vatent.

2015 1809 2121 1836 Hospitale
2163 1808 2182 1828 S.
2273 1813 2274 1850 1

2000 1841 2089 1867 Spiritus
2098 1841 2117 1860 in
2129 1838 2186 1860 Moru

2001 1877 2020 1892 ie
2029 1871 2189 1892 Pessuianono-
