2274 3265
130 262 179 300 An.
198 264 226 288 o.
244 264 308 289 inea

140 471 180 491 Sati
191 472 265 497 pot-iiis
275 473 288 491 't

128 570 149 583 ‚o
248 570 252 577 ·

128 597 150 614 si.
254 607 257 614 ι

128 626 166 645 cali
199 628 259 646 tribui
271 627 288 646 .l

129 658 181 677 tritt
198 662 265 678 tetan-

137 2604 181 2626 Laii
177 2612 210 2626 ¹50
202 2611 275 2632 queo
264 2604 307 2625 otli—

123 2637 188 2657 etates
216 2636 305 2663 compli-

124 2673 201 2698 cesque
213 2668 262 2688 talia
273 2671 306 2688 at—

944 268 989 291 MA
995 268 1045 290 tt’rt
1051 268 1067 290 N
1073 268 1106 289 l'S
1129 269 1147 290 V
1171 268 1216 290 ΙΨ.

1741 262 1809 295 729

1875 273 1924 310 An.
1943 272 1961 297 c
1991 273 2057 300 ines

325 322 410 357 dium
443 331 473 357 et
503 322 709 370 plurimorum
733 334 916 368 gravamen,
946 324 1070 370 praeiu-
1113 336 1205 370 quam
1241 332 1405 371 exceptum
1434 326 1523 360 fuerit
1558 326 1597 360 de
1632 340 1691 361 non
1731 328 1982 363 lurlSdl-tentantv-
2020 345 2058 359 01-

325 372 443 406 ‹licium
466 382 495 407 et
518 373 678 407 iacturam.

375 423 394 468 ᾖ
417 425 448 456 5.
472 422 537 457 Nos
561 422 655 467 igitur
676 421 826 456 adversus
848 423 916 457 talia
941 434 1070 469 praesu-

195 509 206 521 Ἡ
230 508 236 515 ‚
274 479 312 520 ζῇ·-
328 472 478 506 mentium
512 472 717 505 temeritatem
747 472 883 505 remedia
911 484 1070 518 apponere

326 530 354 554 et
378 534 471 567 super
493 522 541 554 bis
562 520 729 554 salubriter
753 521 915 567 providere
937 522 1071 568 cupien-

257 572 385 615 ''¹'thes,
406 583 442 605 ac
457 570 580 604 concilii
610 569 778 603 Milevitani
807 583 842 604 ac
870 571 919 605 fel.
948 571 1069 604 record.

262 634 279 646 ι·
293 634 310 646 ω
327 619 501 655 Innocentii
531 619 632 665 Papae
653 619 708 658 Ill,
729 619 979 666 praedecessoris
1008 633 1070 654 no·—

326 670 392 713 stri,
425 668 703 704 constitutionibus
740 681 835 715 super
866 670 923 704 boc
957 670 1071 710 editis,

325 719 508 753 auctoritate
542 718 729 765 apostolica,
757 730 794 752 ex
821 727 904 753 certa
940 720 1068 754 scientia

325 780 360 802 ac
389 776 491 803 nostra
521 767 722 813 irrefragabili
745 768 971 802 constitutione
999 781 1065 816 per-

326 825 419 864 petuo
441 817 609 859 duratura,
632 826 740 851 tenore
768 819 979 863 praesentium
1007 827 1071 852 sta-

326 868 453 906 tuimus,
476 866 676 900 decernimus
697 878 733 900 ac
756 867 847 901 etiam
876 867 1070 907 ordinamus

324 916 407 963 quod
432 928 542 950 omnes
564 925 593 950 et
614 915 758 962 singulae
787 928 937 963 personae
965 917 1071 951 eccle-

324 966 466 1000 szasticae
490 965 667 1000 saeculares
685 974 715 999 et
737 965 894 1011 regulares
912 965 1068 1000 Ordinum

324 1014 547 1061 quorumlibet,
564 1027 762 1062 quacumque
789 1016 974 1061 exceptione
996 1016 1071 1050 suf-

324 1064 431 1104 fultae,
447 1065 540 1098 etiam
558 1064 752 1109 patriarcliali
766 1092 773 1103 ,
801 1064 1070 1112 archiepiscopali,

324 1114 515 1161 episcopali,
539 1113 685 1147 abbatiali
710 1114 754 1146 vel
774 1113 832 1147 alia
856 1114 965 1160 quavis
989 1127 1070 1160 prae-

325 1163 464 1209 fulgeant
491 1163 654 1208 dignitate,
681 1175 761 1210 quae
784 1163 874 1196 aliam
904 1176 1069 1209 personam

325 1213 580 1256 eeclesiasticam,
603 1213 770 1258 collegium
800 1213 844 1246 vel
868 1223 1069 1252 conventum,

325 1263 353 1296 in
382 1263 505 1297 actione
528 1261 620 1306 reali,
648 1262 742 1295 mixta
767 1262 812 1295 vel
837 1262 1004 1308 personali,
1026 1264 1071 1297 ci-

326 1313 374 1345 ιίΙι
395 1312 439 1346 vel
462 1311 637 1351 criminali,
660 1311 751 1346 etiam
776 1311 940 1344 occasione
962 1312 1071 1346 cuius—

324 1373 461 1408 cumque
494 1359 735 1397 submissionis,
763 1360 857 1393 etiam
895 1360 1071 1394 iuramento

326 1411 450 1444 vallatae
471 1409 517 1443 vel
533 1410 620 1449 alias,
642 1410 678 1442 ad
703 1408 803 1442 forum
827 1409 891 1442 sive
917 1408 1069 1443 iudicium

325 1459 449 1498 laicale,
472 1458 588 1492 directe
618 1459 663 1492 vel
694 1458 843 1492 indirecte
872 1457 928 1501 (de
950 1471 1009 1505 qua
1040 1459 1068 1492 iu

325 1508 390 1541 foro
429 1507 643 1542 ecclesiastico
682 1507 819 1542 ordinari
856 1509 1069 1547 consueverit,

325 1558 421 1603 possit
444 1558 490 1592 vel
514 1557 639 1602 debeat,
661 1557 725 1591 de
720 1570 785 1592 inre
807 1557 851 1590 vel
875 1557 914 1590 de
936 1570 1071 1592 consue—

325 1608 432 1641 tudine
459 1615 510 1641 aut
545 1606 622 1641 alias
644 1607 809 1662 cognosci)
837 1607 958 1641 trabere
982 1620 1071 1653 prae-

324 1657 506 1703 sumpserit,
529 1668 654 1690 causam
678 1657 776 1711 ipsam
800 1663 830 1689 et
853 1667 945 1689 omne
969 1657 1016 1691 ius
1042 1658 1069 1690 ei

324 1707 388 1740 siie
419 1706 482 1745 eis,
512 1706 540 1739 in
566 1707 758 1753 possessorio
786 1705 831 1739 vel
857 1706 1012 1751 petitorio
1041 1707 1069 1740 in

326 1770 356 1789 re
373 1756 416 1790 vel
440 1756 477 1790 ad
497 1767 574 1794 rem,
594 1767 686 1789 causa
711 1755 755 1788 vel
776 1755 940 1789 occasione
959 1755 1071 1790 liuius-

325 1805 406 1839 modi
430 1805 668 1852 quomodolibet
691 1813 924 1851 competentes,
946 1817 983 1839 eo
1003 1807 1071 1852 ipso

324 1855 454 1901 perdant
483 1855 607 1901 penitus
638 1863 668 1888 et
695 1855 847 1891 amittant.
877 1863 905 1888 et
928 1855 1069 1900 singula-

323 1917 371 1937 res
399 1916 568 1951 personae,
601 1913 954 1944 exconununieationis3
983 1906 1070 1951 capi-

324 1954 384 1987 tula
415 1967 486 1987 vero
513 1962 543 1988 et
576 1962 767 1996 conventus7
795 1954 1015 2000 suspensionis
1042 1963 1071 1988 et

325 2003 478 2038 interdicti
503 2003 675 2037 sententias
703 2005 861 2037 incurrant
888 2004 955 2049 ipso
979 2002 1070 2046 facto,

324 2061 351 2085 et
380 2053 404 2086 si
430 2065 582 2100 personae
606 2053 689 2100 ipsae
711 2061 739 2087 et
764 2052 808 2086 eis
833 2053 860 2086 in
890 2053 1071 2099 praemissis

322 2102 529 2136 adhaerentes
558 2110 587 2136 et
616 2103 787 2136 servientes
823 2103 851 2136 in
886 2102 991 2148 aliquo
1023 2115 1071 2136 re-

324 2152 420 2185 baelles
453 2152 577 2192 fuerint,
601 2160 630 2185 et
659 2152 864 2186 incontinenti
894 2164 955 2185 non
993 2152 1069 2185 obe-

323 2202 449 2242 ditrint
471 2213 582 2235 omnes
610 2201 675 2235 illas
693 2214 747 2248 pei
771 2202 974 2247 piixationem
996 2214 1071 2234 suo-

325 2265 390 2284 rnm
421 2252 644 2285 be=ntliciorum
677 2251 959 2285 ecclesiasticoiuin
993 2263 1070 2298 ‹pio-

323 2314 408 2334 ιιιιικ
415 2313 544 2347 umque,
558 2312 639 2347 quae
662 2300 848 2335 obtinebant
863 2309 891 2334 et
909 2301 937 2334 ιιι
955 2301 1070 2346 quibus

323 2359 352 2384 et
374 2351 410 2384 ad
434 2362 514 2397 quae
537 2350 585 2384 ius
607 2350 844 2396 quomodolibet
858 2351 1021 2396 competit,
1041 2359 1068 2384 et

324 2399 606 2434 inliabilitationem
631 2399 668 2434 ad
685 2400 760 2434 alias
784 2401 813 2433 in
839 2408 996 2447 posterum
1014 2400 1070 2434 ob-

323 2450 472 2493 tinenda,
508 2451 644 2483 coerceri
681 2457 711 2483 et
746 2449 891 2496 compelli
926 2451 1071 2484 volumus

321 2500 507 2534 antedictas.

371 2554 385 2593 ᾗ
407 2552 440 2583 4.
462 2549 500 2583 Et
520 2548 728 2583 nihilominus
744 2561 855 2583 omnes
877 2556 907 2582 et
925 2548 1070 2595 singulos

322 2599 441 2633 iudices
464 2607 492 2632 et
515 2606 710 2639 executores,
734 2576 996 2638 communitates?
1013 2599 1071 2632 do-

322 2649 434 2689 minia,
459 2648 554 2682 laicos
581 2657 612 2681 et
640 2648 764 2682 laicales
793 2660 952 2695 personas
981 2657 1070 2695 post-

400 2705 472 2735 Ball.
491 2705 565 2735 Rom.
595 2705 646 2735 Vol.
664 2705 710 2735 IV.
915 2706 951 2734 02

1113 374 1215 407 ctione
1239 386 1358 413 eorum,
1382 384 1434 409 aut
1451 376 1609 410 evidenter
1631 386 1777 423 appareat
1800 378 1859 412 liu-

1114 423 1248 456 iusmodi
1271 425 1480 468 cognitionem
1509 425 1546 460 ad
1567 438 1620 460 eos
1643 427 1680 460 de
1710 427 1776 462 iure
1797 440 1857 462 non

1113 481 1269 519 spectare.
1298 474 1367 508 talia
1404 484 1638 521 praesumentes
1666 484 1694 510 et
1731 489 1764 511 ea
1793 477 1859 512 fieri

1114 521 1310 562 mandantes,
1326 536 1379 557 sen
1392 537 1499 558 eorum
1525 526 1650 560 nominc
1669 534 1698 559 et
1715 526 1861 561 mandato

1114 572 1190 605 facta
1226 581 1288 606 rata
1307 573 1467 613 babentes,
1489 574 1535 608 rel
1552 575 1598 609 eis
1614 575 1765 610 faciendis
1784 576 1861 610 dan-

1115 632 1160 656 tes
1186 623 1349 661 auxilinm,
1373 624 1536 658 eonsilium
1562 624 1607 658 vel
1637 625 1784 669 favorem,
1806 638 1861 659 cu-

1115 673 1301 719 iuratumque
1325 674 1588 718 praeeininmniao,
1605 674 1775 719 dignitatis,
1790 688 1862 721 gra-

1114 723 1184 766 dus,
1206 722 1327 756 ordinis
1352 723 1395 756 rel
1419 723 1610 757 conditionis
1628 724 1773 763 existant,
1792 736 1861 758 sae.-

1113 773 1235 807 culares
1251 784 1412 818 personaS‚
1432 784 1541 807 eorum
1561 773 1703 807 videlieet
1720 773 1861 819 singulos

1113 821 1271 860 officiales,
1295 834 1495 878 quocumque
1511 823 1640 856 nomine
1663 831 1860 861 censeantur,

1114 879 1142 905 et
1164 871 1358 905 consiliarios
1381 879 1408 905 ιι
1433 873 1567 918 privatas
1591 884 1751 918 personas,
1781 883 1860 918 quae

1115 921 1358 975 praemissorum
1405 921 1592 976 principales
1634 930 1861 968 perpetratores

1113 971 1294 1008 existerent
1315 971 1651 1005 excommunicationis
1673 971 1859 1005 sententiam

1115 1019 1274 1054 incurrent
1300 1019 1472 1053 iolumus
1467 1033 1536 1066 ipso
1559 1020 1657 1059 facto,
1690 1019 1860 1067 nullusque

1113 1068 1151 1102 ab
1188 1070 1306 1103 eisdem
1340 1069 1521 1109 sententiis,
1552 1082 1606 1116 per
1636 1069 1731 1103 alium
1765 1082 1858 1116 quarn

1115 1130 1168 1165 per
1201 1118 1378 1152 Romanum
1408 1118 1610 1159 Pontificem,
1644 1127 1860 1165 praeterquam

1114 1167 1143 1200 in
1168 1168 1277 1202 mortis
1298 1167 1429 1203 articulo
1449 1169 1652 1212 constitutus,
1673 1168 1792 1202 absolvi
1810 1180 1861 1202 va-

1114 1216 1174 1250 leat
1201 1217 1266 1250 sive
1290 1217 1398 1264 possit,
1422 1225 1451 1251 et
1475 1218 1641 1264 praemissa
1665 1218 1781 1256 omnia,
1799 1229 1860 1252 non

1114 1273 1233 1300 tantum
1253 1266 1290 1300 ad
1314 1266 1425 1305 futura,
1440 1267 1495 1300 sed
1511 1268 1604 1301 etiam
1628 1266 1665 1301 ad
1686 1267 1861 1313 praesentia

1113 1323 1142 1348 et
1167 1316 1331 1361 pendentia
1356 1315 1558 1350 extendimus
1584 1317 1769 1350 auctoritate
1795 1328 1862 1350 me-

1114 1373 1242 1398 morata.

1163 1415 1224 1455 §5
1246 1414 1405 1461 Quodque
1428 1415 1520 1448 etiam
1546 1423 1729 1461 procurator
1748 1413 1861 1448 fiscalis

1113 1475 1278 1497 causarum
1321 1462 1436 1497 Curiae
1470 1463 1621 1498 Gamerae
1662 1463 1861 1510 Apostolicae

1114 1520 1219 1546 contra
1249 1513 1422 1560 culpabiles
1446 1515 1475 1547 in
1502 1513 1683 1560 praemissis
1710 1513 1860 1560 desuper,

1113 1563 1282 1597 summaria
1311 1563 1531 1597 informatione
1568 1563 1770 1610 praehabita,
1807 1575 1862 1610 per

1113 1623 1146 1645 se
1175 1612 1220 1646 vel
1249 1612 1343 1646 alium
1377 1625 1431 1647 seu
1460 1612 1536 1647 alios
1565 1625 1656 1659 agere
1691 1621 1721 1647 et
1750 1624 1861 1659 proce-

1113 1661 1186 1695 dere
1214 1663 1313 1708 possit
1340 1671 1370 1697 et
1404 1662 1520 1703 valeat,
1549 1662 1755 1697 nihilominus
1784 1674 1861 1696 con-

1113 1710 1272 1746 cedentes.

1163 1764 1232 1803 §6.
1255 1761 1324 1795 Non
1355 1761 1498 1796 obstante
1530 1762 1554 1795 si
1582 1761 1739 1808 aliquibus
1772 1774 1861 1796 com-

1115 1811 1251 1845 muniter
1283 1811 1339 1845 vel¹
1358 1812 1481 1846 divisim
1517 1824 1533 1846 a
1567 1811 1651 1846 Sede
1679 1811 1860 1858 Apostolica

1113 1861 1151 1895 sit
1177 1861 1353 1901 indultum,
1388 1861 1470 1907 quod
1507 1861 1671 1900 interdici,
1708 1860 1859 1907 suspendi

1116 1911 1159 1944 rel
1201 1911 1467 1945 excommunicari
1497 1924 1557 1944 non
1592 1911 1713 1957 possint
1742 1923 1795 1957 per
1821 1910 1861 1943 li-

1115 1968 1195 1993 teras
1219 1960 1406 2007 apostolicas
1428 1972 1488 1994 non
1513 1960 1661 1994 facientes
1685 1959 1807 2006 plenam
1829 1970 1857 1994 et

1114 2022 1292 2056 expressam
1322 2022 1357 2043 ac
1391 2009 1430 2043 de.
1459 2009 1554 2044 verbo
1586 2010 1623 2043 ad
1655 2009 1784 2043 verbum
1820 2009 1859 2042 de

1114 2071 1222 2092 eorum
1241 2060 1376 2106 propriis
1399 2059 1582 2093 nominibus
1604 2071 1638 2092 ac
1661 2058 1783 2092 indulto
1800 2058 1861 2092 liu-

1114 2109 1248 2143 iusmodi
1286 2109 1490 2151 mentionem,
1516 2117 1544 2142 et
1560 2109 1751 2155 quibuslibet
1783 2120 1862 2142 con-

1113 2162 1341 2206 stitutionibus,
1358 2163 1539 2209 privilegiiS,
1564 2162 1694 2196 indultis
1716 2172 1742 2197 et
1763 2162 1861 2196 literis

1113 2216 1306 2263 apostolicis⁷
1329 2217 1368 2250 de.
1392 2217 1507 2264 quibus
1529 2217 1620 2251 etiam
1646 2217 1734 2263 plena
1755 2224 1785 2250 et
1803 2228 1861 2250 ex-

1115 2283 1218 2317 pressa
1247 2284 1281 2305 ac
1309 2271 1347 2305 de
1378 2271 1471 2305 rerbo
1502 2272 1538 2305 ad
1570 2271 1700 2305 verbum
1740 2272 1767 2304 in
1805 2282 1862 2304 no-

1113 2325 1183 2358 stris
1207 2325 1302 2358 literis
1325 2324 1464 2358 habenda
1488 2333 1533 2358 est
1562 2325 1678 2358 mentio
1701 2324 1861 2371 specialis,

1113 2380 1308 2426 caeterisque
1319 2379 1483 2413 contrariis
1498 2378 1762 2426 quibuscumque.
1775 2377 1861 2412 Nulli

1114 2446 1199 2479 ergo,
1227 2442 1279 2467 etc.

1165 2488 1279 2523 Datum
1313 2487 1431 2522 Romae
1459 2487 1541 2534 apud
1564 2486 1697 2521 Sanctos
1723 2486 1861 2533 Aposto-

1114 2545 1170 2583 los,
1194 2542 1319 2577 kalend.
1349 2542 1506 2581 februarii,
1537 2542 1736 2588 pontificatus
1759 2541 1859 2575 nostri

1113 2610 1194 2631 anno
1217 2598 1395 2631 undecimo.

1162 2660 1222 2689 Dat.
1239 2660 1285 2689 die
1305 2661 1315 2689 1
1332 2659 1471 2689 februarii
1490 2659 1574 2695 1428,
1590 2663 1668 2697 pont.
1685 2667 1760 2687 anno
1773 2667 1810 2689 xt.

1875 376 1990 391 commune
2007 373 2058 391 ttoni

1875 402 1951 422 adduit

1889 1420 1913 1441 Ei
1929 1425 2002 1441 contra
2013 1427 2060 1442 eos-

1876 1452 1921 1472 dem
1945 1453 1975 1478 agi
1999 1458 2060 1472 man-

1876 1483 1918 1505 dni.

1888 1767 2002 1788 Contrariis
2020 1768 2058 1788 de-

1875 1803 1941 1824 rogat.
