2274 3265
86 286 137 314 An.
151 286 178 312 C.
201 286 267 312 ¹²85

55 1048 58 1051 ’
92 1044 121 1065 Do
140 1042 262 1064 commercii

79 1081 115 1096 usu
132 1075 205 1095 libera⁴

897 282 1057 304 HOYORH'S
1086 282 1116 303 lv
1147 282 1193 303 ΡΙ).

1726 270 1769 300 7ἵὶ

282 340 369 374 datos
403 340 491 373 aliter
524 351 616 386 qnam
649 338 756 373 eadem
781 338 845 372 iura
874 344 1028 376 statuunt,
1046 338 1054 363 ¹
1073 337 1110 370 tia
1140 348 1200 370 non
1231 336 1340 382 petita:
1368 336 1507 383 emptitia
1534 348 1603 369 vcro
1627 336 1694 370 iure
1716 336 1820 370 exitu-

283 388 479 436 procedatur.

329 439 349 485 S
374 440 427 472 16.
452 438 591 484 Regibus
613 437 725 472 futuris
753 449 808 483 pro
830 444 971 481 tempore
997 436 1027 469 in

84 494 267 551 ςῗξήζέειῐὲῗῃᾛὲο
282 500 378 522 Γεσηο
402 487 559 535 praedicto
578 496 606 521 et
626 486 807 520 memoratis
829 485 953 524 incolis,
976 486 1027 532 qui

83 556 139 576 betti.

281 537 319 571 de
360 537 532 571 inordinata
571 548 717 583 passuum
759 535 900 569 eiusdem
941 535 1026 580 regni

280 587 420 621 custodia
444 586 654 633 querebantur
675 598 707 618 se.
731 583 936 618 immoderate
958 596 1029 629 gra-

282 638 357 680 vari,
380 637 524 670 similiter
553 634 754 682 providentes
782 634 883 668 eidem
920 642 1029 667 custo-

279 686 349 720 diae
380 686 580 719 moderamen
608 692 792 730 competens
826 682 1024 731 adbibemus:

279 735 420 770 videlicet
458 734 541 780 quod
578 742 718 780 tempore
761 734 933 779 impacatO,
972 745 1026 767 seu

278 785 462 819 imminente
491 783 679 823 turbatione,
707 790 759 817 aut
783 782 945 817 verisimili
966 791 1029 817 tur-

278 834 413 869 bationis
440 834 621 879 suspicione
644 842 749 867 contra
780 833 880 879 ipsum
910 845 1027 878 regem,

276 894 328 918 aut
347 885 465 917 dictum
491 896 633 929 regnum,
651 896 705 917 seu
732 883 759 916 in
785 895 880 927 regno
902 882 1027 926 eodem,

278 946 328 968 rex
360 934 457 981 possit
487 933 588 967 facere
619 946 728 980 passus
759 932 887 966 cosdem
915 931 953 966 ad
982 933 1027 965 vi-

277 983 368 1018 tanda
407 983 542 1029 pericula
575 982 739 1018 custodiri.
768 981 926 1029 Tempore
955 994 1027 1016 vero

279 1033 407 1079 pacifico
429 1032 540 1066 incolis
568 1033 653 1078 regni
683 1032 896 1065 babitantibus
920 1032 948 1065 in
973 1044 1027 1065 eo-

277 1082 361 1127 dem,
388 1094 423 1116 ac
445 1082 513 1115 aliis
550 1094 611 1115 non
642 1082 798 1127 suspectis
830 1082 907 1115 libor
929 1082 968 1115 sit
990 1093 1027 1115 ex

277 1144 313 1166 eo
335 1133 437 1166 exitus
460 1140 487 1165 et
513 1133 674 1178 ingressus
697 1133 726 1164 in
748 1130 841 1164 illud:
861 1132 899 1164 ita
924 1139 1024 1163 tamen

276 1181 360 1229 qnod
389 1181 461 1228 equi
489 1181 525 1214 ad
555 1194 637 1215 arma
677 1181 759 1214 nullo
790 1188 930 1226 tempore
959 1180 1026 1213 sine

276 1231 358 1277 regis
379 1230 503 1265 licentia
532 1231 735 1265 extrahantur
756 1230 868 1263 exinde
890 1229 926 1263 ad
953 1242 1027 1262 ven-

277 1280 432 1314 dendum:
463 1280 602 1313 victualia
634 1292 704 1313 vero
726 1278 883 1326 quaelibet
905 1279 943 1311 de
963 1279 1026 1311 suis

278 1329 540 1375 possessionibus,
578 1330 621 1362 vcl
650 1329 819 1365 massariis,
856 1340 910 1362 sen
939 1340 1026 1367 oves,

277 1379 371 1413 boves
403 1387 433 1412 et
459 1379 518 1412 alia
545 1378 690 1412 animalia
726 1378 865 1412 hnmano
897 1390 1027 1424 compe-

275 1429 371 1462 tentia
394 1429 475 1470 esui,
503 1428 541 1461 de
571 1429 704 1475 propriis
726 1428 886 1473 gregibus,
908 1439 1025 1461 arinen-

276 1478 323 1515 tis,
353 1477 400 1513 vel
430 1478 602 1512 redditibus
630 1478 745 1515 liabita,
768 1485 852 1511 extra
880 1490 1025 1523 regnum,

275 1528 449 1562 dummodo
468 1537 570 1562 tamen
596 1540 655 1561 non
680 1528 716 1562 ad
739 1527 883 1561 inimicos
905 1540 1027 1561 eorum-

275 1577 346 1612 dem
370 1578 464 1624 regis,
487 1586 537 1611 aut
561 1578 661 1624 regni,
688 1579 906 1624 unusquisque
929 1577 1026 1611 libere

274 1628 387 1671 mittat,
415 1629 507 1662 etiam
537 1627 573 1661 ad
604 1627 817 1669 vendendum,
846 1627 904 1661 nisi
933 1627 1027 1661 steri-

275 1678 344 1711 litas
370 1686 423 1712 aut
447 1686 619 1724 praetactae
651 1678 836 1711 turbationis
867 1677 1025 1719 instantia,

274 1739 329 1762 seu
353 1727 529 1761 verisimilis
547 1727 688 1774 suspicio
706 1728 838 1761 suadeat
853 1727 934 1762 circa
956 1728 1026 1760 mis-

275 1777 394 1811 sionem
424 1777 602 1811 huiusmodi
629 1790 684 1822 per
719 1789 823 1823 regem
851 1777 919 1810 eius
947 1785 1026 1810 tem-

276 1827 359 1873 poris
378 1827 461 1861 aliud
481 1826 702 1861 ordinandum.
724 1827 757 1861 Si
778 1839 849 1861 vero
870 1826 1025 1873 praedit-ta

275 1877 436 1919 victualia,
473 1877 517 1910 vel
546 1877 689 1911 animalia
728 1890 763 1911 ex
803 1877 1026 1922 negotiationis

277 1927 466 1961 commercio
501 1927 690 1970 habeantur,
725 1928 817 1961 etiam
859 1926 1026 1960 fertilitatis

278 1985 418 2023 tempore
445 1977 564 2022 absque
593 1977 752 2022 regnantis
782 1977 904 2010 licentia
940 1985 1024 2010 extra

277 2038 408 2072 regnum
443 2027 579 2062 mittere.
614 2027 659 2059 vel
688 2040 725 2061 ex
761 2028 829 2072 ipso
863 2025 1026 2060 extrahere

276 2088 338 2109 non
362 2076 451 2110 liceat
473 2077 517 2110 sic
548 2075 689 2110 babenti:
715 2077 743 2109 in
766 2075 914 2110 omnibus
938 2088 1027 2121 prae-

275 2126 379 2159 missis
403 2126 562 2160 missionis
596 2138 650 2160 seu
675 2126 875 2160 extractionis
901 2125 1027 2159 casibus

276 2176 354 2219 iure,
389 2175 654 2222 quandocumque
690 2176 751 2221 regi
782 2176 943 2222 competit,
974 2189 1028 2221 per

275 2225 379 2260 omnia
407 2237 532 2272 semper
560 2226 661 2259 salvo:
693 2226 768 2259 infra
799 2237 929 2272 regnum
955 2237 1026 2258 vero

275 2275 367 2309 etiam
404 2287 458 2321 per
492 2287 576 2309 mare
612 2275 702 2309 liceat
729 2275 857 2309 cuilibet
883 2275 1029 2309 ecclesia-

276 2325 383 2365 sticae,
417 2324 607 2358 saecularive
647 2337 797 2370 personae
834 2325 1024 2358 frumentum

277 2383 304 2408 et
334 2374 389 2407 alia
421 2374 528 2416 blada,
563 2386 620 2408 nec
656 2387 716 2408 non
746 2383 776 2408 et
804 2375 961 2421 legumina
989 2375 1026 2407 de.

278 2424 412 2470 propriis
445 2424 546 2466 ieri-is,
574 2424 748 2466 massariis,
777 2432 869 2471 atque
897 2423 1027 2458 redditi-

279 2473 338 2507 bus
373 2473 475 2507 liabita
511 2473 578 2507 sine
607 2473 672 2507 iure
699 2474 854 2515 exiturae,
889 2473 1027 2512 fundaci,

278 2534 333 2557 sen
362 2523 484 2557 duanae
508 2524 535 2556 in
560 2523 640 2561 loco,
667 2523 695 2555 in
719 2535 781 2569 quo
808 2523 950 2557 victualia
979 2535 1028 2556 re-

279 2571 435 2618 cipientur
462 2573 507 2606 vel
531 2572 742 2619 deponentur,
767 2572 966 2618 praestando,
990 2573 1026 2606 de

282 2633 344 2656 uno
377 2622 444 2657 loco
473 2622 604 2662 deferre,
632 2633 687 2656 seu
715 2621 815 2656 facere
848 2622 961 2657 deferri
989 2622 1025 2656 ad

1049 398 1121 434 ,rac
1151 397 1186 419 ac
1214 385 1338 419 fundavi
1368 398 1428 419 non
1458 386 1576 425 soluto,
1603 386 1656 419 scd
1688 386 1766 425 alio,
1794 388 1818 419 si

1070 434 1153 482 quod
1191 435 1254 480 regi
1282 434 1426 474 debetur,
1460 435 1632 469 dummodo
1659 435 1819 481 emptitio-

1072 497 1139 518 rum
1168 484 1283 518 delatio
1310 485 1348 517 de
1380 493 1468 530 portu
1503 484 1586 517 licito
1615 485 1652 517 ad
1684 485 1818 519 similem

1072 541 1207 580 portum,
1231 542 1258 567 et
1279 546 1349 566 cuin
1376 533 1475 567 barcis
1500 534 1605 578 paucis
1622 542 1749 568 centum
1773 547 1821 567 so-

1072 583 1231 616 lummodo
1266 583 1445 619 salmurum,
1475 582 1521 615 vel
1552 583 1627 616 infra
1658 583 1818 629 caputium

1071 640 1188 666 tantuin
1230 633 1298 666 liat:
1338 639 1367 665 et
1404 631 1578 665 deferentes
1615 645 1668 665 scu
1706 632 1817 666 deferri

1071 681 1219 716 facientes
1248 682 1418 728 praemissa
1449 682 1588 727 emptitia
1614 682 1687 715 dent
1721 683 1819 728 parti-

1070 732 1165 766 culari
1192 731 1356 778 portulano
1382 731 1452 772 loci,
1477 731 1505 764 in
1529 744 1591 777 qno
1611 731 1661 764 {ict
1682 733 1820 764 eucratio

1070 782 1265 820 eorumdem,
1287 780 1514 815 fideiussoriam
1531 781 1720 823 (unitionem,
1737 782 1818 827 quod

1071 831 1174 865 literas
1196 830 1421 865 testimoniales
1450 830 1488 864 de
1525 830 1664 876 ipsorum
1695 831 1821 864 victua—

1071 882 1144 914 lium
1173 889 1203 915 et
1226 881 1421 926 leguminum
1442 881 1665 914 exoneratione
1688 893 1702 913 a
1726 880 1818 914 simili

1071 931 1234 976 portulano
1272 930 1347 969 loci,
1387 930 1416 964 in
1450 942 1513 977 qno
1546 930 1727 964 exone-ratio
1756 930 1819 976 ipsa

1071 981 1134 1020 fiet,
1159 980 1293 1015 babeant
1327 979 1404 1013 infra
1428 989 1546 1014 certum
1573 980 1741 1013 terminum
1767 992 1821 1026 pro

1071 1030 1209 1064 locorum
1234 1030 1379 1064 distantia
1405 1029 1650 1076 praeligendum.
1676 1029 1714 1062 Et
1745 1029 1820 1063 baec

1069 1080 1172 1113 omnia
1203 1079 1412 1125 praecipimus
1435 1087 1587 1126 perpetuo
1615 1079 1784 1112 observari.

1117 1130 1136 1176 g
1169 1132 1220 1162 17.
1261 1129 1381 1162 Ausum
1421 1136 1527 1162 contra
1566 1128 1750 1174 naufragos,
1789 1138 1819 1162 nt

1070 1178 1179 1221 fertur,
1208 1179 1383 1216 inductum,
1407 1178 1435 1211 in
1459 1189 1497 1212 co
1519 1177 1602 1224 quod
1628 1178 1718 1218 bona,
1741 1190 1820 1225 quae

1071 1227 1266 1273 naufragium
1301 1227 1491 1263 evadebant,
1526 1227 1733 1273 capiebantur
1767 1240 1821 1273 per

1069 1278 1200 1318 curiam,
1228 1290 1284 1311 nec
1316 1277 1392 1323 ipsis
1417 1276 1574 1321 naufragis
1597 1276 1819 1315 reddebantur,

1069 1326 1209 1360 eiusdem
1236 1326 1423 1372 provisionis
1450 1325 1576 1360 oraculo
1605 1326 1728 1371 penitus
1750 1326 1818 1359 abo-

1070 1376 1181 1413 lemus,
1206 1377 1435 1423 praecipientes
1456 1375 1534 1409 bona
1556 1375 1736 1409 huiusmodi
1761 1375 1819 1409 illis

1069 1426 1203 1465 restitui,
1231 1426 1266 1459 ad
1291 1438 1368 1473 quos
1394 1434 1547 1472 spectant.

1116 1476 1135 1523 S
1169 1478 1219 1510 18.
1243 1475 1410 1517 Querelam
1433 1487 1557 1521 gravem
1582 1475 1744 1509 bominum
1769 1487 1818 1509 re-

1067 1526 1119 1571 gni
1148 1525 1289 1559 eiusdem
1319 1538 1413 1571 super
1440 1539 1477 1558 eo
1511 1524 1602 1559 nobis
1630 1525 1817 1567 exhibitam,

1067 1576 1150 1622 quod
1187 1576 1323 1610 curiales
1361 1575 1554 1622 stipendiarii
1591 1575 1666 1621 regii
1703 1583 1733 1608 et
1767 1575 1818 1608 alii

1070 1625 1203 1671 regalem
1232 1634 1402 1672 sequentes
1433 1625 1550 1659 curiam
1582 1625 1610 1658 in
1640 1624 1819 1658 civitatibus

1068 1683 1098 1709 et
1126 1676 1213 1718 locis,
1240 1675 1277 1709 ad
1305 1687 1384 1722 qnae
1419 1687 1490 1708 cuin
1520 1674 1603 1708 (licta
1639 1675 1725 1709 curia
1774 1675 1818 1707 vel

1068 1726 1146 1764 sine,
1171 1726 1255 1772 ipsos
1277 1725 1433 1759 declinare
1454 1725 1618 1770 contingit,
1647 1724 1757 1758 domos
1775 1724 1821 1756 ci-

1069 1776 1183 1813 vitatis,
1212 1788 1268 1809 seu
1297 1775 1437 1810 locorum
1465 1774 1649 1808 corumdem
1681 1787 1736 1821 pro
1763 1786 1820 1807 suo

1068 1825 1195 1859 arbitrio
1217 1825 1356 1859 dominis
1379 1823 1535 1858 intrabant
1560 1825 1675 1867 inritis,
1708 1831 1738 1857 et
1766 1824 1819 1856 in—

1069 1875 1194 1909 terdum
1217 1875 1338 1913 eiectis,
1356 1875 1465 1921 eisque.
1488 1874 1517 1907 in
1535 1874 1685 1911 altilibus,
1704 1874 1820 1906 anima-

1070 1925 1149 1959 libus
1171 1933 1201 1959 et
1222 1925 1291 1959 aliis
1314 1925 1403 1959 bonis
1425 1936 1546 1962 eorum,
1574 1932 1603 1958 et
1630 1923 1819 1970 quandoque

1069 1975 1181 2009 horum
1222 1976 1388 2009 occasione
1429 1974 1458 2006 in
1500 1974 1642 2020 personis
1682 1974 1818 2020 ipsorum

1068 2037 1177 2071 graves
1201 2025 1331 2058 iniurias
1355 2024 1542 2065 inferebant,
1571 2024 1675 2069 sopire
1697 2035 1821 2068 compe-

1069 2075 1165 2109 tentis
1186 2074 1374 2120 provisionis
1394 2073 1531 2107 remedio
1551 2074 1730 2119 cupientes;
1754 2085 1819 2116 pro-

1070 2125 1226 2164 bibemus,
1248 2136 1285 2157 ne
1307 2123 1422 2170 aliquis
1441 2123 1564 2157 curialis
1583 2122 1818 2169 stipendiarius,

1071 2175 1114 2208 vel
1139 2174 1217 2208 alius
1236 2174 1353 2208 curiam
1377 2185 1514 2219 sequens
1537 2181 1737 2206 memoratam
1762 2171 1818 2204 do-

1071 2237 1155 2258 mum
1181 2224 1225 2257 vel
1261 2224 1428 2269 hospitium
1452 2223 1577 2269 aliquod
1610 2234 1732 2268 capere,
1755 2221 1818 2254 sive

1071 2275 1185 2308 intrare
1203 2275 1325 2320 propria
1347 2273 1529 2307 auctoritate
1549 2279 1738 2318 praesumat,
1762 2270 1816 2305 sed

1071 2337 1125 2370 per
1147 2324 1237 2366 duos,
1261 2324 1305 2356 vel
1335 2332 1409 2361 tres,
1437 2330 1488 2356 aut
1517 2322 1633 2368 plnres,
1658 2329 1749 2367 prout
1772 2321 1817 2354 ci—

1071 2374 1170 2408 vitatis
1193 2382 1245 2406 aut
1267 2372 1325 2406 loci
1351 2371 1532 2418 magnitudo
1555 2371 1743 2417 poposcerit,
1765 2382 1818 2415 per

1070 2423 1213 2458 eamdem
1239 2424 1357 2456 curiam
1381 2430 1410 2454 et
1440 2421 1566 2455 totidem
1595 2420 1710 2454 electos
1732 2431 1746 2452 a
1771 2419 1818 2452 lo-

1070 2486 1177 2507 corum
1215 2472 1338 2513 incolis,
1374 2471 1557 2503 anctoritate
1592 2477 1695 2503 tamen
1734 2469 1816 2513 regia

1070 2521 1278 2568 deputandos,
1315 2520 1448 2566 hospitia
1477 2520 1655 2554 memoratis
1689 2519 1817 2552 curiali-

1071 2572 1147 2615 bns,
1187 2570 1398 2617 stipendiariis
1432 2578 1460 2602 et
1497 2569 1566 2603 abis
1605 2569 1814 2614 assignentur.

1071 2621 1167 2656 lidem
1192 2630 1295 2654 autem
1319 2618 1463 2662 curiales,
1492 2617 1685 2664 stipendiarii
1710 2627 1740 2652 et
1766 2618 1814 2650 alii

280 2672 387 2713 alium,
409 2685 423 2706 a
450 2684 520 2719 rege
546 2684 600 2706 seu
624 2672 691 2706 eins
718 2671 903 2706 officialibus
926 2657 1050 2706 licen-l
1070 2671 1152 2705 nulla
1193 2670 1270 2704 bona
1311 2681 1440 2704 suorum
1483 2669 1638 2715 hospitum
1682 2668 1816 2715 capiant,

1900 278 2013 304 012⁵<ss

1854 1136 2000 1157 Naulrazorum

1835 1169 1889 1188 bona
1901 1171 2019 1188 restituen-

1844 1483 1889 1510 Qua
1903 1484 1949 1508 loge
1966 1488 2018 1507 regn

1832 1515 1923 1541 stipemi.
1944 1513 2017 1539 hospi-

1833 1547 1861 1566 tia
1892 1546 1933 1565 sint
1957 1544 2017 1564 tiabi-

1833 1577 1880 1596 iuri.
