2274 3265
81 284 134 310 Arii
143 283 171 310 C.
194 282 259 309 ¹29st

882 279 963 301 com
967 279 1093 302 ESTtNts
1116 281 1132 301 V
1158 280 1203 301 ΡΡ.

92 344 198 370 hemma
236 337 497 371 aimonasterium
525 336 559 371 S.
593 335 729 383 Spiritus
751 335 788 370 de
819 335 969 370 Sulmona
993 343 1023 369 ct

99 382 132 395 n1n
136 382 183 395 um1
202 381 229 395 tsi
221 376 262 395 <1-11

78 411 148 427 tuone
166 382 201 432 pri-v
215 412 246 426 mo

93 437 260 488 3511101155011-

77 474 101 490 r1
107 476 129 490 us
121 471 166 489 de
177 469 196 488 S1
199 470 232 489 ι1ιιι

78 509 102 522 rav
106 505 155 525 ,⁹et
160 509 189 522 ιιις
199 508 261 522 111rn1-

78 534 126 554 bris.

250 385 332 421 alia
349 387 549 430 monasteria,
571 386 732 424 ecclesias
745 385 911 431 prioratus
927 397 1024 419 mem-

275 436 328 471 bra
351 444 381 470 et
402 436 459 471 alia
489 436 592 471 omnia
624 435 689 470 loca
722 435 805 469 dicto
833 435 1023 469 monasterio

236 476 307 520 S.
343 485 480 533 Spiritus
513 486 650 520 subiecta
692 484 883 531 ubicumque
917 484 1023 518 consi-

273 535 397 575 stentia,
424 535 525 570 eidem
549 535 650 569 ordini
687 535 880 580 incorporata
904 533 980 568 v'el
975 546 1024 568 ιι]-

273 585 497 632 coi-'poranda
491 598 519 619 ιιι
549 593 721 632 posterum,
743 595 917 630 eorumque
951 596 1023 631 per-

273 647 365 670 sonas
391 635 430 670 ab
457 635 540 669 omni
565 646 693 681 prorsus
715 633 942 676 iurisdictione,
966 645 1023 680 po—

274 692 382 719 testate
414 696 450 719 ac
481 683 621 719 dominio
648 683 959 737 archiepiscopo1um
993 691 1022 717 et

272 735 495 782 episcoporum
537 741 566 768 et
602 733 751 768 abbatum
792 745 956 776 omnium,
993 732 1020 766 in

273 796 404 839 quorum
428 782 605 818 civitatibus
626 791 656 817 et
677 782 875 818 dioecesibus
902 794 937 817 ac
957 794 1022 837 p1o·

273 833 382 868 vinciis
403 832 452 867 illa
481 833 659 867 consistunt
685 841 714 867 et
735 832 907 867 consistent
929 833 1021 866 etiam

273 883 302 917 in
326 883 483 922 futurum,
516 895 551 917 ac
577 882 709 917 aliorum
733 881 946 929 quorumlibet
968 894 1022 916 or-

272 932 477 973 dinariorum,
501 932 709 980 praelatorum
737 942 766 966 et
794 932 1021 979 capitulorum,

271 994 327 1017 seu
349 990 574 1022 conventuum,
603 981 865 1016 monasteriorum
894 989 924 1015 et
954 981 1021 1015 Ec-

271 1031 435 1066 clesiarum
480 1040 509 1066 et
550 1043 753 1078 personarum
793 1030 1021 1078 quarumlibet,

272 1093 400 1128 prorsus
427 1081 597 1116 eximimus
619 1089 649 1115 et
671 1081 762 1116 etiam
787 1080 969 1121 liberamus,
992 1089 1022 1115 et

270 1143 305 1165 ea
337 1131 443 1166 omnia
479 1139 507 1166 et
543 1131 668 1177 singula
699 1131 795 1165 libera
823 1139 852 1165 et
878 1138 1021 1177 exempta

272 1180 417 1216 volumus
452 1189 604 1228 perpetuo
646 1181 782 1215 totaliter
823 1191 1020 1227 permanere.

270 1230 517 1277 Exemptionum
549 1230 671 1277 gratiis,
699 1230 729 1264 in
758 1229 819 1264 illis
841 1241 879 1263 ex
912 1229 1021 1263 vestris

272 1280 482 1319 monasteriis,
509 1291 588 1326 quae
613 1280 699 1326 prius
726 1291 780 1326 per
802 1278 917 1313 Sedem
941 1279 1020 1326 Apo-

270 1329 412 1365 stolicam
435 1336 578 1376 exempta
608 1330 742 1372 fuerant,
770 1329 799 1362 in
827 1340 885 1362 suo
909 1327 1021 1363 robore

271 1378 479 1414 nihilominus
515 1378 684 1414 duraturis.
713 1378 782 1413 Non
818 1378 961 1413 obstante
995 1378 1020 1412 si

272 1429 470 1469 monasteria,
495 1428 668 1476 prioratus,
691 1427 857 1472 ecclesiae,
881 1426 1021 1462 membra

271 1486 300 1512 et
321 1478 381 1513 alia
404 1479 470 1514 loca
493 1478 628 1525 praefata
651 1478 847 1512 dioecesanis
862 1478 1022 1524 episcopis

272 1527 317 1562 vel
345 1528 413 1563 aliis
448 1528 590 1575 personis
616 1528 653 1562 ad
689 1540 804 1563 census
830 1527 950 1574 aliquos
978 1535 1022 1561 te-

272 1587 415 1619 neantur,
432 1578 478 1613 vel
493 1577 705 1625 reperirentur
727 1577 853 1612 forsitan
876 1589 944 1612 esse
963 1577 1022 1611 ali-

270 1627 416 1675 quibus
409 1640 439 1662 1n
463 1627 569 1675 aliquo
591 1627 737 1674 obligata.
766 1627 805 1661 Et
832 1627 862 1661 in
882 1639 919 1661 eo
937 1639 1023 1674 prae-

270 1689 374 1732 cipue,
401 1677 484 1724 quod
504 1677 614 1712 fratres
641 1678 670 1711 d.
695 1676 842 1712 ordinis
836 1689 865 1711 1n
889 1676 922 1711 S.
946 1676 1022 1724 Spi-

271 1727 350 1762 ritus
376 1727 415 1763 de
437 1726 560 1762 Maiella
589 1735 619 1762 et
652 1727 685 1762 S.
714 1726 851 1774 Spiritus
882 1726 921 1761 de
947 1726 1022 1761 Sul—

271 1789 364 1812 mona
386 1777 648 1812 monasteriorum
676 1776 886 1812 conventibus
907 1777 1023 1811 cousti-

271 1827 326 1862 tuti
355 1826 584 1863 submissiones
621 1823 774 1874 quasdam
802 1827 922 1862 dilectis
950 1826 1022 1861 filiis

269 1878 406 1926 capitulo
440 1877 585 1913 basilicae
606 1878 764 1925 Principis
796 1877 1019 1925 Apostolorum

270 1927 309 1963 de
330 1928 428 1969 Urbe,
462 1929 500 1964 de
535 1928 613 1963 facto
649 1929 714 1963 sive
744 1929 783 1964 de
810 1930 875 1964 iure
911 1928 1021 1964 fecisse

270 1979 440 2019 dicuntur,
476 1991 553 2026 quas
587 1978 818 2015 submissiones
852 1979 912 2014 sub
939 1992 1021 2027 qua-

271 2041 408 2076 cumque
448 2029 612 2064 verborum
654 2030 858 2065 concessione
887 2029 931 2065 vel
966 2043 1021 2064 ex-

270 2080 433 2126 pressione
455 2080 630 2120 confectas,
662 2092 784 2114 necnon
814 2088 844 2115 et
868 2078 1021 2128 praefatos

270 2141 385 2164 census
408 2128 445 2164 de
474 2129 670 2176 plenitudine
697 2130 858 2177 potestatis
888 2142 1019 2165 enerva-

271 2191 353 2223 mus,
381 2191 560 2224 cassamus,
589 2187 747 2215 irritamus
775 2193 905 2215 omnino
928 2188 956 2215 et
982 2194 1022 2214 vi-

270 2228 358 2263 ribus
393 2241 498 2264 carere
532 2230 753 2271 decernimus,
781 2239 810 2265 et
839 2231 956 2265 nullius
983 2243 1018 2265 cx

270 2291 356 2313 nunc
383 2279 514 2314 existere
542 2280 712 2320 firmitatis,
742 2281 781 2314 ita
811 2280 897 2327 quod
932 2293 1021 2327 prae-

272 2336 355 2362 textu
389 2328 570 2363 earumdem
606 2330 853 2364 submissionum
882 2342 917 2364 ac
945 2343 1021 2365 ceu—

270 2391 361 2413 suum
385 2378 573 2425 aliquorum,
597 2387 640 2419 tu,
658 2380 700 2413 fili
718 2388 802 2426 pater
824 2380 930 2421 abbas,
958 2381 1019 2414 tui-

270 2441 332 2475 que
367 2440 567 2463 successores
589 2438 618 2463 et
646 2429 774 2471 fratres,
802 2442 837 2464 ac
867 2442 1019 2477 personae

272 2478 534 2513 monasteriorum
569 2487 598 2512 et
633 2478 772 2513 locorum
801 2480 931 2514 aliorum
962 2493 1019 2514 ve-

271 2535 406 2563 strorum
443 2527 691 2575 praedictorum,
731 2541 746 2563 a
789 2541 947 2577 quoquam
982 2530 1020 2564 de

271 2586 392 2613 caetero
428 2586 585 2626 nequeant
620 2579 790 2618 molestari,
827 2591 941 2627 vosque
966 2592 1017 2615 ve-

271 2635 415 2674 strosque
446 2640 659 2671 successoreS,
694 2640 728 2663 ac
765 2637 951 2664 monasteria
988 2637 1016 2664 et

271 2677 337 2712 loca
360 2677 388 2712 in
412 2686 598 2726 perpetuum
633 2678 778 2713 nolumus
801 2678 968 2714 molestari.

1697 271 1705 301 l
1722 270 1761 301 17

1115 338 1174 379 Q*
1158 351 1188 369 ..j
1213 335 1251 369 lit
1286 336 1356 382 quia
1385 337 1464 371 inter
1496 336 1553 371 alia
1569 350 1660 393 quae
1690 338 1811 373 immu-

1066 384 1177 419 nitates
1213 385 1362 432 sapiunt,
1401 385 1440 420 de
1473 387 1652 442 praecipuis
1687 379 1838 423 casibus?

1064 434 1251 469 arbitramur
1278 434 1338 469 boc
1364 446 1433 470 esse
1468 437 1696 478 necessarium,
1720 445 1752 472 ut
1773 437 1812 472 de

1065 483 1289 519 substitutione
1311 484 1408 519 futuri
1436 485 1569 526 abbatis,
1597 486 1663 532 tibi,
1689 465 1733 521 lili
1756 487 1813 522 ab·

1066 533 1120 568 bas
1150 532 1184 568 S.
1207 533 1368 581 Spiritus,
1398 547 1492 581 quem
1518 543 1636 582 patrem
1669 536 1811 573 abbatem

1064 583 1196 618 caeteris
1223 583 1285 618 tuis
1319 583 1525 619 coabbatibus
1556 593 1586 620 et
1617 587 1762 632 praelatis
1783 595 1813 621 et

1065 633 1213 668 fratribus
1242 633 1296 668 tibi
1338 633 1488 669 subiectis
1532 635 1752 681 praesentibus
1784 645 1813 671 et

1065 682 1178 717 futuris
1218 691 1369 730 perpetuo
1407 683 1605 728 stabilimus,
1645 686 1811 733 praecipue

1064 733 1262 774 ordinamus,
1296 740 1326 767 et
1354 734 1507 779 praesenti
1544 734 1670 769 decreto
1705 736 1813 770 statui-

1065 795 1147 824 mus,
1174 783 1263 817 annis
1285 783 1418 829 siugulis
1443 783 1474 817 in
1499 783 1605 818 maiori
1631 792 1732 818 vestro
1747 798 1814 819 mo-

1064 832 1199 867 nasterio
1227 832 1273 867 vel
1304 832 1333 866 in
1363 832 1424 867 alio
1451 833 1518 867 loco
1551 834 1644 868 vestri
1676 834 1812 874 ordinis,

1064 882 1115 917 ubi
1151 881 1239 917 vobis
1274 881 1446 929 expediens
1477 883 1579 918 visum
1619 882 1726 924 fuerit,
1764 884 1813 919 liat

1064 931 1234 979 capitulum
1258 931 1415 978 generale,
1443 932 1495 966 ubi
1523 932 1615 967 vestri
1642 933 1765 968 ordinis
1783 942 1813 969 et

1063 981 1221 1022 locorum,
1253 982 1427 1016 secundum
1456 982 1492 1016 B.
1520 982 1686 1018 Benedicti
1720 996 1814 1031 regu-

1064 1031 1136 1071 lam,
1159 1031 1237 1066 sacta
1260 1039 1443 1066 tractentur.
1478 1031 1697 1068 praesidentes
1720 1035 1812 1069 vestri

1063 1080 1210 1127 capitulis
1219 1080 1417 1116 celebrandis
1425 1089 1454 1116 et
1467 1081 1640 1118 visitatores
1655 1083 1814 1125 vestri‚lo-

1063 1142 1236 1178 corumque
1251 1139 1424 1166 vestrorum
1450 1132 1679 1167 constituantur
1699 1133 1728 1168 in
1748 1133 1813 1174 itlo,

1063 1182 1239 1215 secundum
1275 1181 1367 1216 vestri
1408 1180 1528 1215 ordinis
1563 1181 1716 1217 instituta.
1754 1182 1812 1218 Ubi

1063 1229 1209 1264 volumus
1236 1237 1266 1264 et
1287 1230 1428 1265 districte
1463 1230 1673 1278 praecipimus
1706 1232 1815 1267 obser-

1065 1279 1143 1323 vari,
1170 1279 1255 1326 quod
1281 1288 1368 1326 pater
1389 1279 1487 1314 abbas
1513 1280 1649 1327 singulis
1673 1281 1815 1316 trienniis

1063 1329 1094 1363 in
1116 1329 1253 1375 generali
1279 1329 1416 1377 capitulo
1449 1337 1563 1376 sponte
1593 1342 1682 1365 suam
1706 1330 1814 1366 offerat

1063 1386 1093 1413 et
1114 1378 1261 1413 exhibeat
1290 1379 1478 1414 cessionem.
1514 1380 1580 1414 Nisi
1604 1379 1682 1415 forte
1710 1380 1814 1416 dictus

1064 1435 1151 1474 pater
1172 1428 1270 1464 abbas
1305 1437 1378 1464 ante
1406 1437 1533 1476 tempus
1561 1429 1747 1464 huiusmodi
1783 1431 1812 1466 in

1063 1477 1166 1525 aliqua
1195 1478 1235 1513 de
1263 1478 1461 1525 gravioribus
1482 1479 1586 1526 culpis
1607 1491 1624 1514 a
1646 1479 1815 1515 visitatori-

1064 1527 1124 1562 bus
1147 1527 1193 1562 vel
1216 1527 1289 1563 alias
1320 1528 1458 1575 legitime
1490 1528 1709 1576 deprehensus
1727 1542 1814 1566 amo-

1064 1577 1182 1612 tionem
1207 1577 1237 1612 in
1255 1578 1340 1613 dicto
1362 1578 1500 1626 capitulo
1524 1587 1692 1614 mereatur.
1720 1579 1813 1622 Quod

1063 1628 1087 1661 si
1118 1627 1201 1662 idem
1234 1637 1321 1675 pater
1354 1628 1467 1673 abbas,
1503 1628 1550 1663 vel
1582 1629 1728 1674 cesserit,
1761 1639 1813 1666 aut

1063 1686 1187 1711 amotus
1213 1677 1363 1718 extiterit,
1391 1678 1472 1714 idem
1497 1679 1668 1726 capitulum
1696 1680 1813 1725 statim,

1063 1735 1093 1761 et
1127 1727 1246 1774 absque
1275 1728 1424 1775 temporis
1453 1728 1616 1764 intervallo
1645 1728 1682 1764 ad
1719 1731 1814 1777 patris

1063 1776 1184 1812 abbatis
1206 1777 1464 1813 substitutionem
1497 1778 1645 1825 procedat
1672 1787 1703 1813 et
1730 1780 1813 1815 iuxta

1063 1826 1194 1862 formam
1224 1827 1253 1862 in
1283 1828 1391 1875 legula
1420 1828 1564 1864 traditam
1588 1828 1712 1864 debitos
1738 1841 1814 1864 con-

1063 1878 1171 1913 stituat
1194 1878 1358 1914 electores.
1382 1879 1444 1922 Qui
1468 1879 1527 1914 sub
1550 1879 1690 1914 conclavi
1706 1881 1812 1928 positi,

1062 1938 1229 1976 antequam
1258 1930 1365 1966 cibum
1394 1938 1424 1965 et
1452 1939 1559 1977 potum
1597 1938 1743 1971 sumant,
1775 1931 1814 1966 de

1063 1980 1174 2015 abbate
1197 1980 1330 2015 cedente
1365 1981 1406 2024 <si
1433 1993 1507 2015 eum
1533 1980 1639 2016 utilem
1667 1993 1736 2016 esse
1758 1994 1814 2029 pu-

1063 2031 1221 2075 taverint),
1255 2031 1300 2066 vel
1337 2030 1376 2065 de
1400 2031 1457 2066 alia
1491 2043 1623 2078 persona
1651 2039 1813 2066 monaste-

1063 2081 1181 2115 riorum
1218 2089 1247 2116 et
1281 2081 1420 2116 locorum
1455 2089 1629 2115 vestrorum
1659 2093 1713 2128 per
1746 2081 1813 2115 ele-

1063 2130 1199 2165 ctionem
1223 2131 1409 2165 canonicam
1438 2130 1598 2177 praedicto
1623 2131 1812 2166 monasterio

1062 2180 1095 2215 8.
1125 2180 1262 2228 Spiritus
1298 2179 1481 2227 provideant
1519 2180 1558 2215 de
1591 2180 1712 2215 abbate.
1749 2180 1810 2223 Qui

1062 2230 1190 2277 quidem
1218 2231 1327 2270 abbas,
1356 2230 1440 2264 nulla
1468 2243 1562 2277 super
1590 2230 1650 2264 hoc
1678 2242 1695 2264 a
1729 2230 1812 2265 Sede

1063 2280 1243 2327 Apostolica
1278 2280 1515 2315 confirmatione
1546 2280 1641 2327 petita
1670 2278 1716 2313 vel
1753 2279 1811 2314 ob-

1063 2338 1165 2375 tenta,
1192 2343 1229 2365 eo
1253 2331 1322 2378 ipso
1349 2342 1423 2365 suae
1450 2328 1731 2364 administrationis
1764 2330 1812 2364 of-

1062 2380 1166 2415 ficium
1196 2380 1325 2424 habeat,
1363 2387 1394 2414 et
1430 2379 1506 2414 illud
1536 2387 1694 2427 tamquam
1725 2387 1812 2425 pater

1061 2429 1181 2474 abbas,
1221 2438 1312 2477 prout
1351 2430 1388 2464 ad
1428 2441 1501 2464 eum
1543 2429 1686 2476 pertinet,
1713 2428 1810 2463 libere

1062 2488 1245 2528 exequattu

1110 2531 1130 2577 Q
1158 2533 1188 2564 4.
1219 2529 1263 2564 Ac
1299 2528 1382 2564 idem
1417 2529 1553 2572 electus,
1590 2528 1614 2563 si
1645 2527 1720 2563 alias
1748 2540 1808 2562 nou

1061 2579 1197 2614 extiteiit
1232 2579 1435 2622 benedictus,
1470 2577 1702 2613 benedictionis
1733 2590 1809 2613 suae

1063 2642 1179 2664 munus
1208 2642 1223 2663 a
1251 2640 1453 2675 quocumque
1488 2628 1634 2663 maluerit
1656 2627 1808 2663 catholico

1061 2680 1224 2726 episcopo,
1246 2679 1375 2723 gratiam
1398 2686 1428 2712 et
1450 2678 1706 2713 communionem
1721 2678 1809 2725 Apo-

1830 281 1876 306 λη.
1893 280 1910 305 Γ,
1942 280 2008 306 129'1

1839 341 1887 361 feet
1891 342 1958 361 braun
1974 348 2010 360 τιἶ

1827 372 1886 399 pituli
1905 372 2008 397 generali·

1827 407 1847 423 σι
1871 404 1948 423 ⁹loctio
1973 403 2010 422 ah-

1828 435 1880 454 batis

1838 2544 1922 2565 Abbatis
1940 2544 2004 2565 bone-

1825 2576 1897 2596 dictio.
