<?xml version="1.0" encoding="UTF-8"?>
<!DOCTYPE html PUBLIC "-//W3C//DTD XHTML 1.0 Transitional//EN"
    "http://www.w3.org/TR/xhtml1/DTD/xhtml1-transitional.dtd">
<html xmlns="http://www.w3.org/1999/xhtml" xml:lang="en" lang="en">
 <head>
  <title>
</title>
<meta http-equiv="Content-Type" content="text/html;charset=utf-8" />
  <meta name='ocr-system' content='tesseract 3.04.00' />
  <meta name='ocr-capabilities' content='ocr_page ocr_carea ocr_par ocr_line ocrx_word'/>
</head>
<body>
  <div class='ocr_page' id='page_1' title='image "./bullarumdiplomat04cath_0646.png"; bbox 0 0 2274 3265; ppageno 0'>
   <div class='ocr_carea' id='block_1_1' title="bbox 227 278 404 304">
    <p class='ocr_par' dir='ltr' id='par_1_1' title="bbox 227 278 404 304">
     <span class='ocr_line' id='line_1_1' title="bbox 227 278 404 304; baseline 0 -1"><span class='ocrx_word' id='word_1_1' title='bbox 227 279 273 303; x_wconf 66' lang='lat' dir='ltr'>An.</span> <span class='ocrx_word' id='word_1_2' title='bbox 294 278 312 302; x_wconf 77' lang='lat' dir='ltr'>C</span> <span class='ocrx_word' id='word_1_3' title='bbox 338 279 404 304; x_wconf 66' lang='lat' dir='ltr'>ttuti</span> 
     </span>
    </p>
   </div>
   <div class='ocr_carea' id='block_1_2' title="bbox 218 1419 391 1471">
    <p class='ocr_par' dir='ltr' id='par_1_2' title="bbox 218 1419 391 1471">
     <span class='ocr_line' id='line_1_2' title="bbox 232 1419 391 1439; baseline -0.007 0"><span class='ocrx_word' id='word_1_4' title='bbox 232 1420 258 1439; x_wconf 79' lang='lat' dir='ltr'>Dc</span> <span class='ocrx_word' id='word_1_5' title='bbox 276 1420 345 1439; x_wconf 68' lang='lat' dir='ltr'>habitu</span> <span class='ocrx_word' id='word_1_6' title='bbox 362 1419 391 1439; x_wconf 78' lang='lat' dir='ltr'>fta</span> 
     </span>
     <span class='ocr_line' id='line_1_3' title="bbox 218 1454 387 1471; baseline 0.006 -2"><span class='ocrx_word' id='word_1_7' title='bbox 218 1454 270 1471; x_wconf 89' lang='lat' dir='ltr'>trum</span> <span class='ocrx_word' id='word_1_8' title='bbox 295 1454 314 1471; x_wconf 80' lang='lat' dir='ltr'>et</span> <span class='ocrx_word' id='word_1_9' title='bbox 339 1457 387 1471; x_wconf 68' lang='lat' dir='ltr'>§orn</span> 
     </span>
    </p>
   </div>
   <div class='ocr_carea' id='block_1_3' title="bbox 223 2254 405 2311">
    <p class='ocr_par' dir='ltr' id='par_1_3' title="bbox 223 2254 405 2311">
     <span class='ocr_line' id='line_1_4' title="bbox 236 2254 368 2274; baseline -0.008 0"><span class='ocrx_word' id='word_1_10' title='bbox 236 2254 262 2274; x_wconf 74' lang='lat' dir='ltr'>De</span> <span class='ocrx_word' id='word_1_11' title='bbox 275 2256 333 2274; x_wconf 70' lang='lat' dir='ltr'>modo</span> <span class='ocrx_word' id='word_1_12' title='bbox 348 2261 368 2274; x_wconf 62' lang='lat' dir='ltr'>rr</span> 
     </span>
     <span class='ocr_line' id='line_1_5' title="bbox 223 2285 405 2311; baseline 0 -6"><span class='ocrx_word' id='word_1_13' title='bbox 223 2287 292 2311; x_wconf 73' lang='lat' dir='ltr'>piendi</span> <span class='ocrx_word' id='word_1_14' title='bbox 311 2287 330 2305; x_wconf 86' lang='lat' dir='ltr'>in</span> <span class='ocrx_word' id='word_1_15' title='bbox 346 2285 405 2305; x_wconf 71' lang='lat' dir='ltr'>oidi-</span> 
     </span>
    </p>
   </div>
   <div class='ocr_carea' id='block_1_4' title="bbox 413 268 1167 1258">
    <p class='ocr_par' dir='ltr' id='par_1_4' title="bbox 413 268 1167 1258">
     <span class='ocr_line' id='line_1_6' title="bbox 466 268 536 299; baseline 0 0"><span class='ocrx_word' id='word_1_16' title='bbox 466 268 536 299; x_wconf 82' lang='lat'>658</span> 
     </span>
     <span class='ocr_line' id='line_1_7' title="bbox 421 328 1167 373; baseline -0.008 -6"><span class='ocrx_word' id='word_1_17' title='bbox 421 334 450 367; x_wconf 93' lang='lat' dir='ltr'>in</span> <span class='ocrx_word' id='word_1_18' title='bbox 471 331 607 365; x_wconf 87' lang='lat' dir='ltr'>Domino</span> <span class='ocrx_word' id='word_1_19' title='bbox 642 330 743 373; x_wconf 84' lang='lat' dir='ltr'>lilius,</span> <span class='ocrx_word' id='word_1_20' title='bbox 766 330 802 362; x_wconf 80' lang='lat' dir='ltr'>sit</span> <span class='ocrx_word' id='word_1_21' title='bbox 834 329 971 363; x_wconf 76' lang='lat' dir='ltr'>veritatis</span> <span class='ocrx_word' id='word_1_22' title='bbox 994 328 1167 362; x_wconf 79' lang='lat' dir='ltr'>catholicae</span> 
     </span>
     <span class='ocr_line' id='line_1_8' title="bbox 420 377 1165 422; baseline -0.007 -7"><span class='ocrx_word' id='word_1_23' title='bbox 420 381 503 422; x_wconf 76' lang='lat' dir='ltr'>fidei,</span> <span class='ocrx_word' id='word_1_24' title='bbox 528 381 610 413; x_wconf 85' lang='lat' dir='ltr'>iuxta</span> <span class='ocrx_word' id='word_1_25' title='bbox 633 391 723 413; x_wconf 92' lang='lat' dir='ltr'>suum</span> <span class='ocrx_word' id='word_1_26' title='bbox 750 377 927 419; x_wconf 84' lang='lat' dir='ltr'>modulum,</span> <span class='ocrx_word' id='word_1_27' title='bbox 943 377 1118 411; x_wconf 73' lang='lat' dir='ltr'>aemulator</span> <span class='ocrx_word' id='word_1_28' title='bbox 1137 385 1165 410; x_wconf 74' lang='lat' dir='ltr'>et</span> 
     </span>
     <span class='ocr_line' id='line_1_9' title="bbox 418 426 1165 474; baseline -0.007 -10"><span class='ocrx_word' id='word_1_29' title='bbox 418 430 532 464; x_wconf 79' lang='lat' dir='ltr'>zelator</span> <span class='ocrx_word' id='word_1_30' title='bbox 555 429 753 474; x_wconf 75' lang='lat' dir='ltr'>praecipuus.</span> <span class='ocrx_word' id='word_1_31' title='bbox 783 426 843 468; x_wconf 85' lang='lat' dir='ltr'>Qui</span> <span class='ocrx_word' id='word_1_32' title='bbox 867 426 974 468; x_wconf 86' lang='lat' dir='ltr'>etiam,</span> <span class='ocrx_word' id='word_1_33' title='bbox 997 434 1165 472; x_wconf 74' lang='lat' dir='ltr'>antequam</span> 
     </span>
     <span class='ocr_line' id='line_1_10' title="bbox 419 474 1165 521; baseline -0.007 -8"><span class='ocrx_word' id='word_1_34' title='bbox 419 478 556 513; x_wconf 88' lang='lat' dir='ltr'>habitum</span> <span class='ocrx_word' id='word_1_35' title='bbox 583 477 674 510; x_wconf 88' lang='lat' dir='ltr'>huius</span> <span class='ocrx_word' id='word_1_36' title='bbox 702 475 862 521; x_wconf 69' lang='lat' dir='ltr'>religionis</span> <span class='ocrx_word' id='word_1_37' title='bbox 885 475 1025 520; x_wconf 85' lang='lat' dir='ltr'>recipiat,</span> <span class='ocrx_word' id='word_1_38' title='bbox 1039 474 1076 507; x_wconf 90' lang='lat' dir='ltr'>de</span> <span class='ocrx_word' id='word_1_39' title='bbox 1091 474 1165 509; x_wconf 86' lang='lat' dir='ltr'>alie-</span> 
     </span>
     <span class='ocr_line' id='line_1_11' title="bbox 418 523 1165 572; baseline -0.007 -11"><span class='ocrx_word' id='word_1_40' title='bbox 418 528 466 561; x_wconf 92' lang='lat' dir='ltr'>nis</span> <span class='ocrx_word' id='word_1_41' title='bbox 481 527 522 570; x_wconf 90' lang='lat' dir='ltr'>(si</span> <span class='ocrx_word' id='word_1_42' title='bbox 539 538 599 572; x_wconf 84' lang='lat' dir='ltr'>qua</span> <span class='ocrx_word' id='word_1_43' title='bbox 618 523 955 567; x_wconf 79' lang='lat' dir='ltr'>habuerit)satisfaciat</span> <span class='ocrx_word' id='word_1_44' title='bbox 969 524 1006 557; x_wconf 92' lang='lat' dir='ltr'>ad</span> <span class='ocrx_word' id='word_1_45' title='bbox 1025 523 1165 569; x_wconf 73' lang='lat' dir='ltr'>plenum,</span> 
     </span>
     <span class='ocr_line' id='line_1_12' title="bbox 417 573 1165 622; baseline -0.009 -11"><span class='ocrx_word' id='word_1_46' title='bbox 417 584 446 611; x_wconf 82' lang='lat' dir='ltr'>et</span> <span class='ocrx_word' id='word_1_47' title='bbox 470 574 620 622; x_wconf 78' lang='lat' dir='ltr'>proximis</span> <span class='ocrx_word' id='word_1_48' title='bbox 649 573 858 612; x_wconf 80' lang='lat' dir='ltr'>reconciliari,</span> <span class='ocrx_word' id='word_1_49' title='bbox 880 584 1001 606; x_wconf 81' lang='lat' dir='ltr'>necnon</span> <span class='ocrx_word' id='word_1_50' title='bbox 1022 579 1052 605; x_wconf 88' lang='lat' dir='ltr'>et</span> <span class='ocrx_word' id='word_1_51' title='bbox 1075 583 1165 618; x_wconf 87' lang='lat' dir='ltr'>para-</span> 
     </span>
     <span class='ocr_line' id='line_1_13' title="bbox 417 623 1163 659; baseline -0.008 0"><span class='ocrx_word' id='word_1_52' title='bbox 417 634 482 659; x_wconf 90' lang='lat' dir='ltr'>tum</span> <span class='ocrx_word' id='word_1_53' title='bbox 516 624 582 658; x_wconf 86' lang='lat' dir='ltr'>sive</span> <span class='ocrx_word' id='word_1_54' title='bbox 614 623 775 657; x_wconf 87' lang='lat' dir='ltr'>conditum</span> <span class='ocrx_word' id='word_1_55' title='bbox 813 635 904 656; x_wconf 90' lang='lat' dir='ltr'>suum</span> <span class='ocrx_word' id='word_1_56' title='bbox 941 628 1163 655; x_wconf 86' lang='lat' dir='ltr'>testamentum</span> 
     </span>
     <span class='ocr_line' id='line_1_14' title="bbox 418 668 1164 711; baseline -0.008 -3"><span class='ocrx_word' id='word_1_57' title='bbox 418 684 524 708; x_wconf 73' lang='lat' dir='ltr'>tenere</span> <span class='ocrx_word' id='word_1_58' title='bbox 557 672 693 711; x_wconf 82' lang='lat' dir='ltr'>studeat,</span> <span class='ocrx_word' id='word_1_59' title='bbox 718 673 802 707; x_wconf 76' lang='lat' dir='ltr'>iuxta</span> <span class='ocrx_word' id='word_1_60' title='bbox 831 670 996 705; x_wconf 86' lang='lat' dir='ltr'>consilium</span> <span class='ocrx_word' id='word_1_61' title='bbox 1020 678 1050 704; x_wconf 84' lang='lat' dir='ltr'>ct</span> <span class='ocrx_word' id='word_1_62' title='bbox 1072 668 1164 704; x_wconf 88' lang='lat' dir='ltr'>ordi—</span> 
     </span>
     <span class='ocr_line' id='line_1_15' title="bbox 417 718 1163 760; baseline -0.007 -3"><span class='ocrx_word' id='word_1_63' title='bbox 417 724 574 758; x_wconf 86' lang='lat' dir='ltr'>nationem</span> <span class='ocrx_word' id='word_1_64' title='bbox 610 721 801 756; x_wconf 89' lang='lat' dir='ltr'>confessoris</span> <span class='ocrx_word' id='word_1_65' title='bbox 836 720 973 760; x_wconf 76' lang='lat' dir='ltr'>discreti3</span> <span class='ocrx_word' id='word_1_66' title='bbox 996 726 1026 753; x_wconf 86' lang='lat' dir='ltr'>et</span> <span class='ocrx_word' id='word_1_67' title='bbox 1054 718 1163 753; x_wconf 84' lang='lat' dir='ltr'>cadem</span> 
     </span>
     <span class='ocr_line' id='line_1_16' title="bbox 416 769 1161 814; baseline -0.007 -8"><span class='ocrx_word' id='word_1_68' title='bbox 416 772 608 806; x_wconf 75' lang='lat' dir='ltr'>examinatio</span> <span class='ocrx_word' id='word_1_69' title='bbox 637 772 687 805; x_wconf 88' lang='lat' dir='ltr'>liat</span> <span class='ocrx_word' id='word_1_70' title='bbox 710 771 747 805; x_wconf 79' lang='lat' dir='ltr'>de</span> <span class='ocrx_word' id='word_1_71' title='bbox 773 769 959 804; x_wconf 83' lang='lat' dir='ltr'>mulieribus</span> <span class='ocrx_word' id='word_1_72' title='bbox 983 769 1161 814; x_wconf 82' lang='lat' dir='ltr'>ingressum</span> 
     </span>
     <span class='ocr_line' id='line_1_17' title="bbox 417 817 1164 866; baseline -0.005 -11"><span class='ocrx_word' id='word_1_73' title='bbox 417 822 510 855; x_wconf 92' lang='lat' dir='ltr'>huius</span> <span class='ocrx_word' id='word_1_74' title='bbox 532 820 662 855; x_wconf 80' lang='lat' dir='ltr'>Ordinis</span> <span class='ocrx_word' id='word_1_75' title='bbox 686 818 883 866; x_wconf 77' lang='lat' dir='ltr'>petentibus:</span> <span class='ocrx_word' id='word_1_76' title='bbox 909 817 1097 852; x_wconf 74' lang='lat' dir='ltr'>habentibus</span> <span class='ocrx_word' id='word_1_77' title='bbox 1118 825 1164 851; x_wconf 87' lang='lat' dir='ltr'>ta-</span> 
     </span>
     <span class='ocr_line' id='line_1_18' title="bbox 416 866 1163 915; baseline -0.008 -10"><span class='ocrx_word' id='word_1_78' title='bbox 416 883 487 905; x_wconf 85' lang='lat' dir='ltr'>men</span> <span class='ocrx_word' id='word_1_79' title='bbox 511 870 593 904; x_wconf 84' lang='lat' dir='ltr'>viros</span> <span class='ocrx_word' id='word_1_80' title='bbox 620 882 679 903; x_wconf 89' lang='lat' dir='ltr'>non</span> <span class='ocrx_word' id='word_1_81' title='bbox 711 876 812 915; x_wconf 88' lang='lat' dir='ltr'>pateat</span> <span class='ocrx_word' id='word_1_82' title='bbox 837 868 999 913; x_wconf 78' lang='lat' dir='ltr'>ingressus</span> <span class='ocrx_word' id='word_1_83' title='bbox 1025 866 1063 900; x_wconf 90' lang='lat' dir='ltr'>ad</span> <span class='ocrx_word' id='word_1_84' title='bbox 1087 878 1163 900; x_wconf 88' lang='lat' dir='ltr'>con-</span> 
     </span>
     <span class='ocr_line' id='line_1_19' title="bbox 415 915 1164 957; baseline -0.008 -3"><span class='ocrx_word' id='word_1_85' title='bbox 415 919 545 954; x_wconf 87' lang='lat' dir='ltr'>sortium</span> <span class='ocrx_word' id='word_1_86' title='bbox 569 919 670 953; x_wconf 87' lang='lat' dir='ltr'>dictae</span> <span class='ocrx_word' id='word_1_87' title='bbox 699 917 913 957; x_wconf 71' lang='lat' dir='ltr'>fraternitatis,</span> <span class='ocrx_word' id='word_1_88' title='bbox 938 916 995 949; x_wconf 89' lang='lat' dir='ltr'>uisi</span> <span class='ocrx_word' id='word_1_89' title='bbox 1016 915 1055 950; x_wconf 91' lang='lat' dir='ltr'>de</span> <span class='ocrx_word' id='word_1_90' title='bbox 1079 916 1164 949; x_wconf 87' lang='lat' dir='ltr'>viro—</span> 
     </span>
     <span class='ocr_line' id='line_1_20' title="bbox 416 965 1164 1011; baseline -0.004 -9"><span class='ocrx_word' id='word_1_91' title='bbox 416 981 483 1002; x_wconf 91' lang='lat' dir='ltr'>rum</span> <span class='ocrx_word' id='word_1_92' title='bbox 507 980 638 1002; x_wconf 90' lang='lat' dir='ltr'>suorum</span> <span class='ocrx_word' id='word_1_93' title='bbox 662 967 785 1000; x_wconf 79' lang='lat' dir='ltr'>licentia</span> <span class='ocrx_word' id='word_1_94' title='bbox 811 974 840 1000; x_wconf 81' lang='lat' dir='ltr'>ct</span> <span class='ocrx_word' id='word_1_95' title='bbox 861 977 1030 1003; x_wconf 75' lang='lat' dir='ltr'>consensu,</span> <span class='ocrx_word' id='word_1_96' title='bbox 1047 965 1085 999; x_wconf 91' lang='lat' dir='ltr'>de</span> <span class='ocrx_word' id='word_1_97' title='bbox 1101 977 1164 1011; x_wconf 87' lang='lat' dir='ltr'>quo</span> 
     </span>
     <span class='ocr_line' id='line_1_21' title="bbox 415 1015 1161 1061; baseline -0.005 -10"><span class='ocrx_word' id='word_1_98' title='bbox 415 1029 573 1051; x_wconf 86' lang='lat' dir='ltr'>consensu</span> <span class='ocrx_word' id='word_1_99' title='bbox 610 1017 660 1049; x_wconf 81' lang='lat' dir='ltr'>liat</span> <span class='ocrx_word' id='word_1_100' title='bbox 697 1015 860 1061; x_wconf 89' lang='lat' dir='ltr'>publicum</span> <span class='ocrx_word' id='word_1_101' title='bbox 902 1015 1161 1049; x_wconf 87' lang='lat' dir='ltr'>instrumentum.</span> 
     </span>
     <span class='ocr_line' id='line_1_22' title="bbox 414 1063 1164 1112; baseline -0.003 -13"><span class='ocrx_word' id='word_1_102' title='bbox 414 1066 513 1109; x_wconf 88' lang='lat' dir='ltr'>Idem,</span> <span class='ocrx_word' id='word_1_103' title='bbox 535 1065 638 1112; x_wconf 84' lang='lat' dir='ltr'>quoad</span> <span class='ocrx_word' id='word_1_104' title='bbox 663 1065 734 1108; x_wconf 82' lang='lat' dir='ltr'>hoc,</span> <span class='ocrx_word' id='word_1_105' title='bbox 757 1064 873 1099; x_wconf 84' lang='lat' dir='ltr'>serrari</span> <span class='ocrx_word' id='word_1_106' title='bbox 890 1064 1030 1098; x_wconf 79' lang='lat' dir='ltr'>volentes</span> <span class='ocrx_word' id='word_1_107' title='bbox 1045 1063 1074 1097; x_wconf 94' lang='lat' dir='ltr'>in</span> <span class='ocrx_word' id='word_1_108' title='bbox 1090 1063 1164 1097; x_wconf 83' lang='lat' dir='ltr'>viris</span> 
     </span>
     <span class='ocr_line' id='line_1_23' title="bbox 415 1112 1164 1160; baseline -0.001 -12"><span class='ocrx_word' id='word_1_109' title='bbox 415 1127 542 1149; x_wconf 78' lang='lat' dir='ltr'>uxorem</span> <span class='ocrx_word' id='word_1_110' title='bbox 567 1113 768 1153; x_wconf 83' lang='lat' dir='ltr'>habentibus,</span> <span class='ocrx_word' id='word_1_111' title='bbox 796 1114 853 1148; x_wconf 89' lang='lat' dir='ltr'>nisi</span> <span class='ocrx_word' id='word_1_112' title='bbox 874 1113 1011 1148; x_wconf 83' lang='lat' dir='ltr'>obstaret</span> <span class='ocrx_word' id='word_1_113' title='bbox 1036 1112 1064 1146; x_wconf 90' lang='lat' dir='ltr'>in</span> <span class='ocrx_word' id='word_1_114' title='bbox 1086 1112 1164 1160; x_wconf 83' lang='lat' dir='ltr'>ipsis</span> 
     </span>
     <span class='ocr_line' id='line_1_24' title="bbox 414 1161 1164 1210; baseline -0.003 -12"><span class='ocrx_word' id='word_1_115' title='bbox 414 1164 458 1198; x_wconf 81' lang='lat' dir='ltr'>vel</span> <span class='ocrx_word' id='word_1_116' title='bbox 482 1164 590 1210; x_wconf 86' lang='lat' dir='ltr'>aliquo</span> <span class='ocrx_word' id='word_1_117' title='bbox 614 1164 754 1209; x_wconf 86' lang='lat' dir='ltr'>ipsorum</span> <span class='ocrx_word' id='word_1_118' title='bbox 779 1163 883 1210; x_wconf 88' lang='lat' dir='ltr'>aliqua</span> <span class='ocrx_word' id='word_1_119' title='bbox 907 1174 1109 1208; x_wconf 83' lang='lat' dir='ltr'>causa,quae</span> <span class='ocrx_word' id='word_1_120' title='bbox 1124 1161 1164 1196; x_wconf 84' lang='lat' dir='ltr'>le-</span> 
     </span>
     <span class='ocr_line' id='line_1_25' title="bbox 413 1212 1160 1258; baseline -0.001 -12"><span class='ocrx_word' id='word_1_121' title='bbox 413 1213 518 1258; x_wconf 80' lang='lat' dir='ltr'>gitima</span> <span class='ocrx_word' id='word_1_122' title='bbox 535 1212 776 1247; x_wconf 83' lang='lat' dir='ltr'>iudicareturde</span> <span class='ocrx_word' id='word_1_123' title='bbox 791 1212 925 1247; x_wconf 86' lang='lat' dir='ltr'>consilio</span> <span class='ocrx_word' id='word_1_124' title='bbox 940 1212 1160 1246; x_wconf 85' lang='lat' dir='ltr'>discretorum.</span> 
     </span>
    </p>
   </div>
   <div class='ocr_carea' id='block_1_5' title="bbox 714 1287 858 1323">
    <p class='ocr_par' dir='ltr' id='par_1_5' title="bbox 714 1287 858 1323">
     <span class='ocr_line' id='line_1_26' title="bbox 714 1287 858 1323; baseline -0.007 0"><span class='ocrx_word' id='word_1_125' title='bbox 714 1288 795 1323; x_wconf 51' lang='lat' dir='ltr'>Cap.</span> <span class='ocrx_word' id='word_1_126' title='bbox 820 1287 858 1322; x_wconf 88' lang='lat' dir='ltr'>tl.</span> 
     </span>
    </p>
   </div>
   <div class='ocr_carea' id='block_1_6' title="bbox 390 1360 1162 2099">
    <p class='ocr_par' dir='ltr' id='par_1_6' title="bbox 412 1360 1162 2099">
     <span class='ocr_line' id='line_1_27' title="bbox 461 1360 1162 1406; baseline -0.003 -11"><span class='ocrx_word' id='word_1_127' title='bbox 461 1361 582 1395; x_wconf 83' lang='lat' dir='ltr'>Omnes</span> <span class='ocrx_word' id='word_1_128' title='bbox 603 1368 729 1399; x_wconf 78' lang='lat' dir='ltr'>autem,</span> <span class='ocrx_word' id='word_1_129' title='bbox 753 1367 814 1394; x_wconf 89' lang='lat' dir='ltr'>tarn</span> <span class='ocrx_word' id='word_1_130' title='bbox 840 1360 948 1394; x_wconf 80' lang='lat' dir='ltr'>fratres</span> <span class='ocrx_word' id='word_1_131' title='bbox 982 1371 1077 1406; x_wconf 88' lang='lat' dir='ltr'>quam</span> <span class='ocrx_word' id='word_1_132' title='bbox 1103 1371 1162 1393; x_wconf 88' lang='lat' dir='ltr'>so-</span> 
     </span>
     <span class='ocr_line' id='line_1_28' title="bbox 394 1409 1161 1464; baseline -0.004 -18.92"><span class='ocrx_word' id='word_1_133' title='bbox 394 1423 501 1445; x_wconf 86' lang='lat' dir='ltr'>-rorcs</span> <span class='ocrx_word' id='word_1_134' title='bbox 517 1409 618 1444; x_wconf 86' lang='lat' dir='ltr'>dictae</span> <span class='ocrx_word' id='word_1_135' title='bbox 633 1409 848 1464; x_wconf 80' lang='lat' dir='ltr'>fraternitatis,</span> <span class='ocrx_word' id='word_1_136' title='bbox 865 1409 1038 1443; x_wconf 85' lang='lat' dir='ltr'>induantur</span> <span class='ocrx_word' id='word_1_137' title='bbox 1056 1420 1161 1463; x_wconf 88' lang='lat' dir='ltr'>panno</span> 
     </span>
     <span class='ocr_line' id='line_1_29' title="bbox 390 1458 1161 1514; baseline -0.003 -20.939"><span class='ocrx_word' id='word_1_138' title='bbox 390 1460 484 1494; x_wconf 87' lang='lat' dir='ltr'>albo</span> <span class='ocrx_word' id='word_1_139' title='bbox 511 1469 539 1494; x_wconf 91' lang='lat' dir='ltr'>et</span> <span class='ocrx_word' id='word_1_140' title='bbox 563 1460 664 1514; x_wconf 78' lang='lat' dir='ltr'>nigro</span> <span class='ocrx_word' id='word_1_141' title='bbox 687 1459 752 1506; x_wconf 89' lang='lat' dir='ltr'>qui</span> <span class='ocrx_word' id='word_1_142' title='bbox 777 1472 833 1494; x_wconf 88' lang='lat' dir='ltr'>nec</span> <span class='ocrx_word' id='word_1_143' title='bbox 862 1459 892 1493; x_wconf 89' lang='lat' dir='ltr'>iu</span> <span class='ocrx_word' id='word_1_144' title='bbox 915 1458 1021 1493; x_wconf 88' lang='lat' dir='ltr'>colore</span> <span class='ocrx_word' id='word_1_145' title='bbox 1044 1470 1103 1493; x_wconf 86' lang='lat' dir='ltr'>uec</span> <span class='ocrx_word' id='word_1_146' title='bbox 1131 1458 1161 1492; x_wconf 90' lang='lat' dir='ltr'>iu</span> 
     </span>
     <span class='ocr_line' id='line_1_30' title="bbox 413 1507 1160 1555; baseline -0.003 -12"><span class='ocrx_word' id='word_1_147' title='bbox 413 1509 515 1543; x_wconf 82' lang='lat' dir='ltr'>valore</span> <span class='ocrx_word' id='word_1_148' title='bbox 549 1509 674 1543; x_wconf 84' lang='lat' dir='ltr'>nimiam</span> <span class='ocrx_word' id='word_1_149' title='bbox 700 1509 928 1555; x_wconf 81' lang='lat' dir='ltr'>preciositatem</span> <span class='ocrx_word' id='word_1_150' title='bbox 967 1507 1160 1555; x_wconf 81' lang='lat' dir='ltr'>praetendat,</span> 
     </span>
     <span class='ocr_line' id='line_1_31' title="bbox 412 1556 1159 1593; baseline -0.003 -1"><span class='ocrx_word' id='word_1_151' title='bbox 412 1559 493 1592; x_wconf 88' lang='lat' dir='ltr'>sicut</span> <span class='ocrx_word' id='word_1_152' title='bbox 517 1558 608 1593; x_wconf 89' lang='lat' dir='ltr'>decet</span> <span class='ocrx_word' id='word_1_153' title='bbox 630 1559 825 1593; x_wconf 82' lang='lat' dir='ltr'>honestatem</span> <span class='ocrx_word' id='word_1_154' title='bbox 847 1570 1009 1592; x_wconf 79' lang='lat' dir='ltr'>servorum</span> <span class='ocrx_word' id='word_1_155' title='bbox 1030 1556 1159 1592; x_wconf 86' lang='lat' dir='ltr'>Christi.</span> 
     </span>
     <span class='ocr_line' id='line_1_32' title="bbox 412 1606 1161 1653; baseline -0.003 -11"><span class='ocrx_word' id='word_1_156' title='bbox 412 1607 596 1642; x_wconf 85' lang='lat' dir='ltr'>Mantellum</span> <span class='ocrx_word' id='word_1_157' title='bbox 630 1608 669 1642; x_wconf 89' lang='lat' dir='ltr'>sit</span> <span class='ocrx_word' id='word_1_158' title='bbox 703 1607 742 1641; x_wconf 88' lang='lat' dir='ltr'>de</span> <span class='ocrx_word' id='word_1_159' title='bbox 770 1608 872 1653; x_wconf 80' lang='lat' dir='ltr'>nigro,</span> <span class='ocrx_word' id='word_1_160' title='bbox 895 1615 925 1641; x_wconf 89' lang='lat' dir='ltr'>et</span> <span class='ocrx_word' id='word_1_161' title='bbox 948 1606 1078 1641; x_wconf 82' lang='lat' dir='ltr'>fratrum</span> <span class='ocrx_word' id='word_1_162' title='bbox 1108 1618 1161 1641; x_wconf 84' lang='lat' dir='ltr'>ca-</span> 
     </span>
     <span class='ocr_line' id='line_1_33' title="bbox 414 1656 1161 1704; baseline -0.001 -13"><span class='ocrx_word' id='word_1_163' title='bbox 414 1657 503 1704; x_wconf 89' lang='lat' dir='ltr'>pucia</span> <span class='ocrx_word' id='word_1_164' title='bbox 523 1656 670 1691; x_wconf 84' lang='lat' dir='ltr'>similiter</span> <span class='ocrx_word' id='word_1_165' title='bbox 691 1657 754 1691; x_wconf 89' lang='lat' dir='ltr'>sint</span> <span class='ocrx_word' id='word_1_166' title='bbox 776 1656 815 1691; x_wconf 90' lang='lat' dir='ltr'>de</span> <span class='ocrx_word' id='word_1_167' title='bbox 831 1657 934 1703; x_wconf 81' lang='lat' dir='ltr'>nigro,</span> <span class='ocrx_word' id='word_1_168' title='bbox 948 1656 1072 1690; x_wconf 86' lang='lat' dir='ltr'>tunicae</span> <span class='ocrx_word' id='word_1_169' title='bbox 1089 1667 1161 1690; x_wconf 88' lang='lat' dir='ltr'>vero</span> 
     </span>
     <span class='ocr_line' id='line_1_34' title="bbox 413 1706 1161 1753; baseline -0.001 -13"><span class='ocrx_word' id='word_1_170' title='bbox 413 1707 473 1740; x_wconf 92' lang='lat' dir='ltr'>sint</span> <span class='ocrx_word' id='word_1_171' title='bbox 500 1706 538 1741; x_wconf 85' lang='lat' dir='ltr'>de</span> <span class='ocrx_word' id='word_1_172' title='bbox 566 1706 660 1747; x_wconf 69' lang='lat' dir='ltr'>albo,</span> <span class='ocrx_word' id='word_1_173' title='bbox 688 1719 820 1753; x_wconf 87' lang='lat' dir='ltr'>quarum</span> <span class='ocrx_word' id='word_1_174' title='bbox 853 1707 994 1740; x_wconf 88' lang='lat' dir='ltr'>manicae</span> <span class='ocrx_word' id='word_1_175' title='bbox 1027 1714 1161 1751; x_wconf 89' lang='lat' dir='ltr'>proten—</span> 
     </span>
     <span class='ocr_line' id='line_1_35' title="bbox 413 1755 1159 1802; baseline 0 -13"><span class='ocrx_word' id='word_1_176' title='bbox 413 1755 527 1790; x_wconf 84' lang='lat' dir='ltr'>dantur</span> <span class='ocrx_word' id='word_1_177' title='bbox 551 1768 651 1802; x_wconf 89' lang='lat' dir='ltr'>usque</span> <span class='ocrx_word' id='word_1_178' title='bbox 673 1757 710 1790; x_wconf 86' lang='lat' dir='ltr'>ad</span> <span class='ocrx_word' id='word_1_179' title='bbox 736 1768 879 1802; x_wconf 82' lang='lat' dir='ltr'>pugnum</span> <span class='ocrx_word' id='word_1_180' title='bbox 896 1764 925 1789; x_wconf 86' lang='lat' dir='ltr'>et</span> <span class='ocrx_word' id='word_1_181' title='bbox 941 1756 1002 1790; x_wconf 91' lang='lat' dir='ltr'>sint</span> <span class='ocrx_word' id='word_1_182' title='bbox 1025 1755 1159 1795; x_wconf 56' lang='lat' dir='ltr'>clausam</span> 
     </span>
     <span class='ocr_line' id='line_1_36' title="bbox 414 1804 1161 1851; baseline 0 -12"><span class='ocrx_word' id='word_1_183' title='bbox 414 1805 563 1851; x_wconf 78' lang='lat' dir='ltr'>corrigias</span> <span class='ocrx_word' id='word_1_184' title='bbox 585 1805 623 1840; x_wconf 90' lang='lat' dir='ltr'>de</span> <span class='ocrx_word' id='word_1_185' title='bbox 645 1805 730 1840; x_wconf 81' lang='lat' dir='ltr'>corio</span> <span class='ocrx_word' id='word_1_186' title='bbox 747 1813 866 1839; x_wconf 84' lang='lat' dir='ltr'>tautum</span> <span class='ocrx_word' id='word_1_187' title='bbox 883 1804 1031 1848; x_wconf 79' lang='lat' dir='ltr'>habeant,</span> <span class='ocrx_word' id='word_1_188' title='bbox 1044 1804 1161 1851; x_wconf 90' lang='lat' dir='ltr'>quibus</span> 
     </span>
     <span class='ocr_line' id='line_1_37' title="bbox 414 1854 1162 1901; baseline 0.001 -13"><span class='ocrx_word' id='word_1_189' title='bbox 414 1866 537 1889; x_wconf 88' lang='lat' dir='ltr'>sorores</span> <span class='ocrx_word' id='word_1_190' title='bbox 570 1854 736 1901; x_wconf 78' lang='lat' dir='ltr'>cingantur</span> <span class='ocrx_word' id='word_1_191' title='bbox 771 1854 831 1889; x_wconf 90' lang='lat' dir='ltr'>sub</span> <span class='ocrx_word' id='word_1_192' title='bbox 858 1855 975 1895; x_wconf 74' lang='lat' dir='ltr'>tunica3</span> <span class='ocrx_word' id='word_1_193' title='bbox 1000 1855 1030 1888; x_wconf 92' lang='lat' dir='ltr'>in</span> <span class='ocrx_word' id='word_1_194' title='bbox 1058 1854 1162 1889; x_wconf 89' lang='lat' dir='ltr'>bursis</span> 
     </span>
     <span class='ocr_line' id='line_1_38' title="bbox 415 1903 1160 1947; baseline 0.001 -10"><span class='ocrx_word' id='word_1_195' title='bbox 415 1904 531 1947; x_wconf 86' lang='lat' dir='ltr'>etiam,</span> <span class='ocrx_word' id='word_1_196' title='bbox 563 1903 783 1938; x_wconf 85' lang='lat' dir='ltr'>calceamentis</span> <span class='ocrx_word' id='word_1_197' title='bbox 811 1912 840 1938; x_wconf 86' lang='lat' dir='ltr'>ct</span> <span class='ocrx_word' id='word_1_198' title='bbox 868 1904 1001 1939; x_wconf 80' lang='lat' dir='ltr'>caeteris</span> <span class='ocrx_word' id='word_1_199' title='bbox 1034 1916 1160 1938; x_wconf 90' lang='lat' dir='ltr'>omnem</span> 
     </span>
     <span class='ocr_line' id='line_1_39' title="bbox 415 1952 1162 1988; baseline 0.003 -2"><span class='ocrx_word' id='word_1_200' title='bbox 415 1952 603 1987; x_wconf 80' lang='lat' dir='ltr'>mundanam</span> <span class='ocrx_word' id='word_1_201' title='bbox 621 1961 764 1988; x_wconf 82' lang='lat' dir='ltr'>resecent</span> <span class='ocrx_word' id='word_1_202' title='bbox 787 1954 974 1988; x_wconf 79' lang='lat' dir='ltr'>vanitatem:</span> <span class='ocrx_word' id='word_1_203' title='bbox 999 1953 1064 1988; x_wconf 89' lang='lat' dir='ltr'>vela</span> <span class='ocrx_word' id='word_1_204' title='bbox 1089 1965 1162 1988; x_wconf 86' lang='lat' dir='ltr'>vero</span> 
     </span>
     <span class='ocr_line' id='line_1_40' title="bbox 414 2002 1162 2047; baseline 0.001 -12"><span class='ocrx_word' id='word_1_205' title='bbox 414 2014 555 2036; x_wconf 86' lang='lat' dir='ltr'>sororum</span> <span class='ocrx_word' id='word_1_206' title='bbox 580 2012 610 2037; x_wconf 87' lang='lat' dir='ltr'>et</span> <span class='ocrx_word' id='word_1_207' title='bbox 641 2002 754 2038; x_wconf 86' lang='lat' dir='ltr'>bindae</span> <span class='ocrx_word' id='word_1_208' title='bbox 788 2003 849 2037; x_wconf 89' lang='lat' dir='ltr'>sint</span> <span class='ocrx_word' id='word_1_209' title='bbox 880 2003 949 2038; x_wconf 87' lang='lat' dir='ltr'>alba</span> <span class='ocrx_word' id='word_1_210' title='bbox 984 2003 1023 2038; x_wconf 89' lang='lat' dir='ltr'>de</span> <span class='ocrx_word' id='word_1_211' title='bbox 1059 2015 1162 2047; x_wconf 86' lang='lat' dir='ltr'>panno</span> 
     </span>
     <span class='ocr_line' id='line_1_41' title="bbox 415 2051 753 2099; baseline 0.006 -15"><span class='ocrx_word' id='word_1_212' title='bbox 415 2051 496 2086; x_wconf 88' lang='lat' dir='ltr'>lineo</span> <span class='ocrx_word' id='word_1_213' title='bbox 520 2051 565 2086; x_wconf 90' lang='lat' dir='ltr'>vel</span> <span class='ocrx_word' id='word_1_214' title='bbox 588 2052 753 2099; x_wconf 87' lang='lat' dir='ltr'>canapino.</span> 
     </span>
    </p>
   </div>
   <div class='ocr_carea' id='block_1_7' title="bbox 704 2127 867 2162">
    <p class='ocr_par' dir='ltr' id='par_1_7' title="bbox 704 2127 867 2162">
     <span class='ocr_line' id='line_1_42' title="bbox 704 2127 867 2162; baseline 0 0"><span class='ocrx_word' id='word_1_215' title='bbox 704 2127 784 2162; x_wconf 61' lang='lat' dir='ltr'>Car.</span> <span class='ocrx_word' id='word_1_216' title='bbox 812 2128 867 2162; x_wconf 88' lang='grc' dir='ltr'><strong>ΙΙΙ.</strong></span> 
     </span>
    </p>
   </div>
   <div class='ocr_carea' id='block_1_8' title="bbox 372 2199 1168 2691">
    <p class='ocr_par' dir='ltr' id='par_1_8' title="bbox 372 2199 1168 2691">
     <span class='ocr_line' id='line_1_43' title="bbox 465 2199 1164 2247; baseline 0.003 -14"><span class='ocrx_word' id='word_1_217' title='bbox 465 2199 649 2245; x_wconf 87' lang='lat' dir='ltr'>Recipiatur</span> <span class='ocrx_word' id='word_1_218' title='bbox 683 2209 788 2235; x_wconf 88' lang='lat' dir='ltr'>autem</span> <span class='ocrx_word' id='word_1_219' title='bbox 819 2201 1018 2247; x_wconf 83' lang='lat' dir='ltr'>recipiendus</span> <span class='ocrx_word' id='word_1_220' title='bbox 1042 2201 1070 2235; x_wconf 89' lang='lat' dir='ltr'>iu</span> <span class='ocrx_word' id='word_1_221' title='bbox 1094 2201 1164 2236; x_wconf 88' lang='lat' dir='ltr'>loco</span> 
     </span>
     <span class='ocr_line' id='line_1_44' title="bbox 372 2248 1165 2294; baseline 0.004 -12"><span class='ocrx_word' id='word_1_222' title='bbox 372 2262 403 2275; x_wconf 49' lang='grc' dir='ltr'><strong>ψ</strong></span> <span class='ocrx_word' id='word_1_223' title='bbox 416 2249 543 2294; x_wconf 90' lang='lat' dir='ltr'>capituli</span> <span class='ocrx_word' id='word_1_224' title='bbox 570 2248 771 2283; x_wconf 85' lang='lat' dir='ltr'>fraternitatis</span> <span class='ocrx_word' id='word_1_225' title='bbox 806 2249 852 2283; x_wconf 79' lang='lat' dir='ltr'>vel</span> <span class='ocrx_word' id='word_1_226' title='bbox 879 2258 951 2285; x_wconf 89' lang='lat' dir='ltr'>ante</span> <span class='ocrx_word' id='word_1_227' title='bbox 978 2251 1073 2285; x_wconf 86' lang='lat' dir='ltr'>altare</span> <span class='ocrx_word' id='word_1_228' title='bbox 1104 2250 1165 2284; x_wconf 89' lang='lat' dir='ltr'>Ec-</span> 
     </span>
     <span class='ocr_line' id='line_1_45' title="bbox 416 2297 1163 2340; baseline 0.004 -9"><span class='ocrx_word' id='word_1_229' title='bbox 416 2297 528 2332; x_wconf 87' lang='lat' dir='ltr'>clesiae</span> <span class='ocrx_word' id='word_1_230' title='bbox 552 2298 678 2332; x_wconf 83' lang='lat' dir='ltr'>fratrum</span> <span class='ocrx_word' id='word_1_231' title='bbox 703 2298 960 2334; x_wconf 81' lang='lat' dir='ltr'>Praedicatorum</span> <span class='ocrx_word' id='word_1_232' title='bbox 986 2300 1070 2334; x_wconf 88' lang='lat' dir='ltr'>illius</span> <span class='ocrx_word' id='word_1_233' title='bbox 1092 2300 1163 2340; x_wconf 69' lang='lat' dir='ltr'>loci,</span> 
     </span>
     <span class='ocr_line' id='line_1_46' title="bbox 417 2347 1165 2396; baseline 0.004 -16"><span class='ocrx_word' id='word_1_234' title='bbox 417 2354 483 2381; x_wconf 88' lang='lat' dir='ltr'>eta</span> <span class='ocrx_word' id='word_1_235' title='bbox 507 2347 656 2393; x_wconf 84' lang='lat' dir='ltr'>magistro</span> <span class='ocrx_word' id='word_1_236' title='bbox 691 2348 756 2382; x_wconf 80' lang='lat' dir='ltr'>sive</span> <span class='ocrx_word' id='word_1_237' title='bbox 791 2348 948 2383; x_wconf 84' lang='lat' dir='ltr'>directore</span> <span class='ocrx_word' id='word_1_238' title='bbox 981 2349 1165 2396; x_wconf 84' lang='lat' dir='ltr'>supradicto</span> 
     </span>
     <span class='ocr_line' id='line_1_47' title="bbox 418 2396 1164 2444; baseline 0.005 -15"><span class='ocrx_word' id='word_1_239' title='bbox 418 2396 463 2429; x_wconf 83' lang='lat' dir='ltr'>vel</span> <span class='ocrx_word' id='word_1_240' title='bbox 492 2396 561 2431; x_wconf 91' lang='lat' dir='ltr'>eius</span> <span class='ocrx_word' id='word_1_241' title='bbox 591 2396 716 2437; x_wconf 79' lang='lat' dir='ltr'>vicario,</span> <span class='ocrx_word' id='word_1_242' title='bbox 739 2397 792 2443; x_wconf 91' lang='lat' dir='ltr'>qui</span> <span class='ocrx_word' id='word_1_243' title='bbox 814 2398 977 2444; x_wconf 80' lang='lat' dir='ltr'>magister,</span> <span class='ocrx_word' id='word_1_244' title='bbox 999 2399 1164 2433; x_wconf 85' lang='lat' dir='ltr'>assistente</span> 
     </span>
     <span class='ocr_line' id='line_1_48' title="bbox 419 2444 1165 2493; baseline 0.005 -15"><span class='ocrx_word' id='word_1_245' title='bbox 419 2444 579 2479; x_wconf 87' lang='lat' dir='ltr'>induendo</span> <span class='ocrx_word' id='word_1_246' title='bbox 601 2454 630 2479; x_wconf 87' lang='lat' dir='ltr'>et</span> <span class='ocrx_word' id='word_1_247' title='bbox 654 2454 779 2492; x_wconf 87' lang='lat' dir='ltr'>petente</span> <span class='ocrx_word' id='word_1_248' title='bbox 808 2446 970 2482; x_wconf 88' lang='lat' dir='ltr'>humiliter</span> <span class='ocrx_word' id='word_1_249' title='bbox 998 2448 1087 2482; x_wconf 79' lang='lat' dir='ltr'>flexis</span> <span class='ocrx_word' id='word_1_250' title='bbox 1109 2460 1165 2493; x_wconf 81' lang='lat' dir='ltr'>ge-</span> 
     </span>
     <span class='ocr_line' id='line_1_49' title="bbox 420 2493 1165 2543; baseline 0.004 -16"><span class='ocrx_word' id='word_1_251' title='bbox 420 2493 511 2528; x_wconf 88' lang='lat' dir='ltr'>nibus</span> <span class='ocrx_word' id='word_1_252' title='bbox 534 2495 643 2540; x_wconf 81' lang='lat' dir='ltr'>recipi,</span> <span class='ocrx_word' id='word_1_253' title='bbox 668 2496 887 2540; x_wconf 83' lang='lat' dir='ltr'>praesentibus</span> <span class='ocrx_word' id='word_1_254' title='bbox 916 2497 1073 2543; x_wconf 85' lang='lat' dir='ltr'>aliquibus</span> <span class='ocrx_word' id='word_1_255' title='bbox 1096 2497 1165 2531; x_wconf 86' lang='lat' dir='ltr'>aliis</span> 
     </span>
     <span class='ocr_line' id='line_1_50' title="bbox 421 2542 1167 2592; baseline 0.007 -17"><span class='ocrx_word' id='word_1_256' title='bbox 421 2542 564 2577; x_wconf 82' lang='lat' dir='ltr'>fratribus</span> <span class='ocrx_word' id='word_1_257' title='bbox 600 2544 878 2579; x_wconf 86' lang='lat' dir='ltr'>Praedicatoribus</span> <span class='ocrx_word' id='word_1_258' title='bbox 905 2554 933 2580; x_wconf 86' lang='lat' dir='ltr'>et</span> <span class='ocrx_word' id='word_1_259' title='bbox 962 2558 1065 2592; x_wconf 85' lang='lat' dir='ltr'>priore</span> <span class='ocrx_word' id='word_1_260' title='bbox 1099 2546 1167 2580; x_wconf 83' lang='lat' dir='ltr'>fta—</span> 
     </span>
     <span class='ocr_line' id='line_1_51' title="bbox 421 2591 1168 2640; baseline 0.007 -16"><span class='ocrx_word' id='word_1_261' title='bbox 421 2591 574 2626; x_wconf 83' lang='lat' dir='ltr'>ternitatis</span> <span class='ocrx_word' id='word_1_262' title='bbox 597 2592 642 2627; x_wconf 80' lang='lat' dir='ltr'>vel</span> <span class='ocrx_word' id='word_1_263' title='bbox 666 2594 735 2628; x_wconf 85' lang='lat' dir='ltr'>eius</span> <span class='ocrx_word' id='word_1_264' title='bbox 755 2595 838 2628; x_wconf 84' lang='lat' dir='ltr'>vices</span> <span class='ocrx_word' id='word_1_265' title='bbox 861 2603 989 2640; x_wconf 81' lang='lat' dir='ltr'>gerente</span> <span class='ocrx_word' id='word_1_266' title='bbox 1008 2607 1079 2629; x_wconf 89' lang='lat' dir='ltr'>cum</span> <span class='ocrx_word' id='word_1_267' title='bbox 1100 2595 1168 2629; x_wconf 88' lang='lat' dir='ltr'>aliis</span> 
     </span>
     <span class='ocr_line' id='line_1_52' title="bbox 421 2639 1166 2691; baseline 0.007 -18"><span class='ocrx_word' id='word_1_268' title='bbox 421 2639 458 2674; x_wconf 86' lang='lat' dir='ltr'>de</span> <span class='ocrx_word' id='word_1_269' title='bbox 481 2639 685 2683; x_wconf 78' lang='lat' dir='ltr'>fraternitate</span> <span class='ocrx_word' id='word_1_270' title='bbox 709 2642 875 2678; x_wconf 79' lang='lat' dir='ltr'>benedicet</span> <span class='ocrx_word' id='word_1_271' title='bbox 898 2644 1000 2691; x_wconf 93' lang='lat' dir='ltr'>primo</span> <span class='ocrx_word' id='word_1_272' title='bbox 1025 2643 1166 2679; x_wconf 84' lang='lat' dir='ltr'>habitum</span> 
     </span>
    </p>
   </div>
   <div class='ocr_carea' id='block_1_9' title="bbox 996 273 1373 296">
    <p class='ocr_par' dir='ltr' id='par_1_9' title="bbox 996 273 1373 296">
     <span class='ocr_line' id='line_1_53' title="bbox 996 273 1373 296; baseline -0.005 0"><span class='ocrx_word' id='word_1_273' title='bbox 996 274 1182 296; x_wconf 65' lang='lat' dir='ltr'>ntJLLAttttat</span> <span class='ocrx_word' id='word_1_274' title='bbox 1212 273 1373 295; x_wconf 71' lang='lat' dir='ltr'>ttoatANt&#39;M</span> 
     </span>
    </p>
   </div>
   <div class='ocr_carea' id='block_1_10' title="bbox 1203 326 1962 1456">
    <p class='ocr_par' dir='ltr' id='par_1_10' title="bbox 1203 326 1962 1456">
     <span class='ocr_line' id='line_1_54' title="bbox 1209 326 1956 372; baseline 0 -11"><span class='ocrx_word' id='word_1_275' title='bbox 1209 328 1279 361; x_wconf 86' lang='lat' dir='ltr'>eius</span> <span class='ocrx_word' id='word_1_276' title='bbox 1301 328 1353 372; x_wconf 88' lang='lat' dir='ltr'>qui</span> <span class='ocrx_word' id='word_1_277' title='bbox 1370 326 1465 361; x_wconf 78' lang='lat' dir='ltr'>debet</span> <span class='ocrx_word' id='word_1_278' title='bbox 1489 327 1596 371; x_wconf 74' lang='lat' dir='ltr'>recipi,</span> <span class='ocrx_word' id='word_1_279' title='bbox 1615 327 1674 361; x_wconf 87' lang='lat' dir='ltr'>hoc</span> <span class='ocrx_word' id='word_1_280' title='bbox 1690 327 1783 361; x_wconf 90' lang='lat' dir='ltr'>modo</span> <span class='ocrx_word' id='word_1_281' title='bbox 1801 328 1956 363; x_wconf 83' lang='lat' dir='ltr'>videlicet:</span> 
     </span>
     <span class='ocr_line' id='line_1_55' title="bbox 1211 377 1491 413; baseline -0.007 -3"><span class='ocrx_word' id='word_1_282' title='bbox 1211 378 1341 411; x_wconf 78' lang='lat' dir='ltr'>Ostende</span> <span class='ocrx_word' id='word_1_283' title='bbox 1382 377 1491 413; x_wconf 77' lang='lat' dir='ltr'>nobis,</span> 
     </span>
     <span class='ocr_line' id='line_1_56' title="bbox 1207 426 1863 460; baseline 0.002 -2"><span class='ocrx_word' id='word_1_284' title='bbox 1207 433 1302 458; x_wconf 80' lang='lat' dir='ltr'>tuam.</span> <span class='ocrx_word' id='word_1_285' title='bbox 1332 426 1484 458; x_wconf 73' lang='lat' dir='ltr'>Dominus</span> <span class='ocrx_word' id='word_1_286' title='bbox 1523 426 1684 458; x_wconf 71' lang='lat' dir='ltr'>vobiscum.</span> <span class='ocrx_word' id='word_1_287' title='bbox 1723 426 1863 460; x_wconf 79' lang='lat' dir='ltr'>Oremus.</span> 
     </span>
     <span class='ocr_line' id='line_1_57' title="bbox 1206 475 1959 518; baseline 0.004 -12"><span class='ocrx_word' id='word_1_288' title='bbox 1206 476 1286 507; x_wconf 79' lang='lat' dir='ltr'>mine</span> <span class='ocrx_word' id='word_1_289' title='bbox 1317 475 1383 507; x_wconf 80' lang='lat' dir='ltr'>Iesu</span> <span class='ocrx_word' id='word_1_290' title='bbox 1427 475 1554 512; x_wconf 76' lang='lat' dir='ltr'>Christe,</span> <span class='ocrx_word' id='word_1_291' title='bbox 1593 475 1646 518; x_wconf 77' lang='lat' dir='ltr'>qai</span> <span class='ocrx_word' id='word_1_292' title='bbox 1680 476 1808 518; x_wconf 64' lang='lat' dir='ltr'>tegimen</span> <span class='ocrx_word' id='word_1_293' title='bbox 1837 482 1959 509; x_wconf 71' lang='lat' dir='ltr'>mistrae</span> 
     </span>
     <span class='ocr_line' id='line_1_58' title="bbox 1206 523 1958 567; baseline 0.004 -12"><span class='ocrx_word' id='word_1_294' title='bbox 1206 524 1403 556; x_wconf 76' lang='lat' dir='ltr'>mortalitatis</span> <span class='ocrx_word' id='word_1_295' title='bbox 1422 524 1546 557; x_wconf 78' lang='lat' dir='ltr'>induere</span> <span class='ocrx_word' id='word_1_296' title='bbox 1560 524 1705 567; x_wconf 70' lang='lat' dir='ltr'>‹laynacus</span> <span class='ocrx_word' id='word_1_297' title='bbox 1721 536 1761 563; x_wconf 78' lang='lat' dir='ltr'>cs,</span> <span class='ocrx_word' id='word_1_298' title='bbox 1776 531 1828 557; x_wconf 82' lang='lat' dir='ltr'>etc.</span> <span class='ocrx_word' id='word_1_299' title='bbox 1847 523 1958 558; x_wconf 79' lang='lat' dir='ltr'>Postea</span> 
     </span>
     <span class='ocr_line' id='line_1_59' title="bbox 1207 571 1959 619; baseline 0.004 -15"><span class='ocrx_word' id='word_1_300' title='bbox 1207 584 1305 615; x_wconf 85' lang='lat' dir='ltr'>vero,</span> <span class='ocrx_word' id='word_1_301' title='bbox 1334 571 1384 605; x_wconf 87' lang='lat' dir='ltr'>tali</span> <span class='ocrx_word' id='word_1_302' title='bbox 1409 571 1517 606; x_wconf 89' lang='lat' dir='ltr'>habitu</span> <span class='ocrx_word' id='word_1_303' title='bbox 1542 571 1710 606; x_wconf 88' lang='lat' dir='ltr'>benedicto</span> <span class='ocrx_word' id='word_1_304' title='bbox 1732 580 1763 606; x_wconf 81' lang='lat' dir='ltr'>et</span> <span class='ocrx_word' id='word_1_305' title='bbox 1787 585 1840 619; x_wconf 88' lang='lat' dir='ltr'>per</span> <span class='ocrx_word' id='word_1_306' title='bbox 1869 585 1959 607; x_wconf 84' lang='lat' dir='ltr'>rece-</span> 
     </span>
     <span class='ocr_line' id='line_1_60' title="bbox 1207 620 1960 667; baseline 0.003 -13"><span class='ocrx_word' id='word_1_307' title='bbox 1207 629 1294 666; x_wconf 90' lang='lat' dir='ltr'>ptum</span> <span class='ocrx_word' id='word_1_308' title='bbox 1330 633 1473 655; x_wconf 84' lang='lat' dir='ltr'>seorsum</span> <span class='ocrx_word' id='word_1_309' title='bbox 1499 620 1622 660; x_wconf 88' lang='lat' dir='ltr'>induto,</span> <span class='ocrx_word' id='word_1_310' title='bbox 1656 628 1750 667; x_wconf 87' lang='lat' dir='ltr'>atque</span> <span class='ocrx_word' id='word_1_311' title='bbox 1777 621 1814 656; x_wconf 85' lang='lat' dir='ltr'>ad</span> <span class='ocrx_word' id='word_1_312' title='bbox 1843 621 1960 667; x_wconf 78' lang='lat' dir='ltr'>gradus</span> 
     </span>
     <span class='ocr_line' id='line_1_61' title="bbox 1205 670 1958 717; baseline 0.003 -14"><span class='ocrx_word' id='word_1_313' title='bbox 1205 670 1310 703; x_wconf 87' lang='lat' dir='ltr'>altaris</span> <span class='ocrx_word' id='word_1_314' title='bbox 1345 681 1481 713; x_wconf 83' lang='lat' dir='ltr'>reverso,</span> <span class='ocrx_word' id='word_1_315' title='bbox 1501 677 1531 704; x_wconf 86' lang='lat' dir='ltr'>et</span> <span class='ocrx_word' id='word_1_316' title='bbox 1552 677 1624 704; x_wconf 84' lang='lat' dir='ltr'>ante</span> <span class='ocrx_word' id='word_1_317' title='bbox 1648 671 1833 716; x_wconf 81' lang='lat' dir='ltr'>magistrum</span> <span class='ocrx_word' id='word_1_318' title='bbox 1856 683 1958 717; x_wconf 78' lang='lat' dir='ltr'>genu-</span> 
     </span>
     <span class='ocr_line' id='line_1_62' title="bbox 1205 718 1959 765; baseline 0.001 -13"><span class='ocrx_word' id='word_1_319' title='bbox 1205 719 1299 759; x_wconf 76' lang='lat' dir='ltr'>flexo,</span> <span class='ocrx_word' id='word_1_320' title='bbox 1322 718 1407 753; x_wconf 82' lang='lat' dir='ltr'>dicct</span> <span class='ocrx_word' id='word_1_321' title='bbox 1433 719 1597 765; x_wconf 79' lang='lat' dir='ltr'>magister:</span> <span class='ocrx_word' id='word_1_322' title='bbox 1623 720 1706 759; x_wconf 78' lang='lat' dir='ltr'>Veni,</span> <span class='ocrx_word' id='word_1_323' title='bbox 1737 720 1863 754; x_wconf 82' lang='lat' dir='ltr'>Creator</span> <span class='ocrx_word' id='word_1_324' title='bbox 1885 722 1959 765; x_wconf 86' lang='lat' dir='ltr'>Spi-</span> 
     </span>
     <span class='ocr_line' id='line_1_63' title="bbox 1205 768 1958 816; baseline 0.004 -15"><span class='ocrx_word' id='word_1_325' title='bbox 1205 770 1306 811; x_wconf 80' lang='lat' dir='ltr'>ritus,</span> <span class='ocrx_word' id='word_1_326' title='bbox 1335 776 1365 802; x_wconf 88' lang='lat' dir='ltr'>et</span> <span class='ocrx_word' id='word_1_327' title='bbox 1395 768 1506 803; x_wconf 88' lang='lat' dir='ltr'>fratres</span> <span class='ocrx_word' id='word_1_328' title='bbox 1534 769 1587 815; x_wconf 90' lang='lat' dir='ltr'>qui</span> <span class='ocrx_word' id='word_1_329' title='bbox 1611 768 1637 803; x_wconf 88' lang='lat' dir='ltr'>ei</span> <span class='ocrx_word' id='word_1_330' title='bbox 1661 769 1815 803; x_wconf 85' lang='lat' dir='ltr'>assistunt</span> <span class='ocrx_word' id='word_1_331' title='bbox 1852 770 1958 816; x_wconf 89' lang='lat' dir='ltr'>ipsum</span> 
     </span>
     <span class='ocr_line' id='line_1_64' title="bbox 1207 817 1956 864; baseline 0 -13"><span class='ocrx_word' id='word_1_332' title='bbox 1207 827 1441 864; x_wconf 84' lang='lat' dir='ltr'>prosequantur</span> <span class='ocrx_word' id='word_1_333' title='bbox 1466 830 1565 864; x_wconf 84' lang='lat' dir='ltr'>usque</span> <span class='ocrx_word' id='word_1_334' title='bbox 1593 817 1629 852; x_wconf 83' lang='lat' dir='ltr'>ad</span> <span class='ocrx_word' id='word_1_335' title='bbox 1654 818 1762 857; x_wconf 76' lang='lat' dir='ltr'>finem,</span> <span class='ocrx_word' id='word_1_336' title='bbox 1785 818 1899 853; x_wconf 85' lang='lat' dir='ltr'>deinde</span> <span class='ocrx_word' id='word_1_337' title='bbox 1914 819 1956 853; x_wconf 88' lang='lat' dir='ltr'>di-</span> 
     </span>
     <span class='ocr_line' id='line_1_65' title="bbox 1205 868 1961 913; baseline 0.003 -13"><span class='ocrx_word' id='word_1_338' title='bbox 1205 874 1307 900; x_wconf 86' lang='lat' dir='ltr'>catur:</span> <span class='ocrx_word' id='word_1_339' title='bbox 1331 869 1428 911; x_wconf 74' lang='lat' dir='ltr'>Kyrie</span> <span class='ocrx_word' id='word_1_340' title='bbox 1449 869 1570 906; x_wconf 77' lang='lat' dir='ltr'>eleison,</span> <span class='ocrx_word' id='word_1_341' title='bbox 1598 868 1714 902; x_wconf 76' lang='lat' dir='ltr'>Christe</span> <span class='ocrx_word' id='word_1_342' title='bbox 1746 869 1868 912; x_wconf 78' lang='lat' dir='ltr'>eleison,</span> <span class='ocrx_word' id='word_1_343' title='bbox 1890 870 1961 913; x_wconf 76' lang='lat' dir='ltr'>Ky-</span> 
     </span>
     <span class='ocr_line' id='line_1_66' title="bbox 1204 916 1960 963; baseline 0.003 -14"><span class='ocrx_word' id='word_1_344' title='bbox 1204 918 1248 949; x_wconf 75' lang='lat' dir='ltr'>rn&#39;c</span> <span class='ocrx_word' id='word_1_345' title='bbox 1269 918 1389 950; x_wconf 78' lang='lat' dir='ltr'>cleison.</span> <span class='ocrx_word' id='word_1_346' title='bbox 1421 916 1647 955; x_wconf 67' lang='lat' dir='ltr'>Pater&#39;noster,</span> <span class='ocrx_word' id='word_1_347' title='bbox 1676 925 1728 950; x_wconf 83' lang='lat' dir='ltr'>etc.</span> <span class='ocrx_word' id='word_1_348' title='bbox 1751 918 1863 951; x_wconf 83' lang='lat' dir='ltr'>Emitte</span> <span class='ocrx_word' id='word_1_349' title='bbox 1885 919 1960 963; x_wconf 69' lang='lat' dir='ltr'>Spi-</span> 
     </span>
     <span class='ocr_line' id='line_1_67' title="bbox 1204 966 1959 1010; baseline 0.001 -12"><span class='ocrx_word' id='word_1_350' title='bbox 1204 966 1298 1000; x_wconf 85' lang='lat' dir='ltr'>ritum</span> <span class='ocrx_word' id='word_1_351' title='bbox 1314 973 1409 1006; x_wconf 78' lang='lat' dir='ltr'>taum,</span> <span class='ocrx_word' id='word_1_352' title='bbox 1423 975 1474 1000; x_wconf 78' lang='lat' dir='ltr'>ecc.</span> <span class='ocrx_word' id='word_1_353' title='bbox 1498 967 1628 1000; x_wconf 76' lang='lat' dir='ltr'>Salvum</span> <span class='ocrx_word' id='word_1_354' title='bbox 1649 967 1701 1010; x_wconf 85' lang='lat' dir='ltr'>fac</span> <span class='ocrx_word' id='word_1_355' title='bbox 1722 978 1840 1000; x_wconf 83' lang='lat' dir='ltr'>servum</span> <span class='ocrx_word' id='word_1_356' title='bbox 1861 974 1959 1006; x_wconf 78' lang='lat' dir='ltr'>tumn,</span> 
     </span>
     <span class='ocr_line' id='line_1_68' title="bbox 1204 1015 1960 1061; baseline 0.001 -13"><span class='ocrx_word' id='word_1_357' title='bbox 1204 1023 1257 1048; x_wconf 83' lang='lat' dir='ltr'>etc.</span> <span class='ocrx_word' id='word_1_358' title='bbox 1296 1015 1437 1049; x_wconf 79' lang='lat' dir='ltr'>Orcmus.</span> <span class='ocrx_word' id='word_1_359' title='bbox 1469 1016 1571 1056; x_wconf 82' lang='lat' dir='ltr'>Deus,</span> <span class='ocrx_word' id='word_1_360' title='bbox 1613 1017 1668 1060; x_wconf 73' lang='lat' dir='ltr'>qui</span> <span class='ocrx_word' id='word_1_361' title='bbox 1702 1017 1796 1049; x_wconf 83' lang='lat' dir='ltr'>corda</span> <span class='ocrx_word' id='word_1_362' title='bbox 1823 1017 1960 1061; x_wconf 82' lang='lat' dir='ltr'>fidelium</span> 
     </span>
     <span class='ocr_line' id='line_1_69' title="bbox 1204 1065 1959 1109; baseline 0.001 -12"><span class='ocrx_word' id='word_1_363' title='bbox 1204 1066 1316 1098; x_wconf 73' lang='lat' dir='ltr'>Sancti</span> <span class='ocrx_word' id='word_1_364' title='bbox 1329 1065 1464 1109; x_wconf 77' lang='lat' dir='ltr'>Spiritus</span> <span class='ocrx_word' id='word_1_365' title='bbox 1493 1066 1700 1098; x_wconf 76' lang='lat' dir='ltr'>illustratione</span> <span class='ocrx_word' id='word_1_366' title='bbox 1726 1066 1869 1104; x_wconf 79' lang='lat' dir='ltr'>docuisti,</span> <span class='ocrx_word' id='word_1_367' title='bbox 1891 1073 1959 1108; x_wconf 66' lang='grc' dir='ltr'>σία,</span> 
     </span>
     <span class='ocr_line' id='line_1_70' title="bbox 1204 1115 1959 1160; baseline 0.001 -14"><span class='ocrx_word' id='word_1_368' title='bbox 1204 1122 1232 1147; x_wconf 83' lang='lat' dir='ltr'>et</span> <span class='ocrx_word' id='word_1_369' title='bbox 1272 1115 1439 1147; x_wconf 77' lang='lat' dir='ltr'>Praetende</span> <span class='ocrx_word' id='word_1_370' title='bbox 1472 1115 1613 1159; x_wconf 76' lang='lat' dir='ltr'>santulo,</span> <span class='ocrx_word' id='word_1_371' title='bbox 1641 1121 1706 1151; x_wconf 61' lang='lat' dir='ltr'>eta,</span> <span class='ocrx_word' id='word_1_372' title='bbox 1747 1121 1777 1147; x_wconf 83' lang='lat' dir='ltr'>et</span> <span class='ocrx_word' id='word_1_373' title='bbox 1804 1126 1959 1160; x_wconf 79' lang='lat' dir='ltr'>responso</span> 
     </span>
     <span class='ocr_line' id='line_1_71' title="bbox 1206 1162 1960 1209; baseline 0 -14"><span class='ocrx_word' id='word_1_374' title='bbox 1206 1164 1313 1201; x_wconf 72' lang='lat' dir='ltr'>Amen,</span> <span class='ocrx_word' id='word_1_375' title='bbox 1340 1171 1526 1209; x_wconf 84' lang='lat' dir='ltr'>aspergatur</span> <span class='ocrx_word' id='word_1_376' title='bbox 1548 1163 1593 1197; x_wconf 86' lang='lat' dir='ltr'>sic</span> <span class='ocrx_word' id='word_1_377' title='bbox 1617 1162 1747 1196; x_wconf 86' lang='lat' dir='ltr'>indutus</span> <span class='ocrx_word' id='word_1_378' title='bbox 1769 1175 1784 1197; x_wconf 92' lang='lat' dir='ltr'>a</span> <span class='ocrx_word' id='word_1_379' title='bbox 1811 1163 1960 1209; x_wconf 82' lang='lat' dir='ltr'>magistro</span> 
     </span>
     <span class='ocr_line' id='line_1_72' title="bbox 1204 1211 1960 1257; baseline 0.001 -12"><span class='ocrx_word' id='word_1_380' title='bbox 1204 1224 1283 1257; x_wconf 85' lang='lat' dir='ltr'>aqna</span> <span class='ocrx_word' id='word_1_381' title='bbox 1309 1211 1486 1251; x_wconf 84' lang='lat' dir='ltr'>benedicta,</span> <span class='ocrx_word' id='word_1_382' title='bbox 1502 1211 1618 1246; x_wconf 86' lang='lat' dir='ltr'>deinde</span> <span class='ocrx_word' id='word_1_383' title='bbox 1646 1224 1757 1246; x_wconf 87' lang='lat' dir='ltr'>omnes</span> <span class='ocrx_word' id='word_1_384' title='bbox 1774 1211 1884 1246; x_wconf 87' lang='lat' dir='ltr'>fratres</span> <span class='ocrx_word' id='word_1_385' title='bbox 1907 1212 1960 1246; x_wconf 87' lang='lat' dir='ltr'>sra-</span> 
     </span>
     <span class='ocr_line' id='line_1_73' title="bbox 1205 1260 1960 1308; baseline 0.003 -14"><span class='ocrx_word' id='word_1_386' title='bbox 1205 1261 1359 1295; x_wconf 76' lang='lat' dir='ltr'>ternitntis</span> <span class='ocrx_word' id='word_1_387' title='bbox 1373 1261 1474 1308; x_wconf 76' lang='lat' dir='ltr'>ipsun]</span> <span class='ocrx_word' id='word_1_388' title='bbox 1491 1261 1642 1308; x_wconf 76' lang='lat' dir='ltr'>recipiant</span> <span class='ocrx_word' id='word_1_389' title='bbox 1653 1260 1690 1295; x_wconf 85' lang='lat' dir='ltr'>ad</span> <span class='ocrx_word' id='word_1_390' title='bbox 1704 1261 1847 1295; x_wconf 88' lang='lat' dir='ltr'>osculum</span> <span class='ocrx_word' id='word_1_391' title='bbox 1863 1261 1960 1307; x_wconf 68' lang='lat' dir='ltr'>pacis,</span> 
     </span>
     <span class='ocr_line' id='line_1_74' title="bbox 1204 1310 1962 1357; baseline 0 -13"><span class='ocrx_word' id='word_1_392' title='bbox 1204 1319 1232 1344; x_wconf 86' lang='lat' dir='ltr'>et</span> <span class='ocrx_word' id='word_1_393' title='bbox 1256 1310 1368 1345; x_wconf 86' lang='lat' dir='ltr'>eodem</span> <span class='ocrx_word' id='word_1_394' title='bbox 1406 1310 1500 1345; x_wconf 90' lang='lat' dir='ltr'>modo</span> <span class='ocrx_word' id='word_1_395' title='bbox 1533 1318 1605 1345; x_wconf 87' lang='lat' dir='ltr'>ante</span> <span class='ocrx_word' id='word_1_396' title='bbox 1640 1310 1736 1344; x_wconf 90' lang='lat' dir='ltr'>altare</span> <span class='ocrx_word' id='word_1_397' title='bbox 1769 1310 1962 1357; x_wconf 84' lang='lat' dir='ltr'>recipiantur</span> 
     </span>
     <span class='ocr_line' id='line_1_75' title="bbox 1204 1359 1961 1406; baseline 0.001 -13"><span class='ocrx_word' id='word_1_398' title='bbox 1204 1360 1365 1403; x_wconf 83' lang='lat' dir='ltr'>mulieres,</span> <span class='ocrx_word' id='word_1_399' title='bbox 1388 1359 1659 1406; x_wconf 84' lang='lat' dir='ltr'>quemadmodum</span> <span class='ocrx_word' id='word_1_400' title='bbox 1680 1367 1728 1394; x_wconf 82' lang='lat' dir='ltr'>est</span> <span class='ocrx_word' id='word_1_401' title='bbox 1751 1359 1790 1394; x_wconf 85' lang='lat' dir='ltr'>de</span> <span class='ocrx_word' id='word_1_402' title='bbox 1813 1359 1961 1394; x_wconf 81' lang='lat' dir='ltr'>fratribus</span> 
     </span>
     <span class='ocr_line' id='line_1_76' title="bbox 1203 1409 1436 1456; baseline -0.004 -12"><span class='ocrx_word' id='word_1_403' title='bbox 1203 1409 1436 1456; x_wconf 88' lang='lat' dir='ltr'>supradictum.</span> 
     </span>
    </p>
   </div>
   <div class='ocr_carea' id='block_1_11' title="bbox 1503 1486 1658 1521">
    <p class='ocr_par' dir='ltr' id='par_1_11' title="bbox 1503 1486 1658 1521">
     <span class='ocr_line' id='line_1_77' title="bbox 1503 1486 1658 1521; baseline -0.007 0"><span class='ocrx_word' id='word_1_404' title='bbox 1503 1486 1583 1521; x_wconf 63' lang='lat' dir='ltr'>Cap,</span> <span class='ocrx_word' id='word_1_405' title='bbox 1608 1486 1658 1521; x_wconf 84' lang='lat' dir='ltr'>{V</span> 
     </span>
    </p>
   </div>
   <div class='ocr_carea' id='block_1_12' title="bbox 1202 1558 1964 2398">
    <p class='ocr_par' dir='ltr' id='par_1_12' title="bbox 1202 1558 1964 2398">
     <span class='ocr_line' id='line_1_78' title="bbox 1252 1558 1960 1605; baseline -0.001 -12"><span class='ocrx_word' id='word_1_406' title='bbox 1252 1558 1420 1605; x_wconf 82' lang='lat' dir='ltr'>Completo</span> <span class='ocrx_word' id='word_1_407' title='bbox 1447 1570 1531 1592; x_wconf 88' lang='lat' dir='ltr'>auno</span> <span class='ocrx_word' id='word_1_408' title='bbox 1567 1558 1728 1602; x_wconf 85' lang='lat' dir='ltr'>velante,</span> <span class='ocrx_word' id='word_1_409' title='bbox 1757 1558 1781 1592; x_wconf 89' lang='lat' dir='ltr'>si</span> <span class='ocrx_word' id='word_1_410' title='bbox 1813 1558 1960 1604; x_wconf 82' lang='lat' dir='ltr'>magistro</span> 
     </span>
     <span class='ocr_line' id='line_1_79' title="bbox 1202 1607 1959 1654; baseline 0 -13"><span class='ocrx_word' id='word_1_411' title='bbox 1202 1616 1231 1642; x_wconf 84' lang='lat' dir='ltr'>et</span> <span class='ocrx_word' id='word_1_412' title='bbox 1261 1621 1354 1654; x_wconf 85' lang='lat' dir='ltr'>priori</span> <span class='ocrx_word' id='word_1_413' title='bbox 1375 1607 1577 1654; x_wconf 82' lang='lat' dir='ltr'>supradictis,</span> <span class='ocrx_word' id='word_1_414' title='bbox 1601 1608 1647 1642; x_wconf 86' lang='lat' dir='ltr'>vel</span> <span class='ocrx_word' id='word_1_415' title='bbox 1662 1608 1711 1642; x_wconf 88' lang='lat' dir='ltr'>cui</span> <span class='ocrx_word' id='word_1_416' title='bbox 1728 1608 1959 1651; x_wconf 87' lang='lat' dir='ltr'>commiserint,</span> 
     </span>
     <span class='ocr_line' id='line_1_80' title="bbox 1202 1657 1959 1704; baseline -0.001 -13"><span class='ocrx_word' id='word_1_417' title='bbox 1202 1666 1231 1692; x_wconf 87' lang='lat' dir='ltr'>et</span> <span class='ocrx_word' id='word_1_418' title='bbox 1254 1658 1345 1691; x_wconf 87' lang='lat' dir='ltr'>etiam</span> <span class='ocrx_word' id='word_1_419' title='bbox 1365 1657 1473 1691; x_wconf 86' lang='lat' dir='ltr'>maiori</span> <span class='ocrx_word' id='word_1_420' title='bbox 1495 1657 1573 1704; x_wconf 84' lang='lat' dir='ltr'>parti</span> <span class='ocrx_word' id='word_1_421' title='bbox 1594 1657 1722 1692; x_wconf 82' lang='lat' dir='ltr'>fratrum</span> <span class='ocrx_word' id='word_1_422' title='bbox 1747 1657 1959 1703; x_wconf 85' lang='lat' dir='ltr'>professorum</span> 
     </span>
     <span class='ocr_line' id='line_1_81' title="bbox 1203 1706 1960 1754; baseline 0 -13"><span class='ocrx_word' id='word_1_423' title='bbox 1203 1707 1406 1741; x_wconf 85' lang='lat' dir='ltr'>fraternitatis</span> <span class='ocrx_word' id='word_1_424' title='bbox 1424 1707 1507 1741; x_wconf 78' lang='lat' dir='ltr'>risus</span> <span class='ocrx_word' id='word_1_425' title='bbox 1534 1706 1627 1741; x_wconf 86' lang='lat' dir='ltr'>suerit</span> <span class='ocrx_word' id='word_1_426' title='bbox 1655 1706 1798 1747; x_wconf 84' lang='lat' dir='ltr'>idoneus,</span> <span class='ocrx_word' id='word_1_427' title='bbox 1821 1706 1859 1741; x_wconf 88' lang='lat' dir='ltr'>ad</span> <span class='ocrx_word' id='word_1_428' title='bbox 1886 1719 1960 1754; x_wconf 88' lang='lat' dir='ltr'>pro-</span> 
     </span>
     <span class='ocr_line' id='line_1_82' title="bbox 1204 1755 1959 1803; baseline -0.001 -12"><span class='ocrx_word' id='word_1_429' title='bbox 1204 1757 1372 1791; x_wconf 85' lang='lat' dir='ltr'>fessionem</span> <span class='ocrx_word' id='word_1_430' title='bbox 1401 1756 1580 1803; x_wconf 84' lang='lat' dir='ltr'>recipiatur.</span> <span class='ocrx_word' id='word_1_431' title='bbox 1618 1755 1823 1790; x_wconf 83' lang='lat' dir='ltr'>Profitcbitur</span> <span class='ocrx_word' id='word_1_432' title='bbox 1854 1764 1959 1790; x_wconf 85' lang='lat' dir='ltr'>autem</span> 
     </span>
     <span class='ocr_line' id='line_1_83' title="bbox 1203 1805 1962 1847; baseline -0.001 -7"><span class='ocrx_word' id='word_1_433' title='bbox 1203 1807 1263 1841; x_wconf 91' lang='lat' dir='ltr'>hoc</span> <span class='ocrx_word' id='word_1_434' title='bbox 1287 1806 1393 1847; x_wconf 85' lang='lat' dir='ltr'>modo,</span> <span class='ocrx_word' id='word_1_435' title='bbox 1423 1805 1577 1841; x_wconf 83' lang='lat' dir='ltr'>videlicet:</span> <span class='ocrx_word' id='word_1_436' title='bbox 1602 1805 1650 1840; x_wconf 78' lang='lat' dir='ltr'>Ad</span> <span class='ocrx_word' id='word_1_437' title='bbox 1675 1805 1828 1840; x_wconf 88' lang='lat' dir='ltr'>honorem</span> <span class='ocrx_word' id='word_1_438' title='bbox 1856 1805 1962 1840; x_wconf 86' lang='lat' dir='ltr'>omui-</span> 
     </span>
     <span class='ocr_line' id='line_1_84' title="bbox 1204 1854 1962 1903; baseline -0.003 -12"><span class='ocrx_word' id='word_1_439' title='bbox 1204 1856 1341 1903; x_wconf 89' lang='lat' dir='ltr'>potentis</span> <span class='ocrx_word' id='word_1_440' title='bbox 1364 1855 1442 1898; x_wconf 81' lang='lat' dir='ltr'>Dei,</span> <span class='ocrx_word' id='word_1_441' title='bbox 1466 1854 1568 1890; x_wconf 86' lang='lat' dir='ltr'>Patris</span> <span class='ocrx_word' id='word_1_442' title='bbox 1601 1863 1631 1890; x_wconf 85' lang='lat' dir='ltr'>et</span> <span class='ocrx_word' id='word_1_443' title='bbox 1665 1854 1737 1889; x_wconf 85' lang='lat' dir='ltr'>Filii</span> <span class='ocrx_word' id='word_1_444' title='bbox 1766 1863 1796 1889; x_wconf 89' lang='lat' dir='ltr'>et</span> <span class='ocrx_word' id='word_1_445' title='bbox 1825 1855 1962 1902; x_wconf 90' lang='lat' dir='ltr'>Spiritus</span> 
     </span>
     <span class='ocr_line' id='line_1_85' title="bbox 1203 1903 1960 1950; baseline -0.003 -10"><span class='ocrx_word' id='word_1_446' title='bbox 1203 1905 1310 1940; x_wconf 83' lang='lat' dir='ltr'>Sancti</span> <span class='ocrx_word' id='word_1_447' title='bbox 1335 1913 1365 1940; x_wconf 85' lang='lat' dir='ltr'>et</span> <span class='ocrx_word' id='word_1_448' title='bbox 1393 1905 1501 1940; x_wconf 84' lang='lat' dir='ltr'>beatae</span> <span class='ocrx_word' id='word_1_449' title='bbox 1523 1904 1639 1939; x_wconf 85' lang='lat' dir='ltr'>Mariae</span> <span class='ocrx_word' id='word_1_450' title='bbox 1661 1903 1801 1950; x_wconf 85' lang='lat' dir='ltr'>Virginis</span> <span class='ocrx_word' id='word_1_451' title='bbox 1828 1912 1857 1939; x_wconf 87' lang='lat' dir='ltr'>et</span> <span class='ocrx_word' id='word_1_452' title='bbox 1880 1904 1960 1939; x_wconf 82' lang='lat' dir='ltr'>beati</span> 
     </span>
     <span class='ocr_line' id='line_1_86' title="bbox 1204 1953 1962 2000; baseline -0.003 -10"><span class='ocrx_word' id='word_1_453' title='bbox 1204 1954 1374 1990; x_wconf 88' lang='lat' dir='ltr'>Dominici.</span> <span class='ocrx_word' id='word_1_454' title='bbox 1402 1954 1471 2000; x_wconf 83' lang='lat' dir='ltr'>Ego</span> <span class='ocrx_word' id='word_1_455' title='bbox 1493 1953 1532 1988; x_wconf 90' lang='lat' dir='ltr'>N.</span> <span class='ocrx_word' id='word_1_456' title='bbox 1560 1966 1666 1989; x_wconf 87' lang='lat' dir='ltr'>coram</span> <span class='ocrx_word' id='word_1_457' title='bbox 1705 1953 1792 1988; x_wconf 80' lang='lat' dir='ltr'>vobis</span> <span class='ocrx_word' id='word_1_458' title='bbox 1825 1953 1862 1988; x_wconf 90' lang='lat' dir='ltr'>N.</span> <span class='ocrx_word' id='word_1_459' title='bbox 1895 1966 1962 1988; x_wconf 89' lang='lat' dir='ltr'>ma-</span> 
     </span>
     <span class='ocr_line' id='line_1_87' title="bbox 1204 2003 1963 2052; baseline -0.003 -13"><span class='ocrx_word' id='word_1_460' title='bbox 1204 2005 1301 2050; x_wconf 83' lang='lat' dir='ltr'>gistro</span> <span class='ocrx_word' id='word_1_461' title='bbox 1324 2013 1353 2039; x_wconf 89' lang='lat' dir='ltr'>et</span> <span class='ocrx_word' id='word_1_462' title='bbox 1378 2004 1481 2052; x_wconf 88' lang='lat' dir='ltr'>priore</span> <span class='ocrx_word' id='word_1_463' title='bbox 1498 2003 1627 2038; x_wconf 86' lang='lat' dir='ltr'>fratrum</span> <span class='ocrx_word' id='word_1_464' title='bbox 1643 2003 1773 2038; x_wconf 90' lang='lat' dir='ltr'>Ordinis</span> <span class='ocrx_word' id='word_1_465' title='bbox 1788 2003 1826 2038; x_wconf 86' lang='lat' dir='ltr'>de</span> <span class='ocrx_word' id='word_1_466' title='bbox 1846 2003 1963 2038; x_wconf 88' lang='lat' dir='ltr'>Poeni—</span> 
     </span>
     <span class='ocr_line' id='line_1_88' title="bbox 1206 2052 1964 2099; baseline -0.004 -10"><span class='ocrx_word' id='word_1_467' title='bbox 1206 2054 1302 2089; x_wconf 89' lang='lat' dir='ltr'>tentia</span> <span class='ocrx_word' id='word_1_468' title='bbox 1330 2054 1367 2088; x_wconf 91' lang='grc' dir='ltr'>Β.</span> <span class='ocrx_word' id='word_1_469' title='bbox 1396 2053 1569 2094; x_wconf 76' lang='lat' dir='ltr'>Dominici,</span> <span class='ocrx_word' id='word_1_470' title='bbox 1600 2053 1670 2088; x_wconf 88' lang='lat' dir='ltr'>talis</span> <span class='ocrx_word' id='word_1_471' title='bbox 1703 2052 1776 2092; x_wconf 86' lang='lat' dir='ltr'>loci,</span> <span class='ocrx_word' id='word_1_472' title='bbox 1816 2052 1964 2099; x_wconf 82' lang='lat' dir='ltr'>profiteor</span> 
     </span>
     <span class='ocr_line' id='line_1_89' title="bbox 1206 2101 1964 2139; baseline -0.001 -2"><span class='ocrx_word' id='word_1_473' title='bbox 1206 2116 1254 2138; x_wconf 87' lang='lat' dir='ltr'>me</span> <span class='ocrx_word' id='word_1_474' title='bbox 1284 2103 1361 2138; x_wconf 85' lang='lat' dir='ltr'>velle</span> <span class='ocrx_word' id='word_1_475' title='bbox 1377 2103 1415 2138; x_wconf 86' lang='lat' dir='ltr'>de</span> <span class='ocrx_word' id='word_1_476' title='bbox 1438 2111 1561 2139; x_wconf 82' lang='lat' dir='ltr'>caetero</span> <span class='ocrx_word' id='word_1_477' title='bbox 1585 2102 1685 2137; x_wconf 88' lang='lat' dir='ltr'>vivere</span> <span class='ocrx_word' id='word_1_478' title='bbox 1707 2102 1884 2137; x_wconf 89' lang='lat' dir='ltr'>secundum</span> <span class='ocrx_word' id='word_1_479' title='bbox 1900 2101 1964 2136; x_wconf 91' lang='lat' dir='ltr'>for-</span> 
     </span>
     <span class='ocr_line' id='line_1_90' title="bbox 1205 2152 1964 2198; baseline -0.001 -11"><span class='ocrx_word' id='word_1_480' title='bbox 1205 2165 1288 2187; x_wconf 90' lang='lat' dir='ltr'>mam</span> <span class='ocrx_word' id='word_1_481' title='bbox 1312 2162 1342 2188; x_wconf 88' lang='lat' dir='ltr'>et</span> <span class='ocrx_word' id='word_1_482' title='bbox 1357 2152 1496 2198; x_wconf 74' lang='lat' dir='ltr'>regulam</span> <span class='ocrx_word' id='word_1_483' title='bbox 1520 2152 1651 2187; x_wconf 89' lang='lat' dir='ltr'>fratrum</span> <span class='ocrx_word' id='word_1_484' title='bbox 1670 2159 1700 2186; x_wconf 85' lang='lat' dir='ltr'>et</span> <span class='ocrx_word' id='word_1_485' title='bbox 1715 2164 1859 2187; x_wconf 88' lang='lat' dir='ltr'>sororum</span> <span class='ocrx_word' id='word_1_486' title='bbox 1876 2152 1964 2186; x_wconf 90' lang='lat' dir='ltr'>eius-</span> 
     </span>
     <span class='ocr_line' id='line_1_91' title="bbox 1205 2201 1960 2237; baseline -0.003 0"><span class='ocrx_word' id='word_1_487' title='bbox 1205 2203 1276 2237; x_wconf 89' lang='lat' dir='ltr'>dem</span> <span class='ocrx_word' id='word_1_488' title='bbox 1305 2202 1437 2237; x_wconf 88' lang='lat' dir='ltr'>Ordinis</span> <span class='ocrx_word' id='word_1_489' title='bbox 1461 2202 1500 2237; x_wconf 89' lang='lat' dir='ltr'>de</span> <span class='ocrx_word' id='word_1_490' title='bbox 1521 2201 1720 2237; x_wconf 86' lang='lat' dir='ltr'>Poenitentia</span> <span class='ocrx_word' id='word_1_491' title='bbox 1740 2201 1776 2235; x_wconf 93' lang='lat' dir='ltr'>B.</span> <span class='ocrx_word' id='word_1_492' title='bbox 1799 2201 1960 2236; x_wconf 89' lang='lat' dir='ltr'>Dominici</span> 
     </span>
     <span class='ocr_line' id='line_1_92' title="bbox 1207 2250 1962 2299; baseline -0.003 -13"><span class='ocrx_word' id='word_1_493' title='bbox 1207 2265 1306 2299; x_wconf 89' lang='lat' dir='ltr'>usque</span> <span class='ocrx_word' id='word_1_494' title='bbox 1333 2251 1370 2286; x_wconf 89' lang='lat' dir='ltr'>ad</span> <span class='ocrx_word' id='word_1_495' title='bbox 1396 2260 1543 2287; x_wconf 87' lang='lat' dir='ltr'>mortem.</span> <span class='ocrx_word' id='word_1_496' title='bbox 1573 2251 1724 2286; x_wconf 81' lang='lat' dir='ltr'>Mulieres</span> <span class='ocrx_word' id='word_1_497' title='bbox 1752 2263 1824 2286; x_wconf 88' lang='lat' dir='ltr'>vero</span> <span class='ocrx_word' id='word_1_498' title='bbox 1851 2250 1962 2285; x_wconf 86' lang='lat' dir='ltr'>eodem</span> 
     </span>
     <span class='ocr_line' id='line_1_93' title="bbox 1206 2301 1964 2348; baseline -0.003 -12"><span class='ocrx_word' id='word_1_499' title='bbox 1206 2302 1302 2336; x_wconf 88' lang='lat' dir='ltr'>modo</span> <span class='ocrx_word' id='word_1_500' title='bbox 1335 2301 1540 2348; x_wconf 82' lang='lat' dir='ltr'>profiteantur</span> <span class='ocrx_word' id='word_1_501' title='bbox 1577 2313 1682 2336; x_wconf 88' lang='lat' dir='ltr'>coram</span> <span class='ocrx_word' id='word_1_502' title='bbox 1724 2301 1874 2347; x_wconf 83' lang='lat' dir='ltr'>magistro</span> <span class='ocrx_word' id='word_1_503' title='bbox 1908 2313 1964 2334; x_wconf 88' lang='lat' dir='ltr'>su-</span> 
     </span>
     <span class='ocr_line' id='line_1_94' title="bbox 1208 2349 1962 2398; baseline 0 -14"><span class='ocrx_word' id='word_1_504' title='bbox 1208 2351 1349 2398; x_wconf 89' lang='lat' dir='ltr'>pradicto</span> <span class='ocrx_word' id='word_1_505' title='bbox 1371 2359 1401 2386; x_wconf 92' lang='lat' dir='ltr'>et</span> <span class='ocrx_word' id='word_1_506' title='bbox 1424 2351 1584 2398; x_wconf 81' lang='lat' dir='ltr'>priorissa,</span> <span class='ocrx_word' id='word_1_507' title='bbox 1607 2350 1654 2385; x_wconf 83' lang='lat' dir='ltr'>vel</span> <span class='ocrx_word' id='word_1_508' title='bbox 1679 2350 1727 2384; x_wconf 91' lang='lat' dir='ltr'>cui</span> <span class='ocrx_word' id='word_1_509' title='bbox 1756 2349 1962 2385; x_wconf 87' lang='lat' dir='ltr'>commiserit.</span> 
     </span>
    </p>
   </div>
   <div class='ocr_carea' id='block_1_13' title="bbox 1510 2425 1659 2461">
    <p class='ocr_par' dir='ltr' id='par_1_13' title="bbox 1510 2425 1659 2461">
     <span class='ocr_line' id='line_1_95' title="bbox 1510 2425 1659 2461; baseline -0.007 0"><span class='ocrx_word' id='word_1_510' title='bbox 1510 2426 1593 2461; x_wconf 73' lang='lat' dir='ltr'>CAr.</span> <span class='ocrx_word' id='word_1_511' title='bbox 1622 2425 1659 2460; x_wconf 89' lang='lat' dir='ltr'>V.</span> 
     </span>
    </p>
   </div>
   <div class='ocr_carea' id='block_1_14' title="bbox 1258 2496 2164 2562">
    <p class='ocr_par' dir='ltr' id='par_1_14' title="bbox 1258 2496 2164 2562">
     <span class='ocr_line' id='line_1_96' title="bbox 1258 2496 2164 2561; baseline -0.002 -29"><span class='ocrx_word' id='word_1_512' title='bbox 1258 2498 1433 2533; x_wconf 80' lang='lat' dir='ltr'>Statuimus</span> <span class='ocrx_word' id='word_1_513' title='bbox 1455 2507 1572 2542; x_wconf 80' lang='lat' dir='ltr'>autem,</span> <span class='ocrx_word' id='word_1_514' title='bbox 1596 2507 1629 2532; x_wconf 92' lang='lat' dir='ltr'>ut</span> <span class='ocrx_word' id='word_1_515' title='bbox 1649 2496 1756 2532; x_wconf 87' lang='lat' dir='ltr'>nullus</span> <span class='ocrx_word' id='word_1_516' title='bbox 1784 2497 1887 2538; x_wconf 75' lang='lat' dir='ltr'>frater.</span> <span class='ocrx_word' id='word_1_517' title='bbox 1908 2510 1963 2532; x_wconf 87' lang='lat' dir='ltr'>nec</span> <span class='ocrx_word' id='word_1_518' title='bbox 1992 2511 2020 2531; x_wconf 65' lang='lat' dir='ltr'>na</span> <span class='ocrx_word' id='word_1_519' title='bbox 2035 2516 2164 2561; x_wconf 31' lang='lat' dir='ltr'>,Remanen-</span> 
     </span>
     <span class='ocr_line' id='line_1_97' title="bbox 1979 2543 2156 2562; baseline -0.006 0"><span class='ocrx_word' id='word_1_520' title='bbox 1979 2543 2034 2562; x_wconf 76' lang='lat' dir='ltr'>tia&#39;m</span> <span class='ocrx_word' id='word_1_521' title='bbox 2058 2547 2082 2562; x_wconf 78' lang='lat' dir='ltr'>or</span> <span class='ocrx_word' id='word_1_522' title='bbox 2093 2545 2156 2561; x_wconf 72' lang='lat' dir='ltr'>statu.</span> 
     </span>
    </p>
   </div>
   <div class='ocr_carea' id='block_1_15' title="bbox 1209 2547 1963 2691">
    <p class='ocr_par' dir='ltr' id='par_1_15' title="bbox 1209 2547 1963 2691">
     <span class='ocr_line' id='line_1_98' title="bbox 1209 2547 1963 2593; baseline 0 -13"><span class='ocrx_word' id='word_1_523' title='bbox 1209 2558 1297 2580; x_wconf 88' lang='lat' dir='ltr'>soror</span> <span class='ocrx_word' id='word_1_524' title='bbox 1320 2547 1415 2581; x_wconf 88' lang='lat' dir='ltr'>huius</span> <span class='ocrx_word' id='word_1_525' title='bbox 1450 2547 1653 2582; x_wconf 84' lang='lat' dir='ltr'>fraternitatis</span> <span class='ocrx_word' id='word_1_526' title='bbox 1674 2556 1703 2582; x_wconf 90' lang='lat' dir='ltr'>et</span> <span class='ocrx_word' id='word_1_527' title='bbox 1727 2547 1870 2586; x_wconf 82' lang='lat' dir='ltr'>Ordinis,</span> <span class='ocrx_word' id='word_1_528' title='bbox 1894 2555 1963 2593; x_wconf 91' lang='lat' dir='ltr'>post</span> 
     </span>
     <span class='ocr_line' id='line_1_99' title="bbox 1209 2596 1963 2644; baseline -0.001 -14"><span class='ocrx_word' id='word_1_529' title='bbox 1209 2597 1421 2642; x_wconf 85' lang='lat' dir='ltr'>supradictam</span> <span class='ocrx_word' id='word_1_530' title='bbox 1452 2597 1681 2644; x_wconf 81' lang='lat' dir='ltr'>professionem</span> <span class='ocrx_word' id='word_1_531' title='bbox 1701 2597 1739 2631; x_wconf 90' lang='lat' dir='ltr'>de</span> <span class='ocrx_word' id='word_1_532' title='bbox 1756 2597 1815 2631; x_wconf 89' lang='lat' dir='ltr'>hoc</span> <span class='ocrx_word' id='word_1_533' title='bbox 1842 2596 1963 2630; x_wconf 86' lang='lat' dir='ltr'>Ordine</span> 
     </span>
     <span class='ocr_line' id='line_1_100' title="bbox 1210 2645 1962 2691; baseline 0 -12"><span class='ocrx_word' id='word_1_534' title='bbox 1210 2645 1315 2691; x_wconf 78' lang='lat' dir='ltr'>egredi</span> <span class='ocrx_word' id='word_1_535' title='bbox 1345 2646 1455 2686; x_wconf 82' lang='lat' dir='ltr'>valcat,</span> <span class='ocrx_word' id='word_1_536' title='bbox 1491 2658 1548 2681; x_wconf 89' lang='lat' dir='ltr'>nec</span> <span class='ocrx_word' id='word_1_537' title='bbox 1575 2646 1695 2681; x_wconf 83' lang='lat' dir='ltr'>eisdem</span> <span class='ocrx_word' id='word_1_538' title='bbox 1730 2645 1768 2681; x_wconf 89' lang='lat' dir='ltr'>ad</span> <span class='ocrx_word' id='word_1_539' title='bbox 1802 2645 1962 2681; x_wconf 83' lang='lat' dir='ltr'>saeculum</span> 
     </span>
    </p>
   </div>
   <div class='ocr_carea' id='block_1_16' title="bbox 1973 271 2158 298">
    <p class='ocr_par' dir='ltr' id='par_1_16' title="bbox 1973 271 2158 298">
     <span class='ocr_line' id='line_1_101' title="bbox 1973 271 2158 298; baseline -0.005 0"><span class='ocrx_word' id='word_1_540' title='bbox 1973 272 2021 298; x_wconf 82' lang='lat' dir='ltr'>An.</span> <span class='ocrx_word' id='word_1_541' title='bbox 2041 271 2069 297; x_wconf 92' lang='lat' dir='ltr'>C.</span> <span class='ocrx_word' id='word_1_542' title='bbox 2091 272 2158 297; x_wconf 69' lang='lat' dir='ltr'>ttaots</span> 
     </span>
    </p>
   </div>
   <div class='ocr_carea' id='block_1_17' title="bbox 1534 377 2158 420">
    <p class='ocr_par' dir='ltr' id='par_1_17' title="bbox 1534 377 2158 420">
     <span class='ocr_line' id='line_1_102' title="bbox 1534 377 2158 420; baseline 0.003 -11"><span class='ocrx_word' id='word_1_543' title='bbox 1534 377 1689 420; x_wconf 73' lang='lat' dir='ltr'>Domine,</span> <span class='ocrx_word' id='word_1_544' title='bbox 1716 377 1957 411; x_wconf 82' lang='lat' dir='ltr'>misericordiam</span> <span class='ocrx_word' id='word_1_545' title='bbox 1987 387 2158 407; x_wconf 57' lang='lat' dir='ltr'>nehauoda-1¹0-</span> 
     </span>
    </p>
   </div>
   <div class='ocr_carea' id='block_1_18' title="bbox 1892 421 2112 460">
    <p class='ocr_par' dir='ltr' id='par_1_18' title="bbox 1892 421 2112 460">
     <span class='ocr_line' id='line_1_103' title="bbox 1892 421 2112 460; baseline -0.014 -20"><span class='ocrx_word' id='word_1_546' title='bbox 1892 427 1958 460; x_wconf 54' lang='lat' dir='ltr'>Du-</span> <span class='ocrx_word' id='word_1_547' title='bbox 1973 424 2000 439; x_wconf 80' lang='lat' dir='ltr'>ne</span> <span class='ocrx_word' id='word_1_548' title='bbox 2017 421 2112 438; x_wconf 64' lang='lat' dir='ltr'>vet-tumn.</span> 
     </span>
    </p>
   </div>
   <div class='ocr_carea' id='block_1_19' title="bbox 1951 1570 2161 1654">
    <p class='ocr_par' dir='ltr' id='par_1_19' title="bbox 1975 1570 2161 1654">
     <span class='ocr_line' id='line_1_104' title="bbox 1983 1570 2159 1598; baseline -0.006 -6"><span class='ocrx_word' id='word_1_549' title='bbox 1983 1572 2011 1592; x_wconf 81' lang='lat' dir='ltr'>De</span> <span class='ocrx_word' id='word_1_550' title='bbox 2027 1570 2159 1598; x_wconf 68' lang='lat' dir='ltr'>professione</span> 
     </span>
     <span class='ocr_line' id='line_1_105' title="bbox 1976 1603 2161 1629; baseline -0.012 -4.861"><span class='ocrx_word' id='word_1_551' title='bbox 1976 1609 2013 1624; x_wconf 78' lang='lat' dir='ltr'>seu</span> <span class='ocrx_word' id='word_1_552' title='bbox 2029 1603 2089 1623; x_wconf 83' lang='lat' dir='ltr'>inodo</span> <span class='ocrx_word' id='word_1_553' title='bbox 2108 1608 2161 1629; x_wconf 85' lang='lat' dir='ltr'>pro-</span> 
     </span>
     <span class='ocr_line' id='line_1_106' title="bbox 1951 1634 2055 1654; baseline -0.013 0.3"><span class='ocrx_word' id='word_1_554' title='bbox 1951 1634 2055 1654; x_wconf 65' lang='lat' dir='ltr'>verendi,</span> 
     </span>
    </p>
   </div>
   <div class='ocr_carea' id='block_1_20' title="bbox 2241 272 2274 3265">
    <p class='ocr_par' dir='ltr' id='par_1_20' title="bbox 2241 272 2274 3265">
     <span class='ocr_line' id='line_1_107' title="bbox 2241 272 2274 3265; baseline 0 0"><span class='ocrx_word' id='word_1_555' title='bbox 2241 272 2274 3265; x_wconf 95' lang='lat' dir='ltr'> </span> 
     </span>
    </p>
   </div>
  </div>
 </body>
</html>
