<?xml version="1.0" encoding="UTF-8"?>
<!DOCTYPE html PUBLIC "-//W3C//DTD XHTML 1.0 Transitional//EN"
    "http://www.w3.org/TR/xhtml1/DTD/xhtml1-transitional.dtd">
<html xmlns="http://www.w3.org/1999/xhtml" xml:lang="en" lang="en">
 <head>
  <title>
</title>
<meta http-equiv="Content-Type" content="text/html;charset=utf-8" />
  <meta name='ocr-system' content='tesseract 3.04.00' />
  <meta name='ocr-capabilities' content='ocr_page ocr_carea ocr_par ocr_line ocrx_word'/>
</head>
<body>
  <div class='ocr_page' id='page_1' title='image "./bullarumdiplomat04cath_0215.png"; bbox 0 0 2274 3265; ppageno 0'>
   <div class='ocr_carea' id='block_1_1' title="bbox 0 1583 3 2145">
    <p class='ocr_par' dir='ltr' id='par_1_1' title="bbox 0 1583 3 2145">
     <span class='ocr_line' id='line_1_1' title="bbox 0 1583 3 2145; baseline 0 0"><span class='ocrx_word' id='word_1_1' title='bbox 0 1583 3 2145; x_wconf 95' lang='lat' dir='ltr'> </span> 
     </span>
    </p>
   </div>
   <div class='ocr_carea' id='block_1_2' title="bbox 88 293 268 320">
    <p class='ocr_par' dir='ltr' id='par_1_2' title="bbox 88 293 268 320">
     <span class='ocr_line' id='line_1_2' title="bbox 88 293 268 320; baseline 0.006 -1"><span class='ocrx_word' id='word_1_2' title='bbox 88 293 135 320; x_wconf 64' lang='lat' dir='ltr'>An,</span> <span class='ocrx_word' id='word_1_3' title='bbox 154 293 182 319; x_wconf 88' lang='lat' dir='ltr'>C.</span> <span class='ocrx_word' id='word_1_4' title='bbox 201 293 268 320; x_wconf 79' lang='grc'>1510</span> 
     </span>
    </p>
   </div>
   <div class='ocr_carea' id='block_1_3' title="bbox 86 404 269 462">
    <p class='ocr_par' dir='ltr' id='par_1_3' title="bbox 86 404 269 462">
     <span class='ocr_line' id='line_1_3' title="bbox 102 404 269 424; baseline -0.006 0"><span class='ocrx_word' id='word_1_5' title='bbox 102 404 128 424; x_wconf 81' lang='lat' dir='ltr'>De</span> <span class='ocrx_word' id='word_1_6' title='bbox 148 404 230 424; x_wconf 76' lang='lat' dir='ltr'>iudiciis</span> <span class='ocrx_word' id='word_1_7' title='bbox 249 406 269 423; x_wconf 82' lang='lat' dir='ltr'>et</span> 
     </span>
     <span class='ocr_line' id='line_1_4' title="bbox 86 434 268 462; baseline -0.011 -7"><span class='ocrx_word' id='word_1_8' title='bbox 86 434 268 462; x_wconf 76' lang='lat' dir='ltr'>appellationibus.</span> 
     </span>
    </p>
   </div>
   <div class='ocr_carea' id='block_1_4' title="bbox 81 2191 266 2369">
    <p class='ocr_par' dir='ltr' id='par_1_4' title="bbox 81 2191 266 2369">
     <span class='ocr_line' id='line_1_5' title="bbox 96 2191 265 2213; baseline 0 -1"><span class='ocrx_word' id='word_1_9' title='bbox 96 2191 118 2212; x_wconf 86' lang='lat' dir='ltr'>ln</span> <span class='ocrx_word' id='word_1_10' title='bbox 142 2194 211 2213; x_wconf 77' lang='lat' dir='ltr'>causis</span> <span class='ocrx_word' id='word_1_11' title='bbox 232 2194 265 2212; x_wconf 75' lang='lat' dir='ltr'>vi—</span> 
     </span>
     <span class='ocr_line' id='line_1_6' title="bbox 82 2226 265 2245; baseline 0.005 -1"><span class='ocrx_word' id='word_1_12' title='bbox 82 2226 159 2244; x_wconf 79' lang='lat' dir='ltr'>carium</span> <span class='ocrx_word' id='word_1_13' title='bbox 177 2226 265 2245; x_wconf 71' lang='lat' dir='ltr'>amotus</span> 
     </span>
     <span class='ocr_line' id='line_1_7' title="bbox 81 2256 266 2276; baseline 0.005 -1"><span class='ocrx_word' id='word_1_14' title='bbox 81 2256 194 2276; x_wconf 65' lang='lat' dir='ltr'>familiares</span> <span class='ocrx_word' id='word_1_15' title='bbox 218 2260 266 2276; x_wconf 69' lang='lat' dir='ltr'>tan-</span> 
     </span>
     <span class='ocr_line' id='line_1_8' title="bbox 83 2286 265 2312; baseline 0.005 -6"><span class='ocrx_word' id='word_1_16' title='bbox 83 2288 179 2312; x_wconf 69' lang='lat' dir='ltr'>gentibus</span> <span class='ocrx_word' id='word_1_17' title='bbox 205 2286 265 2307; x_wconf 53' lang='lat' dir='ltr'>setus</span> 
     </span>
     <span class='ocr_line' id='line_1_9' title="bbox 83 2318 266 2344; baseline -0.005 -6"><span class='ocrx_word' id='word_1_18' title='bbox 83 2318 154 2344; x_wconf 72' lang='lat' dir='ltr'>Apostv</span> <span class='ocrx_word' id='word_1_19' title='bbox 189 2322 266 2344; x_wconf 67' lang='lat' dir='ltr'>petew</span> 
     </span>
     <span class='ocr_line' id='line_1_10' title="bbox 82 2349 248 2369; baseline 0 -1"><span class='ocrx_word' id='word_1_20' title='bbox 82 2350 128 2368; x_wconf 85' lang='lat' dir='ltr'>dum</span> <span class='ocrx_word' id='word_1_21' title='bbox 143 2349 248 2369; x_wconf 79' lang='lat' dir='ltr'>iudicium.</span> 
     </span>
    </p>
   </div>
   <div class='ocr_carea' id='block_1_5' title="bbox 927 294 1182 318">
    <p class='ocr_par' dir='ltr' id='par_1_5' title="bbox 927 294 1182 318">
     <span class='ocr_line' id='line_1_11' title="bbox 927 294 1182 318; baseline -0.004 -1"><span class='ocrx_word' id='word_1_22' title='bbox 927 294 1069 318; x_wconf 43' lang='lat' dir='ltr'>(31,thth</span> <span class='ocrx_word' id='word_1_23' title='bbox 1092 295 1111 317; x_wconf 84' lang='lat' dir='ltr'>V</span> <span class='ocrx_word' id='word_1_24' title='bbox 1136 295 1182 317; x_wconf 74' lang='grc' dir='ltr'>ΙΨ.</span> 
     </span>
    </p>
   </div>
   <div class='ocr_carea' id='block_1_6' title="bbox 278 349 1033 2729">
    <p class='ocr_par' dir='ltr' id='par_1_6' title="bbox 278 349 1033 2134">
     <span class='ocr_line' id='line_1_12' title="bbox 333 349 1029 397; baseline 0.001 -15"><span class='ocrx_word' id='word_1_25' title='bbox 333 349 354 396; x_wconf 64' lang='lat' dir='ltr'>g</span> <span class='ocrx_word' id='word_1_26' title='bbox 377 351 432 383; x_wconf 81' lang='lat'>15.</span> <span class='ocrx_word' id='word_1_27' title='bbox 451 349 512 391; x_wconf 84' lang='lat' dir='ltr'>Qui</span> <span class='ocrx_word' id='word_1_28' title='bbox 538 358 674 396; x_wconf 85' lang='lat' dir='ltr'>potestas</span> <span class='ocrx_word' id='word_1_29' title='bbox 688 358 748 384; x_wconf 87' lang='lat' dir='ltr'>tam</span> <span class='ocrx_word' id='word_1_30' title='bbox 766 351 795 384; x_wconf 92' lang='lat' dir='ltr'>in</span> <span class='ocrx_word' id='word_1_31' title='bbox 816 351 917 396; x_wconf 90' lang='lat' dir='ltr'>primo</span> <span class='ocrx_word' id='word_1_32' title='bbox 937 363 1029 397; x_wconf 83' lang='lat' dir='ltr'>quam</span> 
     </span>
     <span class='ocr_line' id='line_1_13' title="bbox 288 397 1033 446; baseline 0 -14"><span class='ocrx_word' id='word_1_33' title='bbox 288 397 316 432; x_wconf 89' lang='lat' dir='ltr'>in</span> <span class='ocrx_word' id='word_1_34' title='bbox 344 398 485 433; x_wconf 89' lang='lat' dir='ltr'>secundo</span> <span class='ocrx_word' id='word_1_35' title='bbox 508 410 581 434; x_wconf 87' lang='lat' dir='ltr'>casu</span> <span class='ocrx_word' id='word_1_36' title='bbox 606 399 716 434; x_wconf 88' lang='lat' dir='ltr'>iurabit</span> <span class='ocrx_word' id='word_1_37' title='bbox 741 399 866 446; x_wconf 85' lang='lat' dir='ltr'>publice</span> <span class='ocrx_word' id='word_1_38' title='bbox 893 400 975 434; x_wconf 88' lang='lat' dir='ltr'>dicto</span> <span class='ocrx_word' id='word_1_39' title='bbox 992 400 1033 432; x_wconf 92' lang='lat' dir='ltr'>vi—</span> 
     </span>
     <span class='ocr_line' id='line_1_14' title="bbox 287 447 1032 495; baseline 0.003 -14"><span class='ocrx_word' id='word_1_40' title='bbox 287 447 371 482; x_wconf 88' lang='lat' dir='ltr'>cario</span> <span class='ocrx_word' id='word_1_41' title='bbox 399 448 428 482; x_wconf 93' lang='lat' dir='ltr'>in</span> <span class='ocrx_word' id='word_1_42' title='bbox 458 449 633 495; x_wconf 85' lang='lat' dir='ltr'>praesentia</span> <span class='ocrx_word' id='word_1_43' title='bbox 661 449 856 483; x_wconf 87' lang='lat' dir='ltr'>antianorum</span> <span class='ocrx_word' id='word_1_44' title='bbox 896 458 925 483; x_wconf 85' lang='lat' dir='ltr'>et</span> <span class='ocrx_word' id='word_1_45' title='bbox 954 461 1032 483; x_wconf 80' lang='lat' dir='ltr'>con—</span> 
     </span>
     <span class='ocr_line' id='line_1_15' title="bbox 286 497 1029 545; baseline 0.003 -15"><span class='ocrx_word' id='word_1_46' title='bbox 286 497 344 531; x_wconf 83' lang='lat' dir='ltr'>silii</span> <span class='ocrx_word' id='word_1_47' title='bbox 381 498 628 545; x_wconf 88' lang='lat' dir='ltr'>praedictorum,</span> <span class='ocrx_word' id='word_1_48' title='bbox 662 498 743 545; x_wconf 85' lang='lat' dir='ltr'>quod</span> <span class='ocrx_word' id='word_1_49' title='bbox 772 497 909 532; x_wconf 87' lang='lat' dir='ltr'>ossicium</span> <span class='ocrx_word' id='word_1_50' title='bbox 938 511 1029 534; x_wconf 88' lang='lat' dir='ltr'>suum</span> 
     </span>
     <span class='ocr_line' id='line_1_16' title="bbox 287 546 1031 583; baseline 0.003 -3"><span class='ocrx_word' id='word_1_51' title='bbox 287 546 364 581; x_wconf 88' lang='lat' dir='ltr'>bene</span> <span class='ocrx_word' id='word_1_52' title='bbox 386 557 417 582; x_wconf 88' lang='lat' dir='ltr'>et</span> <span class='ocrx_word' id='word_1_53' title='bbox 445 547 577 583; x_wconf 83' lang='lat' dir='ltr'>fideliter</span> <span class='ocrx_word' id='word_1_54' title='bbox 604 547 761 582; x_wconf 70' lang='lat' dir='ltr'>exercebit</span> <span class='ocrx_word' id='word_1_55' title='bbox 784 556 813 581; x_wconf 90' lang='lat' dir='ltr'>et</span> <span class='ocrx_word' id='word_1_56' title='bbox 836 547 928 583; x_wconf 83' lang='lat' dir='ltr'>saciet</span> <span class='ocrx_word' id='word_1_57' title='bbox 956 560 1031 583; x_wconf 91' lang='lat' dir='ltr'>om—</span> 
     </span>
     <span class='ocr_line' id='line_1_17' title="bbox 285 596 1029 645; baseline 0.003 -15"><span class='ocrx_word' id='word_1_58' title='bbox 285 596 379 631; x_wconf 88' lang='lat' dir='ltr'>nibus</span> <span class='ocrx_word' id='word_1_59' title='bbox 406 596 539 632; x_wconf 86' lang='lat' dir='ltr'>iustitiae</span> <span class='ocrx_word' id='word_1_60' title='bbox 574 596 855 644; x_wconf 85' lang='lat' dir='ltr'>complementum,</span> <span class='ocrx_word' id='word_1_61' title='bbox 883 606 913 632; x_wconf 90' lang='lat' dir='ltr'>et</span> <span class='ocrx_word' id='word_1_62' title='bbox 946 601 1029 645; x_wconf 89' lang='lat' dir='ltr'>quod</span> 
     </span>
     <span class='ocr_line' id='line_1_18' title="bbox 283 646 1032 695; baseline 0.004 -16"><span class='ocrx_word' id='word_1_63' title='bbox 283 646 419 681; x_wconf 73' lang='lat' dir='ltr'>servabit</span> <span class='ocrx_word' id='word_1_64' title='bbox 441 654 554 681; x_wconf 87' lang='lat' dir='ltr'>statuta</span> <span class='ocrx_word' id='word_1_65' title='bbox 577 646 654 681; x_wconf 81' lang='lat' dir='ltr'>saeta</span> <span class='ocrx_word' id='word_1_66' title='bbox 677 655 706 681; x_wconf 90' lang='lat' dir='ltr'>et</span> <span class='ocrx_word' id='word_1_67' title='bbox 730 646 883 691; x_wconf 81' lang='lat' dir='ltr'>facienda,</span> <span class='ocrx_word' id='word_1_68' title='bbox 906 654 935 682; x_wconf 85' lang='lat' dir='ltr'>et</span> <span class='ocrx_word' id='word_1_69' title='bbox 962 661 1032 695; x_wconf 91' lang='lat' dir='ltr'>pro-</span> 
     </span>
     <span class='ocr_line' id='line_1_19' title="bbox 282 695 1029 743; baseline 0.004 -14"><span class='ocrx_word' id='word_1_70' title='bbox 282 695 403 730; x_wconf 77' lang='lat' dir='ltr'>curabit</span> <span class='ocrx_word' id='word_1_71' title='bbox 435 708 487 737; x_wconf 82' lang='lat' dir='ltr'>ea,</span> <span class='ocrx_word' id='word_1_72' title='bbox 518 708 598 743; x_wconf 87' lang='lat' dir='ltr'>quae</span> <span class='ocrx_word' id='word_1_73' title='bbox 631 704 772 743; x_wconf 86' lang='lat' dir='ltr'>spectant</span> <span class='ocrx_word' id='word_1_74' title='bbox 806 696 841 731; x_wconf 88' lang='lat' dir='ltr'>ad</span> <span class='ocrx_word' id='word_1_75' title='bbox 878 697 1029 732; x_wconf 76' lang='lat' dir='ltr'>bonorem</span> 
     </span>
     <span class='ocr_line' id='line_1_20' title="bbox 283 745 1031 787; baseline 0.004 -8"><span class='ocrx_word' id='word_1_76' title='bbox 283 753 407 780; x_wconf 78' lang='lat' dir='ltr'>sanctae</span> <span class='ocrx_word' id='word_1_77' title='bbox 429 745 571 780; x_wconf 79' lang='lat' dir='ltr'>Romane</span> <span class='ocrx_word' id='word_1_78' title='bbox 590 745 760 787; x_wconf 78' lang='lat' dir='ltr'>Ecclesiae,</span> <span class='ocrx_word' id='word_1_79' title='bbox 783 755 812 780; x_wconf 92' lang='lat' dir='ltr'>et</span> <span class='ocrx_word' id='word_1_80' title='bbox 835 746 951 781; x_wconf 91' lang='lat' dir='ltr'>bonnm</span> <span class='ocrx_word' id='word_1_81' title='bbox 972 756 1031 782; x_wconf 90' lang='lat' dir='ltr'>sta-</span> 
     </span>
     <span class='ocr_line' id='line_1_21' title="bbox 284 795 1029 842; baseline 0.005 -14"><span class='ocrx_word' id='word_1_82' title='bbox 284 803 347 829; x_wconf 92' lang='lat' dir='ltr'>tum</span> <span class='ocrx_word' id='word_1_83' title='bbox 364 803 394 829; x_wconf 86' lang='lat' dir='ltr'>et</span> <span class='ocrx_word' id='word_1_84' title='bbox 409 795 572 842; x_wconf 84' lang='lat' dir='ltr'>pacificum</span> <span class='ocrx_word' id='word_1_85' title='bbox 589 796 734 830; x_wconf 83' lang='lat' dir='ltr'>civitatis.</span> <span class='ocrx_word' id='word_1_86' title='bbox 753 795 906 831; x_wconf 79' lang='lat' dir='ltr'>Volumus</span> <span class='ocrx_word' id='word_1_87' title='bbox 922 797 1029 837; x_wconf 90' lang='lat' dir='ltr'>etiam,</span> 
     </span>
     <span class='ocr_line' id='line_1_22' title="bbox 282 844 1028 893; baseline 0.004 -15"><span class='ocrx_word' id='word_1_88' title='bbox 282 844 366 891; x_wconf 79' lang='lat' dir='ltr'>quod</span> <span class='ocrx_word' id='word_1_89' title='bbox 392 845 472 879; x_wconf 89' lang='lat' dir='ltr'>idem</span> <span class='ocrx_word' id='word_1_90' title='bbox 497 853 646 892; x_wconf 85' lang='lat' dir='ltr'>potestas,</span> <span class='ocrx_word' id='word_1_91' title='bbox 673 845 830 893; x_wconf 87' lang='lat' dir='ltr'>completo</span> <span class='ocrx_word' id='word_1_92' title='bbox 852 846 955 882; x_wconf 77' lang='lat' dir='ltr'>officio</span> <span class='ocrx_word' id='word_1_93' title='bbox 982 847 1028 881; x_wconf 88' lang='lat' dir='ltr'>sui</span> 
     </span>
     <span class='ocr_line' id='line_1_23' title="bbox 283 894 1029 942; baseline 0.005 -15"><span class='ocrx_word' id='word_1_94' title='bbox 283 894 457 940; x_wconf 80' lang='lat' dir='ltr'>regiminis,</span> <span class='ocrx_word' id='word_1_95' title='bbox 479 895 654 930; x_wconf 89' lang='lat' dir='ltr'>sindicetur</span> <span class='ocrx_word' id='word_1_96' title='bbox 681 908 736 942; x_wconf 92' lang='lat' dir='ltr'>pro</span> <span class='ocrx_word' id='word_1_97' title='bbox 758 908 792 930; x_wconf 76' lang='lat' dir='ltr'>se</span> <span class='ocrx_word' id='word_1_98' title='bbox 814 904 843 930; x_wconf 88' lang='lat' dir='ltr'>et</span> <span class='ocrx_word' id='word_1_99' title='bbox 865 909 920 931; x_wconf 89' lang='lat' dir='ltr'>sua</span> <span class='ocrx_word' id='word_1_100' title='bbox 949 896 1029 931; x_wconf 84' lang='lat' dir='ltr'>fami-</span> 
     </span>
     <span class='ocr_line' id='line_1_24' title="bbox 282 942 1030 992; baseline 0.005 -15"><span class='ocrx_word' id='word_1_101' title='bbox 282 942 333 985; x_wconf 86' lang='lat' dir='ltr'>lia,</span> <span class='ocrx_word' id='word_1_102' title='bbox 361 952 391 978; x_wconf 89' lang='lat' dir='ltr'>et</span> <span class='ocrx_word' id='word_1_103' title='bbox 417 944 474 978; x_wconf 86' lang='lat' dir='ltr'>alia</span> <span class='ocrx_word' id='word_1_104' title='bbox 502 944 605 985; x_wconf 85' lang='lat' dir='ltr'>faciat,</span> <span class='ocrx_word' id='word_1_105' title='bbox 637 953 728 992; x_wconf 88' lang='lat' dir='ltr'>prout</span> <span class='ocrx_word' id='word_1_106' title='bbox 752 946 851 980; x_wconf 83' lang='lat' dir='ltr'>extitit</span> <span class='ocrx_word' id='word_1_107' title='bbox 878 946 1030 982; x_wconf 86' lang='lat' dir='ltr'>hactenus</span> 
     </span>
     <span class='ocr_line' id='line_1_25' title="bbox 281 994 1030 1036; baseline 0.005 -9"><span class='ocrx_word' id='word_1_108' title='bbox 281 1001 480 1028; x_wconf 88' lang='lat' dir='ltr'>consuetum.</span> <span class='ocrx_word' id='word_1_109' title='bbox 516 994 637 1029; x_wconf 85' lang='lat' dir='ltr'>Habeat</span> <span class='ocrx_word' id='word_1_110' title='bbox 665 996 756 1029; x_wconf 80' lang='lat' dir='ltr'>etiam</span> <span class='ocrx_word' id='word_1_111' title='bbox 784 995 921 1036; x_wconf 79' lang='lat' dir='ltr'>iudices,</span> <span class='ocrx_word' id='word_1_112' title='bbox 958 996 1030 1031; x_wconf 86' lang='lat' dir='ltr'>ber-</span> 
     </span>
     <span class='ocr_line' id='line_1_26' title="bbox 282 1043 1030 1092; baseline 0.005 -15"><span class='ocrx_word' id='word_1_113' title='bbox 282 1043 401 1078; x_wconf 88' lang='lat' dir='ltr'>rnarios</span> <span class='ocrx_word' id='word_1_114' title='bbox 441 1052 472 1079; x_wconf 86' lang='lat' dir='ltr'>et</span> <span class='ocrx_word' id='word_1_115' title='bbox 508 1056 659 1091; x_wconf 84' lang='lat' dir='ltr'>personas</span> <span class='ocrx_word' id='word_1_116' title='bbox 698 1045 797 1085; x_wconf 79' lang='lat' dir='ltr'>aliaS,</span> <span class='ocrx_word' id='word_1_117' title='bbox 837 1046 1030 1092; x_wconf 79' lang='lat' dir='ltr'>equitaturas</span> 
     </span>
     <span class='ocr_line' id='line_1_27' title="bbox 281 1093 1029 1141; baseline 0.004 -14"><span class='ocrx_word' id='word_1_118' title='bbox 281 1093 373 1127; x_wconf 88' lang='lat' dir='ltr'>etiam</span> <span class='ocrx_word' id='word_1_119' title='bbox 410 1101 439 1127; x_wconf 90' lang='lat' dir='ltr'>et</span> <span class='ocrx_word' id='word_1_120' title='bbox 466 1094 622 1141; x_wconf 82' lang='lat' dir='ltr'>stipendia</span> <span class='ocrx_word' id='word_1_121' title='bbox 657 1103 686 1129; x_wconf 89' lang='lat' dir='ltr'>et</span> <span class='ocrx_word' id='word_1_122' title='bbox 720 1095 777 1129; x_wconf 92' lang='lat' dir='ltr'>alia</span> <span class='ocrx_word' id='word_1_123' title='bbox 806 1096 911 1130; x_wconf 90' lang='lat' dir='ltr'>omnia</span> <span class='ocrx_word' id='word_1_124' title='bbox 947 1096 1029 1130; x_wconf 85' lang='lat' dir='ltr'>iuxta</span> 
     </span>
     <span class='ocr_line' id='line_1_28' title="bbox 280 1142 1030 1186; baseline 0.004 -9"><span class='ocrx_word' id='word_1_125' title='bbox 280 1142 543 1178; x_wconf 88' lang='lat' dir='ltr'>consuetudinem</span> <span class='ocrx_word' id='word_1_126' title='bbox 574 1144 725 1178; x_wconf 84' lang='lat' dir='ltr'>hactenus</span> <span class='ocrx_word' id='word_1_127' title='bbox 747 1143 958 1186; x_wconf 75' lang='lat' dir='ltr'>observatam3</span> <span class='ocrx_word' id='word_1_128' title='bbox 994 1158 1030 1180; x_wconf 87' lang='lat' dir='ltr'>ac</span> 
     </span>
     <span class='ocr_line' id='line_1_29' title="bbox 281 1193 1029 1240; baseline 0.004 -14"><span class='ocrx_word' id='word_1_129' title='bbox 281 1193 374 1227; x_wconf 82' lang='lat' dir='ltr'>etiarn</span> <span class='ocrx_word' id='word_1_130' title='bbox 414 1193 444 1227; x_wconf 89' lang='lat' dir='ltr'>in</span> <span class='ocrx_word' id='word_1_131' title='bbox 485 1193 619 1240; x_wconf 79' lang='lat' dir='ltr'>palatio,</span> <span class='ocrx_word' id='word_1_132' title='bbox 656 1194 707 1228; x_wconf 89' lang='lat' dir='ltr'>ubi</span> <span class='ocrx_word' id='word_1_133' title='bbox 743 1207 829 1229; x_wconf 85' lang='lat' dir='ltr'>nunc</span> <span class='ocrx_word' id='word_1_134' title='bbox 867 1203 1029 1229; x_wconf 89' lang='lat' dir='ltr'>morantur</span> 
     </span>
     <span class='ocr_line' id='line_1_30' title="bbox 280 1242 1029 1290; baseline 0.003 -14"><span class='ocrx_word' id='word_1_135' title='bbox 280 1242 418 1282; x_wconf 84' lang='lat' dir='ltr'>antiani,</span> <span class='ocrx_word' id='word_1_136' title='bbox 453 1242 566 1278; x_wconf 89' lang='lat' dir='ltr'>debeat</span> <span class='ocrx_word' id='word_1_137' title='bbox 600 1243 769 1278; x_wconf 86' lang='lat' dir='ltr'>immorari.</span> <span class='ocrx_word' id='word_1_138' title='bbox 806 1243 909 1290; x_wconf 85' lang='lat' dir='ltr'>Super</span> <span class='ocrx_word' id='word_1_139' title='bbox 936 1244 1029 1279; x_wconf 88' lang='lat' dir='ltr'>inter—</span> 
     </span>
     <span class='ocr_line' id='line_1_31' title="bbox 280 1291 1028 1341; baseline 0.004 -16"><span class='ocrx_word' id='word_1_140' title='bbox 280 1291 436 1338; x_wconf 83' lang='lat' dir='ltr'>ponendis</span> <span class='ocrx_word' id='word_1_141' title='bbox 464 1300 567 1327; x_wconf 89' lang='lat' dir='ltr'>autem</span> <span class='ocrx_word' id='word_1_142' title='bbox 600 1304 654 1326; x_wconf 88' lang='lat' dir='ltr'>seu</span> <span class='ocrx_word' id='word_1_143' title='bbox 692 1293 872 1328; x_wconf 81' lang='lat' dir='ltr'>emittendis</span> <span class='ocrx_word' id='word_1_144' title='bbox 894 1301 922 1328; x_wconf 88' lang='lat' dir='ltr'>et</span> <span class='ocrx_word' id='word_1_145' title='bbox 956 1306 1028 1341; x_wconf 91' lang='lat' dir='ltr'>pro-</span> 
     </span>
     <span class='ocr_line' id='line_1_32' title="bbox 279 1340 1026 1390; baseline 0.005 -16"><span class='ocrx_word' id='word_1_146' title='bbox 279 1340 451 1387; x_wconf 83' lang='lat' dir='ltr'>sequendis</span> <span class='ocrx_word' id='word_1_147' title='bbox 486 1341 770 1389; x_wconf 73' lang='lat' dir='ltr'>appellationibus,</span> <span class='ocrx_word' id='word_1_148' title='bbox 801 1351 833 1377; x_wconf 90' lang='lat' dir='ltr'>ut</span> <span class='ocrx_word' id='word_1_149' title='bbox 871 1356 1026 1390; x_wconf 89' lang='lat' dir='ltr'>quorum-</span> 
     </span>
     <span class='ocr_line' id='line_1_33' title="bbox 280 1390 1028 1439; baseline 0.005 -16"><span class='ocrx_word' id='word_1_150' title='bbox 280 1390 354 1424; x_wconf 90' lang='lat' dir='ltr'>libet</span> <span class='ocrx_word' id='word_1_151' title='bbox 380 1390 606 1438; x_wconf 81' lang='lat' dir='ltr'>appellantium</span> <span class='ocrx_word' id='word_1_152' title='bbox 645 1399 788 1438; x_wconf 83' lang='lat' dir='ltr'>parcatur</span> <span class='ocrx_word' id='word_1_153' title='bbox 815 1394 964 1439; x_wconf 85' lang='lat' dir='ltr'>expensis</span> <span class='ocrx_word' id='word_1_154' title='bbox 999 1401 1028 1427; x_wconf 89' lang='lat' dir='ltr'>et</span> 
     </span>
     <span class='ocr_line' id='line_1_34' title="bbox 280 1439 1025 1489; baseline 0.005 -16"><span class='ocrx_word' id='word_1_155' title='bbox 280 1439 451 1484; x_wconf 82' lang='lat' dir='ltr'>laboribus,</span> <span class='ocrx_word' id='word_1_156' title='bbox 474 1441 534 1475; x_wconf 90' lang='lat' dir='ltr'>boc</span> <span class='ocrx_word' id='word_1_157' title='bbox 568 1450 727 1482; x_wconf 77' lang='lat' dir='ltr'>servetur,</span> <span class='ocrx_word' id='word_1_158' title='bbox 763 1441 907 1477; x_wconf 84' lang='lat' dir='ltr'>videlicet</span> <span class='ocrx_word' id='word_1_159' title='bbox 941 1443 1025 1489; x_wconf 82' lang='lat' dir='ltr'>quod</span> 
     </span>
     <span class='ocr_line' id='line_1_35' title="bbox 280 1489 1025 1538; baseline 0.004 -15"><span class='ocrx_word' id='word_1_160' title='bbox 280 1497 340 1523; x_wconf 90' lang='lat' dir='ltr'>tam</span> <span class='ocrx_word' id='word_1_161' title='bbox 370 1489 399 1523; x_wconf 92' lang='lat' dir='ltr'>in</span> <span class='ocrx_word' id='word_1_162' title='bbox 423 1490 570 1525; x_wconf 88' lang='lat' dir='ltr'>civilibus</span> <span class='ocrx_word' id='word_1_163' title='bbox 592 1503 685 1538; x_wconf 89' lang='lat' dir='ltr'>quam</span> <span class='ocrx_word' id='word_1_164' title='bbox 710 1492 738 1526; x_wconf 92' lang='lat' dir='ltr'>in</span> <span class='ocrx_word' id='word_1_165' title='bbox 763 1492 979 1527; x_wconf 83' lang='lat' dir='ltr'>criminalibus</span> <span class='ocrx_word' id='word_1_166' title='bbox 996 1493 1025 1526; x_wconf 90' lang='lat' dir='ltr'>in</span> 
     </span>
     <span class='ocr_line' id='line_1_36' title="bbox 278 1538 1027 1588; baseline 0.005 -15"><span class='ocrx_word' id='word_1_167' title='bbox 278 1538 416 1580; x_wconf 77' lang='lat' dir='ltr'>casibus,</span> <span class='ocrx_word' id='word_1_168' title='bbox 439 1539 468 1574; x_wconf 94' lang='lat' dir='ltr'>in</span> <span class='ocrx_word' id='word_1_169' title='bbox 483 1540 598 1587; x_wconf 86' lang='lat' dir='ltr'>quibus</span> <span class='ocrx_word' id='word_1_170' title='bbox 614 1540 841 1588; x_wconf 83' lang='lat' dir='ltr'>appellationes</span> <span class='ocrx_word' id='word_1_171' title='bbox 867 1543 1027 1588; x_wconf 87' lang='lat' dir='ltr'>praemis-</span> 
     </span>
     <span class='ocr_line' id='line_1_37' title="bbox 279 1589 1027 1638; baseline 0.005 -15"><span class='ocrx_word' id='word_1_172' title='bbox 279 1601 331 1623; x_wconf 89' lang='lat' dir='ltr'>sae</span> <span class='ocrx_word' id='word_1_173' title='bbox 358 1589 473 1623; x_wconf 83' lang='lat' dir='ltr'>fuerint</span> <span class='ocrx_word' id='word_1_174' title='bbox 505 1602 520 1624; x_wconf 93' lang='lat' dir='ltr'>a</span> <span class='ocrx_word' id='word_1_175' title='bbox 556 1591 722 1625; x_wconf 82' lang='lat' dir='ltr'>sententiis</span> <span class='ocrx_word' id='word_1_176' title='bbox 760 1601 790 1626; x_wconf 90' lang='lat' dir='ltr'>et</span> <span class='ocrx_word' id='word_1_177' title='bbox 827 1592 1027 1638; x_wconf 72' lang='lat' dir='ltr'>processibus</span> 
     </span>
     <span class='ocr_line' id='line_1_38' title="bbox 281 1639 1025 1685; baseline 0.005 -13"><span class='ocrx_word' id='word_1_178' title='bbox 281 1639 455 1685; x_wconf 82' lang='lat' dir='ltr'>potestatis,</span> <span class='ocrx_word' id='word_1_179' title='bbox 479 1639 615 1674; x_wconf 86' lang='lat' dir='ltr'>iudicum</span> <span class='ocrx_word' id='word_1_180' title='bbox 640 1649 668 1674; x_wconf 90' lang='lat' dir='ltr'>et</span> <span class='ocrx_word' id='word_1_181' title='bbox 691 1640 869 1676; x_wconf 81' lang='lat' dir='ltr'>officialium</span> <span class='ocrx_word' id='word_1_182' title='bbox 894 1654 1025 1676; x_wconf 86' lang='lat' dir='ltr'>suorum</span> 
     </span>
     <span class='ocr_line' id='line_1_39' title="bbox 279 1688 1028 1739; baseline 0.005 -17"><span class='ocrx_word' id='word_1_183' title='bbox 279 1695 309 1722; x_wconf 82' lang='lat' dir='ltr'>et</span> <span class='ocrx_word' id='word_1_184' title='bbox 335 1689 515 1724; x_wconf 88' lang='lat' dir='ltr'>communis</span> <span class='ocrx_word' id='word_1_185' title='bbox 535 1688 728 1735; x_wconf 85' lang='lat' dir='ltr'>Ferrarien.,</span> <span class='ocrx_word' id='word_1_186' title='bbox 751 1691 787 1726; x_wconf 88' lang='lat' dir='ltr'>ad</span> <span class='ocrx_word' id='word_1_187' title='bbox 811 1690 926 1726; x_wconf 55' lang='lat' dir='ltr'>Sedom</span> <span class='ocrx_word' id='word_1_188' title='bbox 946 1692 1028 1739; x_wconf 75' lang='lat' dir='ltr'>Apo-</span> 
     </span>
     <span class='ocr_line' id='line_1_40' title="bbox 278 1737 1025 1788; baseline 0.004 -16"><span class='ocrx_word' id='word_1_189' title='bbox 278 1737 419 1773; x_wconf 84' lang='lat' dir='ltr'>stolicam</span> <span class='ocrx_word' id='word_1_190' title='bbox 449 1739 643 1786; x_wconf 75' lang='lat' dir='ltr'>appelletur3</span> <span class='ocrx_word' id='word_1_191' title='bbox 671 1740 820 1788; x_wconf 83' lang='lat' dir='ltr'>quodque</span> <span class='ocrx_word' id='word_1_192' title='bbox 854 1742 1025 1788; x_wconf 89' lang='lat' dir='ltr'>primarum</span> 
     </span>
     <span class='ocr_line' id='line_1_41' title="bbox 278 1787 1027 1836; baseline 0.004 -14"><span class='ocrx_word' id='word_1_193' title='bbox 278 1787 524 1834; x_wconf 86' lang='lat' dir='ltr'>appellationum</span> <span class='ocrx_word' id='word_1_194' title='bbox 560 1791 741 1836; x_wconf 85' lang='lat' dir='ltr'>prosecutio</span> <span class='ocrx_word' id='word_1_195' title='bbox 771 1794 823 1825; x_wconf 84' lang='lat' dir='ltr'>liat</span> <span class='ocrx_word' id='word_1_196' title='bbox 849 1804 952 1826; x_wconf 89' lang='lat' dir='ltr'>coram</span> <span class='ocrx_word' id='word_1_197' title='bbox 977 1791 1027 1825; x_wconf 90' lang='lat' dir='ltr'>iu-</span> 
     </span>
     <span class='ocr_line' id='line_1_42' title="bbox 278 1837 1027 1885; baseline 0.005 -14"><span class='ocrx_word' id='word_1_198' title='bbox 278 1837 365 1882; x_wconf 88' lang='lat' dir='ltr'>dice,</span> <span class='ocrx_word' id='word_1_199' title='bbox 399 1846 428 1872; x_wconf 88' lang='lat' dir='ltr'>et</span> <span class='ocrx_word' id='word_1_200' title='bbox 452 1851 507 1885; x_wconf 89' lang='lat' dir='ltr'>per</span> <span class='ocrx_word' id='word_1_201' title='bbox 535 1838 653 1874; x_wconf 88' lang='lat' dir='ltr'>dictum</span> <span class='ocrx_word' id='word_1_202' title='bbox 691 1840 839 1875; x_wconf 86' lang='lat' dir='ltr'>vicarium</span> <span class='ocrx_word' id='word_1_203' title='bbox 867 1850 897 1875; x_wconf 87' lang='lat' dir='ltr'>et</span> <span class='ocrx_word' id='word_1_204' title='bbox 922 1841 1027 1875; x_wconf 70' lang='lat' dir='ltr'>consi-</span> 
     </span>
     <span class='ocr_line' id='line_1_43' title="bbox 279 1886 1025 1937; baseline 0.007 -17"><span class='ocrx_word' id='word_1_205' title='bbox 279 1886 354 1921; x_wconf 90' lang='lat' dir='ltr'>lium</span> <span class='ocrx_word' id='word_1_206' title='bbox 377 1887 415 1922; x_wconf 89' lang='lat' dir='ltr'>de</span> <span class='ocrx_word' id='word_1_207' title='bbox 437 1887 568 1933; x_wconf 78' lang='lat' dir='ltr'>collegio</span> <span class='ocrx_word' id='word_1_208' title='bbox 592 1889 729 1924; x_wconf 87' lang='lat' dir='ltr'>iudicum</span> <span class='ocrx_word' id='word_1_209' title='bbox 754 1890 902 1937; x_wconf 72' lang='lat' dir='ltr'>eligetur,</span> <span class='ocrx_word' id='word_1_210' title='bbox 931 1904 1025 1937; x_wconf 78' lang='lat' dir='ltr'>quem</span> 
     </span>
     <span class='ocr_line' id='line_1_44' title="bbox 278 1937 1026 1986; baseline 0.005 -16"><span class='ocrx_word' id='word_1_211' title='bbox 278 1946 308 1970; x_wconf 85' lang='lat' dir='ltr'>et</span> <span class='ocrx_word' id='word_1_212' title='bbox 336 1937 393 1983; x_wconf 90' lang='lat' dir='ltr'>ipsi</span> <span class='ocrx_word' id='word_1_213' title='bbox 422 1937 557 1984; x_wconf 80' lang='lat' dir='ltr'>eligendi</span> <span class='ocrx_word' id='word_1_214' title='bbox 580 1938 712 1973; x_wconf 78' lang='lat' dir='ltr'>babeant</span> <span class='ocrx_word' id='word_1_215' title='bbox 743 1949 945 1986; x_wconf 85' lang='lat' dir='ltr'>potestatem:</span> <span class='ocrx_word' id='word_1_216' title='bbox 976 1953 1026 1974; x_wconf 79' lang='lat' dir='ltr'>se-</span> 
     </span>
     <span class='ocr_line' id='line_1_45' title="bbox 279 1986 1025 2037; baseline 0.005 -17"><span class='ocrx_word' id='word_1_217' title='bbox 279 1986 453 2021; x_wconf 86' lang='lat' dir='ltr'>cundarum</span> <span class='ocrx_word' id='word_1_218' title='bbox 478 2000 550 2022; x_wconf 89' lang='lat' dir='ltr'>vero</span> <span class='ocrx_word' id='word_1_219' title='bbox 572 1989 655 2035; x_wconf 87' lang='lat' dir='ltr'>apud</span> <span class='ocrx_word' id='word_1_220' title='bbox 679 1989 793 2024; x_wconf 81' lang='lat' dir='ltr'>Sedem</span> <span class='ocrx_word' id='word_1_221' title='bbox 812 1990 1025 2037; x_wconf 71' lang='lat' dir='ltr'>Apostolicain</span> 
     </span>
     <span class='ocr_line' id='line_1_46' title="bbox 280 2036 1026 2087; baseline 0.007 -18"><span class='ocrx_word' id='word_1_222' title='bbox 280 2036 341 2080; x_wconf 81' lang='lat' dir='ltr'>liat,</span> <span class='ocrx_word' id='word_1_223' title='bbox 374 2037 418 2070; x_wconf 77' lang='lat' dir='ltr'>vel</span> <span class='ocrx_word' id='word_1_224' title='bbox 443 2037 472 2070; x_wconf 92' lang='lat' dir='ltr'>in</span> <span class='ocrx_word' id='word_1_225' title='bbox 495 2037 582 2072; x_wconf 87' lang='lat' dir='ltr'>curia</span> <span class='ocrx_word' id='word_1_226' title='bbox 604 2038 678 2073; x_wconf 85' lang='lat' dir='ltr'>dicti</span> <span class='ocrx_word' id='word_1_227' title='bbox 703 2039 819 2078; x_wconf 74' lang='lat' dir='ltr'>vicarii,</span> <span class='ocrx_word' id='word_1_228' title='bbox 843 2049 932 2087; x_wconf 88' lang='lat' dir='ltr'>prout</span> <span class='ocrx_word' id='word_1_229' title='bbox 962 2040 1026 2074; x_wconf 67' lang='lat' dir='ltr'>elc-</span> 
     </span>
     <span class='ocr_line' id='line_1_47' title="bbox 278 2086 612 2134; baseline 0.006 -14"><span class='ocrx_word' id='word_1_230' title='bbox 278 2086 379 2131; x_wconf 81' lang='lat' dir='ltr'>gerim</span> <span class='ocrx_word' id='word_1_231' title='bbox 406 2086 612 2134; x_wconf 83' lang='lat' dir='ltr'>appellantes.</span> 
     </span>
    </p>

    <p class='ocr_par' dir='ltr' id='par_1_7' title="bbox 279 2136 1028 2729">
     <span class='ocr_line' id='line_1_48' title="bbox 327 2136 1026 2186; baseline 0.004 -16"><span class='ocrx_word' id='word_1_232' title='bbox 327 2136 347 2182; x_wconf 62' lang='lat' dir='ltr'>g</span> <span class='ocrx_word' id='word_1_233' title='bbox 374 2137 430 2171; x_wconf 71' lang='lat'>44.</span> <span class='ocrx_word' id='word_1_234' title='bbox 458 2136 519 2171; x_wconf 90' lang='lat' dir='ltr'>Ubi</span> <span class='ocrx_word' id='word_1_235' title='bbox 553 2150 624 2172; x_wconf 87' lang='lat' dir='ltr'>vero</span> <span class='ocrx_word' id='word_1_236' title='bbox 657 2138 694 2172; x_wconf 80' lang='lat' dir='ltr'>ad</span> <span class='ocrx_word' id='word_1_237' title='bbox 724 2138 828 2186; x_wconf 83' lang='lat' dir='ltr'>ipsum</span> <span class='ocrx_word' id='word_1_238' title='bbox 865 2139 1026 2179; x_wconf 75' lang='lat' dir='ltr'>vicarium,</span> 
     </span>
     <span class='ocr_line' id='line_1_49' title="bbox 279 2184 1026 2233; baseline 0.004 -15"><span class='ocrx_word' id='word_1_239' title='bbox 279 2184 345 2219; x_wconf 82' lang='lat' dir='ltr'>sive</span> <span class='ocrx_word' id='word_1_240' title='bbox 368 2185 447 2220; x_wconf 82' lang='lat' dir='ltr'>inter</span> <span class='ocrx_word' id='word_1_241' title='bbox 469 2186 694 2233; x_wconf 83' lang='lat' dir='ltr'>stipendiarios</span> <span class='ocrx_word' id='word_1_242' title='bbox 710 2196 739 2222; x_wconf 82' lang='lat' dir='ltr'>et</span> <span class='ocrx_word' id='word_1_243' title='bbox 755 2189 924 2223; x_wconf 80' lang='lat' dir='ltr'>familiares</span> <span class='ocrx_word' id='word_1_244' title='bbox 939 2202 1026 2233; x_wconf 76' lang='lat' dir='ltr'>suos,</span> 
     </span>
     <span class='ocr_line' id='line_1_50' title="bbox 281 2234 1028 2281; baseline 0.007 -13"><span class='ocrx_word' id='word_1_245' title='bbox 281 2234 310 2268; x_wconf 91' lang='lat' dir='ltr'>in</span> <span class='ocrx_word' id='word_1_246' title='bbox 339 2247 420 2281; x_wconf 80' lang='lat' dir='ltr'>quos</span> <span class='ocrx_word' id='word_1_247' title='bbox 442 2248 512 2270; x_wconf 78' lang='lat' dir='ltr'>eum</span> <span class='ocrx_word' id='word_1_248' title='bbox 537 2238 637 2271; x_wconf 89' lang='lat' dir='ltr'>solum</span> <span class='ocrx_word' id='word_1_249' title='bbox 674 2246 704 2272; x_wconf 73' lang='lat' dir='ltr'>et</span> <span class='ocrx_word' id='word_1_250' title='bbox 727 2251 787 2272; x_wconf 88' lang='lat' dir='ltr'>non</span> <span class='ocrx_word' id='word_1_251' title='bbox 807 2239 914 2278; x_wconf 80' lang='lat' dir='ltr'>alium,</span> <span class='ocrx_word' id='word_1_252' title='bbox 939 2239 1028 2273; x_wconf 85' lang='lat' dir='ltr'>iuris-</span> 
     </span>
     <span class='ocr_line' id='line_1_51' title="bbox 280 2283 1026 2323; baseline 0.008 -6"><span class='ocrx_word' id='word_1_253' title='bbox 280 2283 451 2319; x_wconf 87' lang='lat' dir='ltr'>dictionem</span> <span class='ocrx_word' id='word_1_254' title='bbox 495 2285 525 2320; x_wconf 93' lang='lat' dir='ltr'>in</span> <span class='ocrx_word' id='word_1_255' title='bbox 567 2287 711 2322; x_wconf 79' lang='lat' dir='ltr'>civilibus</span> <span class='ocrx_word' id='word_1_256' title='bbox 747 2297 776 2322; x_wconf 84' lang='lat' dir='ltr'>et</span> <span class='ocrx_word' id='word_1_257' title='bbox 809 2288 1026 2323; x_wconf 81' lang='lat' dir='ltr'>criminalibus</span> 
     </span>
     <span class='ocr_line' id='line_1_52' title="bbox 281 2333 1026 2382; baseline 0.005 -14"><span class='ocrx_word' id='word_1_258' title='bbox 281 2333 535 2382; x_wconf 82' lang='lat' dir='ltr'>quibuscumque</span> <span class='ocrx_word' id='word_1_259' title='bbox 574 2337 689 2372; x_wconf 77' lang='lat' dir='ltr'>babere</span> <span class='ocrx_word' id='word_1_260' title='bbox 729 2351 919 2379; x_wconf 81' lang='lat' dir='ltr'>censemus,</span> <span class='ocrx_word' id='word_1_261' title='bbox 963 2339 1026 2372; x_wconf 76' lang='lat' dir='ltr'>sive</span> 
     </span>
     <span class='ocr_line' id='line_1_53' title="bbox 280 2383 1026 2435; baseline 0.008 -18"><span class='ocrx_word' id='word_1_262' title='bbox 280 2383 432 2419; x_wconf 84' lang='lat' dir='ltr'>adversus</span> <span class='ocrx_word' id='word_1_263' title='bbox 454 2397 519 2430; x_wconf 85' lang='lat' dir='ltr'>eos,</span> <span class='ocrx_word' id='word_1_264' title='bbox 541 2386 605 2420; x_wconf 77' lang='lat' dir='ltr'>sive</span> <span class='ocrx_word' id='word_1_265' title='bbox 629 2388 659 2421; x_wconf 93' lang='lat' dir='ltr'>in</span> <span class='ocrx_word' id='word_1_266' title='bbox 689 2388 821 2434; x_wconf 72' lang='lat' dir='ltr'>placitiS,</span> <span class='ocrx_word' id='word_1_267' title='bbox 849 2389 887 2422; x_wconf 88' lang='lat' dir='ltr'>‹le</span> <span class='ocrx_word' id='word_1_268' title='bbox 910 2388 1026 2435; x_wconf 81' lang='lat' dir='ltr'>quibus</span> 
     </span>
     <span class='ocr_line' id='line_1_54' title="bbox 282 2433 1027 2483; baseline 0.009 -17"><span class='ocrx_word' id='word_1_269' title='bbox 282 2433 359 2469; x_wconf 84' lang='lat' dir='ltr'>infra</span> <span class='ocrx_word' id='word_1_270' title='bbox 395 2435 530 2480; x_wconf 87' lang='lat' dir='ltr'>dicetur,</span> <span class='ocrx_word' id='word_1_271' title='bbox 567 2449 621 2483; x_wconf 75' lang='lat' dir='ltr'>per</span> <span class='ocrx_word' id='word_1_272' title='bbox 657 2438 816 2483; x_wconf 74' lang='lat' dir='ltr'>querelam</span> <span class='ocrx_word' id='word_1_273' title='bbox 860 2437 1027 2473; x_wconf 74' lang='lat' dir='ltr'>baberetur</span> 
     </span>
     <span class='ocr_line' id='line_1_55' title="bbox 281 2485 1028 2535; baseline 0.008 -19"><span class='ocrx_word' id='word_1_274' title='bbox 281 2495 427 2518; x_wconf 88' lang='lat' dir='ltr'>recursus</span> <span class='ocrx_word' id='word_1_275' title='bbox 448 2485 713 2532; x_wconf 78' lang='lat' dir='ltr'>appellationum,</span> <span class='ocrx_word' id='word_1_276' title='bbox 741 2500 820 2533; x_wconf 79' lang='lat' dir='ltr'>quae</span> <span class='ocrx_word' id='word_1_277' title='bbox 849 2488 1028 2535; x_wconf 79' lang='lat' dir='ltr'>interpone·</span> 
     </span>
     <span class='ocr_line' id='line_1_56' title="bbox 281 2535 1026 2584; baseline 0.007 -17"><span class='ocrx_word' id='word_1_278' title='bbox 281 2542 388 2568; x_wconf 81' lang='lat' dir='ltr'>rentur</span> <span class='ocrx_word' id='word_1_279' title='bbox 409 2535 448 2568; x_wconf 89' lang='lat' dir='ltr'>ab</span> <span class='ocrx_word' id='word_1_280' title='bbox 482 2547 536 2575; x_wconf 84' lang='lat' dir='ltr'>eo,</span> <span class='ocrx_word' id='word_1_281' title='bbox 560 2548 636 2582; x_wconf 85' lang='lat' dir='ltr'>quas</span> <span class='ocrx_word' id='word_1_282' title='bbox 662 2536 698 2570; x_wconf 87' lang='lat' dir='ltr'>ad</span> <span class='ocrx_word' id='word_1_283' title='bbox 727 2536 841 2571; x_wconf 77' lang='lat' dir='ltr'>Sedem</span> <span class='ocrx_word' id='word_1_284' title='bbox 870 2538 1026 2584; x_wconf 72' lang='lat' dir='ltr'>Apostoli-</span> 
     </span>
     <span class='ocr_line' id='line_1_57' title="bbox 281 2584 1025 2633; baseline 0.008 -18"><span class='ocrx_word' id='word_1_285' title='bbox 281 2595 346 2617; x_wconf 76' lang='lat' dir='ltr'>cam</span> <span class='ocrx_word' id='word_1_286' title='bbox 372 2584 400 2618; x_wconf 91' lang='lat' dir='ltr'>in</span> <span class='ocrx_word' id='word_1_287' title='bbox 420 2584 556 2627; x_wconf 77' lang='lat' dir='ltr'>casibus,</span> <span class='ocrx_word' id='word_1_288' title='bbox 581 2587 610 2619; x_wconf 94' lang='lat' dir='ltr'>in</span> <span class='ocrx_word' id='word_1_289' title='bbox 634 2586 749 2633; x_wconf 73' lang='lat' dir='ltr'>quibus</span> <span class='ocrx_word' id='word_1_290' title='bbox 772 2587 917 2633; x_wconf 74' lang='lat' dir='ltr'>appellari</span> <span class='ocrx_word' id='word_1_291' title='bbox 943 2588 1025 2629; x_wconf 61' lang='lat' dir='ltr'>licet,</span> 
     </span>
     <span class='ocr_line' id='line_1_58' title="bbox 282 2633 1024 2682; baseline 0.007 -16"><span class='ocrx_word' id='word_1_292' title='bbox 282 2633 435 2680; x_wconf 81' lang='lat' dir='ltr'>interponi</span> <span class='ocrx_word' id='word_1_293' title='bbox 460 2635 617 2674; x_wconf 80' lang='lat' dir='ltr'>iubemus,</span> <span class='ocrx_word' id='word_1_294' title='bbox 641 2636 721 2682; x_wconf 84' lang='lat' dir='ltr'>apud</span> <span class='ocrx_word' id='word_1_295' title='bbox 746 2636 859 2670; x_wconf 78' lang='lat' dir='ltr'>Sedein</span> <span class='ocrx_word' id='word_1_296' title='bbox 884 2637 1024 2671; x_wconf 79' lang='lat' dir='ltr'>eamdem</span> 
     </span>
     <span class='ocr_line' id='line_1_59' title="bbox 282 2684 546 2729; baseline 0 -12"><span class='ocrx_word' id='word_1_297' title='bbox 282 2684 460 2729; x_wconf 85' lang='lat' dir='ltr'>prosecutio</span> <span class='ocrx_word' id='word_1_298' title='bbox 486 2685 546 2719; x_wconf 76' lang='lat' dir='ltr'>liat.</span> 
     </span>
    </p>
   </div>
   <div class='ocr_carea' id='block_1_7' title="bbox 1701 286 1768 319">
    <p class='ocr_par' dir='ltr' id='par_1_8' title="bbox 1701 286 1768 319">
     <span class='ocr_line' id='line_1_60' title="bbox 1701 286 1768 319; baseline 0.015 -1"><span class='ocrx_word' id='word_1_299' title='bbox 1701 286 1768 319; x_wconf 72' lang='lat'>0207</span> 
     </span>
    </p>
   </div>
   <div class='ocr_carea' id='block_1_8' title="bbox 1067 349 1823 2738">
    <p class='ocr_par' dir='ltr' id='par_1_9' title="bbox 1069 349 1823 1839">
     <span class='ocr_line' id='line_1_61' title="bbox 1121 349 1820 396; baseline 0.006 -13"><span class='ocrx_word' id='word_1_300' title='bbox 1121 350 1141 396; x_wconf 68' lang='lat' dir='ltr'>g</span> <span class='ocrx_word' id='word_1_301' title='bbox 1170 351 1224 384; x_wconf 75' lang='lat'>15.</span> <span class='ocrx_word' id='word_1_302' title='bbox 1253 349 1389 392; x_wconf 86' lang='lat' dir='ltr'>Verum,</span> <span class='ocrx_word' id='word_1_303' title='bbox 1417 364 1489 386; x_wconf 92' lang='lat' dir='ltr'>cum</span> <span class='ocrx_word' id='word_1_304' title='bbox 1512 352 1649 387; x_wconf 82' lang='lat' dir='ltr'>officium</span> <span class='ocrx_word' id='word_1_305' title='bbox 1671 351 1820 387; x_wconf 76' lang='lat' dir='ltr'>confalo-</span> 
     </span>
     <span class='ocr_line' id='line_1_62' title="bbox 1075 398 1819 448; baseline 0.007 -16"><span class='ocrx_word' id='word_1_306' title='bbox 1075 399 1150 433; x_wconf 87' lang='lat' dir='ltr'>nerii</span> <span class='ocrx_word' id='word_1_307' title='bbox 1179 412 1194 433; x_wconf 92' lang='lat' dir='ltr'>a</span> <span class='ocrx_word' id='word_1_308' title='bbox 1219 398 1343 434; x_wconf 85' lang='lat' dir='ltr'>modico</span> <span class='ocrx_word' id='word_1_309' title='bbox 1366 408 1506 448; x_wconf 88' lang='lat' dir='ltr'>tempore</span> <span class='ocrx_word' id='word_1_310' title='bbox 1539 401 1615 436; x_wconf 86' lang='lat' dir='ltr'>citra</span> <span class='ocrx_word' id='word_1_311' title='bbox 1644 402 1672 436; x_wconf 95' lang='lat' dir='ltr'>in</span> <span class='ocrx_word' id='word_1_312' title='bbox 1696 401 1819 438; x_wconf 84' lang='lat' dir='ltr'>civitate</span> 
     </span>
     <span class='ocr_line' id='line_1_63' title="bbox 1074 449 1819 498; baseline 0.008 -17"><span class='ocrx_word' id='word_1_313' title='bbox 1074 449 1138 495; x_wconf 84' lang='lat' dir='ltr'>ipsa</span> <span class='ocrx_word' id='word_1_314' title='bbox 1168 449 1320 495; x_wconf 83' lang='lat' dir='ltr'>incepisse</span> <span class='ocrx_word' id='word_1_315' title='bbox 1352 449 1495 491; x_wconf 82' lang='lat' dir='ltr'>dicatur,</span> <span class='ocrx_word' id='word_1_316' title='bbox 1532 451 1678 498; x_wconf 87' lang='lat' dir='ltr'>nullaque</span> <span class='ocrx_word' id='word_1_317' title='bbox 1711 464 1748 486; x_wconf 83' lang='lat' dir='ltr'>ex</span> <span class='ocrx_word' id='word_1_318' title='bbox 1782 464 1819 487; x_wconf 89' lang='lat' dir='ltr'>eo</span> 
     </span>
     <span class='ocr_line' id='line_1_64' title="bbox 1074 498 1817 545; baseline 0.008 -14"><span class='ocrx_word' id='word_1_319' title='bbox 1074 511 1165 545; x_wconf 88' lang='lat' dir='ltr'>posse</span> <span class='ocrx_word' id='word_1_320' title='bbox 1194 499 1334 533; x_wconf 83' lang='lat' dir='ltr'>videatur</span> <span class='ocrx_word' id='word_1_321' title='bbox 1369 498 1426 545; x_wconf 93' lang='lat' dir='ltr'>ipsi</span> <span class='ocrx_word' id='word_1_322' title='bbox 1459 500 1573 534; x_wconf 86' lang='lat' dir='ltr'>civitati</span> <span class='ocrx_word' id='word_1_323' title='bbox 1609 501 1735 543; x_wconf 80' lang='lat' dir='ltr'>utilitaS,</span> <span class='ocrx_word' id='word_1_324' title='bbox 1762 501 1817 537; x_wconf 89' lang='lat' dir='ltr'>sed</span> 
     </span>
     <span class='ocr_line' id='line_1_65' title="bbox 1073 547 1818 596; baseline 0.005 -15"><span class='ocrx_word' id='word_1_325' title='bbox 1073 548 1176 594; x_wconf 86' lang='lat' dir='ltr'>potius</span> <span class='ocrx_word' id='word_1_326' title='bbox 1217 547 1390 595; x_wconf 87' lang='lat' dir='ltr'>periculum</span> <span class='ocrx_word' id='word_1_327' title='bbox 1437 550 1617 596; x_wconf 82' lang='lat' dir='ltr'>provenire;</span> <span class='ocrx_word' id='word_1_328' title='bbox 1659 550 1818 593; x_wconf 87' lang='lat' dir='ltr'>volumus,</span> 
     </span>
     <span class='ocr_line' id='line_1_66' title="bbox 1072 597 1820 646; baseline 0.005 -15"><span class='ocrx_word' id='word_1_329' title='bbox 1072 597 1155 644; x_wconf 88' lang='lat' dir='ltr'>quod</span> <span class='ocrx_word' id='word_1_330' title='bbox 1180 597 1316 633; x_wconf 82' lang='lat' dir='ltr'>olliciuin</span> <span class='ocrx_word' id='word_1_331' title='bbox 1340 598 1441 646; x_wconf 88' lang='lat' dir='ltr'>ipsum</span> <span class='ocrx_word' id='word_1_332' title='bbox 1462 608 1562 634; x_wconf 87' lang='lat' dir='ltr'>cesset</span> <span class='ocrx_word' id='word_1_333' title='bbox 1581 600 1722 641; x_wconf 89' lang='lat' dir='ltr'>omnino,</span> <span class='ocrx_word' id='word_1_334' title='bbox 1744 600 1820 636; x_wconf 90' lang='lat' dir='ltr'>‹luo-</span> 
     </span>
     <span class='ocr_line' id='line_1_67' title="bbox 1072 647 1819 695; baseline 0.005 -14"><span class='ocrx_word' id='word_1_335' title='bbox 1072 647 1173 681; x_wconf 88' lang='lat' dir='ltr'>decim</span> <span class='ocrx_word' id='word_1_336' title='bbox 1214 660 1339 695; x_wconf 86' lang='lat' dir='ltr'>quoque</span> <span class='ocrx_word' id='word_1_337' title='bbox 1388 648 1503 683; x_wconf 89' lang='lat' dir='ltr'>antiani</span> <span class='ocrx_word' id='word_1_338' title='bbox 1537 648 1576 684; x_wconf 85' lang='lat' dir='ltr'>de</span> <span class='ocrx_word' id='word_1_339' title='bbox 1608 648 1819 694; x_wconf 80' lang='lat' dir='ltr'>fidelioribus,</span> 
     </span>
     <span class='ocr_line' id='line_1_68' title="bbox 1073 696 1820 747; baseline 0.003 -16"><span class='ocrx_word' id='word_1_340' title='bbox 1073 696 1257 732; x_wconf 91' lang='lat' dir='ltr'>melioribus</span> <span class='ocrx_word' id='word_1_341' title='bbox 1289 705 1319 732; x_wconf 91' lang='lat' dir='ltr'>et</span> <span class='ocrx_word' id='word_1_342' title='bbox 1347 697 1562 733; x_wconf 80' lang='lat' dir='ltr'>devotioribus</span> <span class='ocrx_word' id='word_1_343' title='bbox 1595 699 1727 733; x_wconf 76' lang='lat' dir='ltr'>civitatis</span> <span class='ocrx_word' id='word_1_344' title='bbox 1772 700 1820 747; x_wconf 88' lang='lat' dir='ltr'>ip-</span> 
     </span>
     <span class='ocr_line' id='line_1_69' title="bbox 1072 747 1819 795; baseline 0.007 -16"><span class='ocrx_word' id='word_1_345' title='bbox 1072 747 1136 781; x_wconf 82' lang='lat' dir='ltr'>sius</span> <span class='ocrx_word' id='word_1_346' title='bbox 1163 747 1318 793; x_wconf 82' lang='lat' dir='ltr'>eligantur</span> <span class='ocrx_word' id='word_1_347' title='bbox 1353 759 1409 795; x_wconf 84' lang='lat' dir='ltr'>per</span> <span class='ocrx_word' id='word_1_348' title='bbox 1437 756 1620 795; x_wconf 89' lang='lat' dir='ltr'>potestatem</span> <span class='ocrx_word' id='word_1_349' title='bbox 1656 756 1686 782; x_wconf 87' lang='lat' dir='ltr'>et</span> <span class='ocrx_word' id='word_1_350' title='bbox 1714 751 1819 784; x_wconf 90' lang='lat' dir='ltr'>consi-</span> 
     </span>
     <span class='ocr_line' id='line_1_70' title="bbox 1073 796 1820 841; baseline 0.004 -11"><span class='ocrx_word' id='word_1_351' title='bbox 1073 796 1146 830; x_wconf 90' lang='lat' dir='ltr'>linm</span> <span class='ocrx_word' id='word_1_352' title='bbox 1186 809 1257 831; x_wconf 87' lang='lat' dir='ltr'>cum</span> <span class='ocrx_word' id='word_1_353' title='bbox 1298 809 1454 832; x_wconf 86' lang='lat' dir='ltr'>consensu</span> <span class='ocrx_word' id='word_1_354' title='bbox 1494 798 1599 833; x_wconf 83' lang='lat' dir='ltr'>vicarii</span> <span class='ocrx_word' id='word_1_355' title='bbox 1640 800 1820 841; x_wconf 86' lang='lat' dir='ltr'>memorati,</span> 
     </span>
     <span class='ocr_line' id='line_1_71' title="bbox 1071 847 1821 896; baseline 0.004 -16"><span class='ocrx_word' id='word_1_356' title='bbox 1071 859 1205 894; x_wconf 90' lang='lat' dir='ltr'>quorum</span> <span class='ocrx_word' id='word_1_357' title='bbox 1236 860 1317 881; x_wconf 89' lang='lat' dir='ltr'>unus</span> <span class='ocrx_word' id='word_1_358' title='bbox 1336 847 1476 883; x_wconf 89' lang='lat' dir='ltr'>literatus</span> <span class='ocrx_word' id='word_1_359' title='bbox 1498 848 1537 882; x_wconf 91' lang='lat' dir='ltr'>sit</span> <span class='ocrx_word' id='word_1_360' title='bbox 1560 848 1741 896; x_wconf 80' lang='lat' dir='ltr'>proconsul,</span> <span class='ocrx_word' id='word_1_361' title='bbox 1766 862 1821 884; x_wconf 95' lang='lat' dir='ltr'>eo-</span> 
     </span>
     <span class='ocr_line' id='line_1_72' title="bbox 1072 897 1821 945; baseline 0.004 -15"><span class='ocrx_word' id='word_1_362' title='bbox 1072 908 1207 943; x_wconf 87' lang='lat' dir='ltr'>rumque</span> <span class='ocrx_word' id='word_1_363' title='bbox 1229 897 1366 931; x_wconf 82' lang='lat' dir='ltr'>officium</span> <span class='ocrx_word' id='word_1_364' title='bbox 1391 897 1483 933; x_wconf 87' lang='lat' dir='ltr'>duret</span> <span class='ocrx_word' id='word_1_365' title='bbox 1505 909 1561 945; x_wconf 85' lang='lat' dir='ltr'>per</span> <span class='ocrx_word' id='word_1_366' title='bbox 1582 897 1662 933; x_wconf 84' lang='lat' dir='ltr'>duos</span> <span class='ocrx_word' id='word_1_367' title='bbox 1684 910 1821 941; x_wconf 83' lang='lat' dir='ltr'>menses,</span> 
     </span>
     <span class='ocr_line' id='line_1_73' title="bbox 1071 946 1823 995; baseline 0.005 -16"><span class='ocrx_word' id='word_1_368' title='bbox 1071 953 1101 979; x_wconf 91' lang='lat' dir='ltr'>et</span> <span class='ocrx_word' id='word_1_369' title='bbox 1126 946 1265 993; x_wconf 90' lang='lat' dir='ltr'>ipsorum</span> <span class='ocrx_word' id='word_1_370' title='bbox 1293 946 1408 994; x_wconf 84' lang='lat' dir='ltr'>singuli</span> <span class='ocrx_word' id='word_1_371' title='bbox 1436 947 1516 982; x_wconf 92' lang='lat' dir='ltr'>duos</span> <span class='ocrx_word' id='word_1_372' title='bbox 1541 947 1719 982; x_wconf 89' lang='lat' dir='ltr'>Bononien.</span> <span class='ocrx_word' id='word_1_373' title='bbox 1735 961 1823 995; x_wconf 83' lang='lat' dir='ltr'>gros-</span> 
     </span>
     <span class='ocr_line' id='line_1_74' title="bbox 1071 996 1822 1044; baseline 0.003 -14"><span class='ocrx_word' id='word_1_374' title='bbox 1071 1008 1122 1030; x_wconf 90' lang='lat' dir='ltr'>sos</span> <span class='ocrx_word' id='word_1_375' title='bbox 1145 1008 1200 1042; x_wconf 89' lang='lat' dir='ltr'>per</span> <span class='ocrx_word' id='word_1_376' title='bbox 1221 996 1364 1043; x_wconf 81' lang='lat' dir='ltr'>singulos</span> <span class='ocrx_word' id='word_1_377' title='bbox 1399 996 1467 1032; x_wconf 91' lang='lat' dir='ltr'>dies</span> <span class='ocrx_word' id='word_1_378' title='bbox 1491 997 1677 1044; x_wconf 83' lang='lat' dir='ltr'>percipiant,</span> <span class='ocrx_word' id='word_1_379' title='bbox 1706 998 1735 1032; x_wconf 95' lang='lat' dir='ltr'>in</span> <span class='ocrx_word' id='word_1_380' title='bbox 1763 998 1822 1033; x_wconf 87' lang='lat' dir='ltr'>do-</span> 
     </span>
     <span class='ocr_line' id='line_1_75' title="bbox 1071 1044 1821 1094; baseline 0.007 -16"><span class='ocrx_word' id='word_1_381' title='bbox 1071 1044 1176 1080; x_wconf 89' lang='lat' dir='ltr'>mibus</span> <span class='ocrx_word' id='word_1_382' title='bbox 1198 1047 1266 1081; x_wconf 88' lang='lat' dir='ltr'>suis</span> <span class='ocrx_word' id='word_1_383' title='bbox 1287 1046 1458 1088; x_wconf 87' lang='lat' dir='ltr'>dormiant,</span> <span class='ocrx_word' id='word_1_384' title='bbox 1483 1059 1542 1082; x_wconf 86' lang='lat' dir='ltr'>nec</span> <span class='ocrx_word' id='word_1_385' title='bbox 1564 1047 1594 1081; x_wconf 92' lang='lat' dir='ltr'>in</span> <span class='ocrx_word' id='word_1_386' title='bbox 1619 1047 1724 1094; x_wconf 88' lang='lat' dir='ltr'>aliquo</span> <span class='ocrx_word' id='word_1_387' title='bbox 1746 1060 1821 1083; x_wconf 86' lang='lat' dir='ltr'>casu</span> 
     </span>
     <span class='ocr_line' id='line_1_76' title="bbox 1070 1094 1819 1141; baseline 0.005 -13"><span class='ocrx_word' id='word_1_388' title='bbox 1070 1094 1207 1141; x_wconf 85' lang='lat' dir='ltr'>aliquam</span> <span class='ocrx_word' id='word_1_389' title='bbox 1250 1095 1498 1132; x_wconf 89' lang='lat' dir='ltr'>iurisdictionem</span> <span class='ocrx_word' id='word_1_390' title='bbox 1543 1105 1728 1135; x_wconf 79' lang='lat' dir='ltr'>exerceant.-</span> <span class='ocrx_word' id='word_1_391' title='bbox 1766 1097 1819 1133; x_wconf 88' lang='lat' dir='ltr'>sed</span> 
     </span>
     <span class='ocr_line' id='line_1_77' title="bbox 1070 1147 1821 1192; baseline 0.007 -15"><span class='ocrx_word' id='word_1_392' title='bbox 1070 1156 1140 1178; x_wconf 87' lang='lat' dir='ltr'>cum</span> <span class='ocrx_word' id='word_1_393' title='bbox 1181 1156 1237 1191; x_wconf 89' lang='lat' dir='ltr'>per</span> <span class='ocrx_word' id='word_1_394' title='bbox 1263 1154 1450 1192; x_wconf 80' lang='lat' dir='ltr'>potestatem</span> <span class='ocrx_word' id='word_1_395' title='bbox 1488 1158 1523 1181; x_wconf 89' lang='lat' dir='ltr'>ac</span> <span class='ocrx_word' id='word_1_396' title='bbox 1555 1147 1746 1188; x_wconf 83' lang='lat' dir='ltr'>consilium,</span> <span class='ocrx_word' id='word_1_397' title='bbox 1781 1147 1821 1182; x_wconf 86' lang='lat' dir='ltr'>de</span> 
     </span>
     <span class='ocr_line' id='line_1_78' title="bbox 1072 1193 1821 1243; baseline 0.005 -16"><span class='ocrx_word' id='word_1_398' title='bbox 1072 1193 1230 1229; x_wconf 64' lang='lat' dir='ltr'>voluntate</span> <span class='ocrx_word' id='word_1_399' title='bbox 1264 1207 1300 1229; x_wconf 84' lang='lat' dir='ltr'>ac</span> <span class='ocrx_word' id='word_1_400' title='bbox 1327 1195 1459 1231; x_wconf 89' lang='lat' dir='ltr'>consilio</span> <span class='ocrx_word' id='word_1_401' title='bbox 1493 1195 1592 1243; x_wconf 88' lang='lat' dir='ltr'>ipsius</span> <span class='ocrx_word' id='word_1_402' title='bbox 1633 1196 1740 1231; x_wconf 90' lang='lat' dir='ltr'>vicarii</span> <span class='ocrx_word' id='word_1_403' title='bbox 1776 1197 1821 1232; x_wconf 93' lang='lat' dir='ltr'>vel</span> 
     </span>
     <span class='ocr_line' id='line_1_79' title="bbox 1070 1243 1822 1290; baseline 0.007 -14"><span class='ocrx_word' id='word_1_404' title='bbox 1070 1243 1137 1277; x_wconf 89' lang='lat' dir='ltr'>eius</span> <span class='ocrx_word' id='word_1_405' title='bbox 1173 1243 1436 1290; x_wconf 87' lang='lat' dir='ltr'>locumtenentis,</span> <span class='ocrx_word' id='word_1_406' title='bbox 1464 1245 1563 1280; x_wconf 84' lang='lat' dir='ltr'>vocati</span> <span class='ocrx_word' id='word_1_407' title='bbox 1590 1245 1718 1287; x_wconf 89' lang='lat' dir='ltr'>fuerint,</span> <span class='ocrx_word' id='word_1_408' title='bbox 1742 1259 1822 1282; x_wconf 89' lang='lat' dir='ltr'>con-</span> 
     </span>
     <span class='ocr_line' id='line_1_80' title="bbox 1070 1293 1822 1343; baseline 0.007 -17"><span class='ocrx_word' id='word_1_409' title='bbox 1070 1293 1171 1327; x_wconf 91' lang='lat' dir='ltr'>sulent</span> <span class='ocrx_word' id='word_1_410' title='bbox 1195 1293 1328 1329; x_wconf 86' lang='lat' dir='ltr'>fideliter</span> <span class='ocrx_word' id='word_1_411' title='bbox 1361 1307 1456 1342; x_wconf 89' lang='lat' dir='ltr'>super</span> <span class='ocrx_word' id='word_1_412' title='bbox 1490 1294 1538 1336; x_wconf 88' lang='lat' dir='ltr'>iis,</span> <span class='ocrx_word' id='word_1_413' title='bbox 1573 1295 1611 1329; x_wconf 92' lang='lat' dir='ltr'>de</span> <span class='ocrx_word' id='word_1_414' title='bbox 1634 1295 1750 1343; x_wconf 88' lang='lat' dir='ltr'>quibus</span> <span class='ocrx_word' id='word_1_415' title='bbox 1778 1309 1822 1332; x_wconf 92' lang='lat' dir='ltr'>re-</span> 
     </span>
     <span class='ocr_line' id='line_1_81' title="bbox 1069 1342 1820 1390; baseline 0.007 -15"><span class='ocrx_word' id='word_1_416' title='bbox 1069 1342 1237 1389; x_wconf 85' lang='lat' dir='ltr'>quirentur</span> <span class='ocrx_word' id='word_1_417' title='bbox 1259 1351 1289 1377; x_wconf 91' lang='lat' dir='ltr'>et</span> <span class='ocrx_word' id='word_1_418' title='bbox 1325 1356 1406 1390; x_wconf 85' lang='lat' dir='ltr'>qnae</span> <span class='ocrx_word' id='word_1_419' title='bbox 1442 1344 1647 1390; x_wconf 86' lang='lat' dir='ltr'>iniungentur</span> <span class='ocrx_word' id='word_1_420' title='bbox 1681 1345 1820 1380; x_wconf 86' lang='lat' dir='ltr'>eisdem:</span> 
     </span>
     <span class='ocr_line' id='line_1_82' title="bbox 1069 1392 1821 1440; baseline 0.007 -15"><span class='ocrx_word' id='word_1_421' title='bbox 1069 1392 1122 1439; x_wconf 92' lang='lat' dir='ltr'>qui</span> <span class='ocrx_word' id='word_1_422' title='bbox 1147 1392 1240 1427; x_wconf 82' lang='lat' dir='ltr'>etiam</span> <span class='ocrx_word' id='word_1_423' title='bbox 1265 1392 1370 1427; x_wconf 88' lang='lat' dir='ltr'>iurent</span> <span class='ocrx_word' id='word_1_424' title='bbox 1394 1394 1423 1427; x_wconf 89' lang='lat' dir='ltr'>in</span> <span class='ocrx_word' id='word_1_425' title='bbox 1448 1394 1593 1428; x_wconf 89' lang='lat' dir='ltr'>manibus</span> <span class='ocrx_word' id='word_1_426' title='bbox 1608 1393 1684 1429; x_wconf 90' lang='lat' dir='ltr'>dicti</span> <span class='ocrx_word' id='word_1_427' title='bbox 1704 1395 1821 1440; x_wconf 82' lang='lat' dir='ltr'>vicarii,</span> 
     </span>
     <span class='ocr_line' id='line_1_83' title="bbox 1069 1441 1822 1490; baseline 0.007 -15"><span class='ocrx_word' id='word_1_428' title='bbox 1069 1441 1153 1488; x_wconf 83' lang='lat' dir='ltr'>quod</span> <span class='ocrx_word' id='word_1_429' title='bbox 1178 1442 1258 1477; x_wconf 89' lang='lat' dir='ltr'>bene</span> <span class='ocrx_word' id='word_1_430' title='bbox 1288 1449 1317 1477; x_wconf 86' lang='lat' dir='ltr'>et</span> <span class='ocrx_word' id='word_1_431' title='bbox 1351 1443 1495 1490; x_wconf 81' lang='lat' dir='ltr'>legaliter</span> <span class='ocrx_word' id='word_1_432' title='bbox 1523 1444 1551 1477; x_wconf 94' lang='lat' dir='ltr'>in</span> <span class='ocrx_word' id='word_1_433' title='bbox 1576 1456 1686 1478; x_wconf 89' lang='lat' dir='ltr'>eorum</span> <span class='ocrx_word' id='word_1_434' title='bbox 1716 1445 1822 1480; x_wconf 83' lang='lat' dir='ltr'>officio</span> 
     </span>
     <span class='ocr_line' id='line_1_84' title="bbox 1069 1491 1821 1533; baseline 0.007 -9"><span class='ocrx_word' id='word_1_435' title='bbox 1069 1504 1101 1525; x_wconf 86' lang='lat' dir='ltr'>se</span> <span class='ocrx_word' id='word_1_436' title='bbox 1125 1491 1304 1533; x_wconf 67' lang='lat' dir='ltr'>habebunt,</span> <span class='ocrx_word' id='word_1_437' title='bbox 1333 1492 1483 1528; x_wconf 89' lang='lat' dir='ltr'>bonorem</span> <span class='ocrx_word' id='word_1_438' title='bbox 1510 1502 1636 1528; x_wconf 88' lang='lat' dir='ltr'>sanctae</span> <span class='ocrx_word' id='word_1_439' title='bbox 1658 1493 1821 1530; x_wconf 87' lang='lat' dir='ltr'>Romanae</span> 
     </span>
     <span class='ocr_line' id='line_1_85' title="bbox 1069 1540 1820 1579; baseline 0.007 -5"><span class='ocrx_word' id='word_1_440' title='bbox 1069 1540 1227 1576; x_wconf 86' lang='lat' dir='ltr'>Ecclesiae</span> <span class='ocrx_word' id='word_1_441' title='bbox 1256 1550 1376 1577; x_wconf 81' lang='lat' dir='ltr'>vestrae</span> <span class='ocrx_word' id='word_1_442' title='bbox 1412 1543 1519 1577; x_wconf 90' lang='lat' dir='ltr'>matris</span> <span class='ocrx_word' id='word_1_443' title='bbox 1547 1552 1578 1578; x_wconf 83' lang='lat' dir='ltr'>et</span> <span class='ocrx_word' id='word_1_444' title='bbox 1611 1543 1757 1579; x_wconf 84' lang='lat' dir='ltr'>dominae</span> <span class='ocrx_word' id='word_1_445' title='bbox 1791 1545 1820 1579; x_wconf 91' lang='lat' dir='ltr'>in</span> 
     </span>
     <span class='ocr_line' id='line_1_86' title="bbox 1069 1590 1821 1641; baseline 0.007 -17"><span class='ocrx_word' id='word_1_446' title='bbox 1069 1590 1218 1626; x_wconf 89' lang='lat' dir='ltr'>omnibus</span> <span class='ocrx_word' id='word_1_447' title='bbox 1246 1591 1379 1627; x_wconf 79' lang='lat' dir='ltr'>fideliter</span> <span class='ocrx_word' id='word_1_448' title='bbox 1400 1593 1647 1628; x_wconf 82' lang='lat' dir='ltr'>conservabunt:</span> <span class='ocrx_word' id='word_1_449' title='bbox 1676 1606 1773 1641; x_wconf 79' lang='lat' dir='ltr'>quos,</span> <span class='ocrx_word' id='word_1_450' title='bbox 1795 1595 1821 1629; x_wconf 92' lang='lat' dir='ltr'>si</span> 
     </span>
     <span class='ocr_line' id='line_1_87' title="bbox 1071 1640 1820 1690; baseline 0.007 -16"><span class='ocrx_word' id='word_1_451' title='bbox 1071 1640 1175 1675; x_wconf 87' lang='lat' dir='ltr'>miuus</span> <span class='ocrx_word' id='word_1_452' title='bbox 1202 1642 1396 1677; x_wconf 85' lang='lat' dir='ltr'>sufficientes</span> <span class='ocrx_word' id='word_1_453' title='bbox 1423 1643 1537 1690; x_wconf 87' lang='lat' dir='ltr'>reperti</span> <span class='ocrx_word' id='word_1_454' title='bbox 1572 1642 1704 1684; x_wconf 85' lang='lat' dir='ltr'>fuerint,</span> <span class='ocrx_word' id='word_1_455' title='bbox 1738 1643 1820 1679; x_wconf 85' lang='lat' dir='ltr'>idern</span> 
     </span>
     <span class='ocr_line' id='line_1_88' title="bbox 1070 1690 1821 1737; baseline 0.005 -13"><span class='ocrx_word' id='word_1_456' title='bbox 1070 1690 1204 1725; x_wconf 87' lang='lat' dir='ltr'>vicarius</span> <span class='ocrx_word' id='word_1_457' title='bbox 1228 1704 1385 1737; x_wconf 88' lang='lat' dir='ltr'>amovere,</span> <span class='ocrx_word' id='word_1_458' title='bbox 1421 1700 1451 1726; x_wconf 90' lang='lat' dir='ltr'>et</span> <span class='ocrx_word' id='word_1_459' title='bbox 1472 1692 1549 1728; x_wconf 90' lang='lat' dir='ltr'>alios</span> <span class='ocrx_word' id='word_1_460' title='bbox 1570 1692 1764 1728; x_wconf 81' lang='lat' dir='ltr'>sufficientes</span> <span class='ocrx_word' id='word_1_461' title='bbox 1791 1702 1821 1728; x_wconf 90' lang='lat' dir='ltr'>et</span> 
     </span>
     <span class='ocr_line' id='line_1_89' title="bbox 1070 1740 1820 1784; baseline 0.005 -10"><span class='ocrx_word' id='word_1_462' title='bbox 1070 1740 1201 1775; x_wconf 89' lang='lat' dir='ltr'>idoneos</span> <span class='ocrx_word' id='word_1_463' title='bbox 1223 1740 1414 1776; x_wconf 86' lang='lat' dir='ltr'>substituere</span> <span class='ocrx_word' id='word_1_464' title='bbox 1444 1742 1552 1784; x_wconf 81' lang='lat' dir='ltr'>valeat,</span> <span class='ocrx_word' id='word_1_465' title='bbox 1587 1755 1658 1777; x_wconf 90' lang='lat' dir='ltr'>cum</span> <span class='ocrx_word' id='word_1_466' title='bbox 1687 1743 1820 1779; x_wconf 89' lang='lat' dir='ltr'>consilio</span> 
     </span>
     <span class='ocr_line' id='line_1_90' title="bbox 1069 1791 1719 1839; baseline 0.006 -15"><span class='ocrx_word' id='word_1_467' title='bbox 1069 1791 1236 1838; x_wconf 86' lang='lat' dir='ltr'>potestatis</span> <span class='ocrx_word' id='word_1_468' title='bbox 1263 1798 1295 1826; x_wconf 83' lang='lat' dir='ltr'>et</span> <span class='ocrx_word' id='word_1_469' title='bbox 1321 1792 1443 1826; x_wconf 84' lang='lat' dir='ltr'>consilii</span> <span class='ocrx_word' id='word_1_470' title='bbox 1475 1792 1719 1839; x_wconf 84' lang='lat' dir='ltr'>praedictorum.</span> 
     </span>
    </p>

    <p class='ocr_par' dir='ltr' id='par_1_10' title="bbox 1067 1840 1821 2535">
     <span class='ocr_line' id='line_1_91' title="bbox 1117 1840 1817 1889; baseline 0.004 -14"><span class='ocrx_word' id='word_1_471' title='bbox 1117 1840 1136 1886; x_wconf 64' lang='lat' dir='ltr'>S</span> <span class='ocrx_word' id='word_1_472' title='bbox 1168 1844 1221 1875; x_wconf 88' lang='grc'>16.</span> <span class='ocrx_word' id='word_1_473' title='bbox 1249 1840 1417 1876; x_wconf 86' lang='lat' dir='ltr'>Caeterum</span> <span class='ocrx_word' id='word_1_474' title='bbox 1456 1850 1605 1889; x_wconf 83' lang='lat' dir='ltr'>potestas,</span> <span class='ocrx_word' id='word_1_475' title='bbox 1646 1843 1762 1878; x_wconf 81' lang='lat' dir='ltr'>antiani</span> <span class='ocrx_word' id='word_1_476' title='bbox 1790 1852 1817 1878; x_wconf 90' lang='lat' dir='ltr'>et</span> 
     </span>
     <span class='ocr_line' id='line_1_92' title="bbox 1067 1891 1818 1938; baseline 0.004 -14"><span class='ocrx_word' id='word_1_477' title='bbox 1067 1901 1235 1924; x_wconf 86' lang='lat' dir='ltr'>commune</span> <span class='ocrx_word' id='word_1_478' title='bbox 1271 1891 1399 1938; x_wconf 79' lang='lat' dir='ltr'>praefati</span> <span class='ocrx_word' id='word_1_479' title='bbox 1427 1891 1543 1938; x_wconf 79' lang='lat' dir='ltr'>eligant</span> <span class='ocrx_word' id='word_1_480' title='bbox 1564 1892 1621 1926; x_wconf 87' lang='lat' dir='ltr'>sibi</span> <span class='ocrx_word' id='word_1_481' title='bbox 1651 1893 1818 1928; x_wconf 88' lang='lat' dir='ltr'>consilium</span> 
     </span>
     <span class='ocr_line' id='line_1_93' title="bbox 1067 1939 1820 1985; baseline 0.008 -14"><span class='ocrx_word' id='word_1_482' title='bbox 1067 1939 1287 1980; x_wconf 59' lang='lat' dir='ltr'>ducentorunn</span> <span class='ocrx_word' id='word_1_483' title='bbox 1302 1941 1369 1985; x_wconf 82' lang='lat' dir='ltr'>scd,</span> <span class='ocrx_word' id='word_1_484' title='bbox 1386 1942 1409 1975; x_wconf 92' lang='lat' dir='ltr'>si</span> <span class='ocrx_word' id='word_1_485' title='bbox 1425 1942 1574 1977; x_wconf 83' lang='lat' dir='ltr'>maiorem</span> <span class='ocrx_word' id='word_1_486' title='bbox 1589 1955 1754 1977; x_wconf 88' lang='lat' dir='ltr'>numerum</span> <span class='ocrx_word' id='word_1_487' title='bbox 1773 1956 1820 1977; x_wconf 82' lang='lat' dir='ltr'>ve-</span> 
     </span>
     <span class='ocr_line' id='line_1_94' title="bbox 1069 1989 1821 2039; baseline 0.005 -16"><span class='ocrx_word' id='word_1_488' title='bbox 1069 1989 1136 2033; x_wconf 80' lang='lat' dir='ltr'>lint,</span> <span class='ocrx_word' id='word_1_489' title='bbox 1165 1991 1283 2037; x_wconf 80' lang='lat' dir='ltr'>possint</span> <span class='ocrx_word' id='word_1_490' title='bbox 1306 1990 1401 2025; x_wconf 80' lang='lat' dir='ltr'>libere</span> <span class='ocrx_word' id='word_1_491' title='bbox 1424 2004 1478 2026; x_wconf 86' lang='lat' dir='ltr'>cos</span> <span class='ocrx_word' id='word_1_492' title='bbox 1500 1992 1614 2039; x_wconf 80' lang='lat' dir='ltr'>eligere</span> <span class='ocrx_word' id='word_1_493' title='bbox 1637 2005 1708 2027; x_wconf 87' lang='lat' dir='ltr'>curn</span> <span class='ocrx_word' id='word_1_494' title='bbox 1738 1993 1821 2027; x_wconf 82' lang='lat' dir='ltr'>vica-</span> 
     </span>
     <span class='ocr_line' id='line_1_95' title="bbox 1069 2039 1821 2089; baseline 0.007 -17"><span class='ocrx_word' id='word_1_495' title='bbox 1069 2039 1103 2072; x_wconf 91' lang='lat' dir='ltr'>rii</span> <span class='ocrx_word' id='word_1_496' title='bbox 1141 2040 1289 2086; x_wconf 81' lang='lat' dir='ltr'>praedicti</span> <span class='ocrx_word' id='word_1_497' title='bbox 1318 2054 1487 2083; x_wconf 78' lang='lat' dir='ltr'>consensu,</span> <span class='ocrx_word' id='word_1_498' title='bbox 1514 2050 1607 2089; x_wconf 86' lang='lat' dir='ltr'>prout</span> <span class='ocrx_word' id='word_1_499' title='bbox 1629 2043 1743 2078; x_wconf 84' lang='lat' dir='ltr'>melius</span> <span class='ocrx_word' id='word_1_500' title='bbox 1776 2043 1821 2077; x_wconf 81' lang='lat' dir='ltr'>ri-</span> 
     </span>
     <span class='ocr_line' id='line_1_96' title="bbox 1068 2088 1820 2139; baseline 0.007 -17"><span class='ocrx_word' id='word_1_501' title='bbox 1068 2088 1193 2123; x_wconf 85' lang='lat' dir='ltr'>debitur</span> <span class='ocrx_word' id='word_1_502' title='bbox 1215 2089 1376 2137; x_wconf 82' lang='lat' dir='ltr'>cxpcdire,</span> <span class='ocrx_word' id='word_1_503' title='bbox 1395 2091 1469 2126; x_wconf 89' lang='lat' dir='ltr'>dum</span> <span class='ocrx_word' id='word_1_504' title='bbox 1490 2099 1591 2126; x_wconf 82' lang='lat' dir='ltr'>tamen</span> <span class='ocrx_word' id='word_1_505' title='bbox 1607 2092 1820 2139; x_wconf 84' lang='lat' dir='ltr'>quadringen-</span> 
     </span>
     <span class='ocr_line' id='line_1_97' title="bbox 1069 2141 1819 2189; baseline 0.007 -17"><span class='ocrx_word' id='word_1_506' title='bbox 1069 2147 1171 2172; x_wconf 88' lang='lat' dir='ltr'>torum</span> <span class='ocrx_word' id='word_1_507' title='bbox 1201 2152 1368 2174; x_wconf 88' lang='lat' dir='ltr'>numerum</span> <span class='ocrx_word' id='word_1_508' title='bbox 1399 2154 1459 2175; x_wconf 87' lang='lat' dir='ltr'>non</span> <span class='ocrx_word' id='word_1_509' title='bbox 1488 2141 1656 2183; x_wconf 75' lang='lat' dir='ltr'>excedant3</span> <span class='ocrx_word' id='word_1_510' title='bbox 1684 2155 1819 2189; x_wconf 89' lang='lat' dir='ltr'>quorum</span> 
     </span>
     <span class='ocr_line' id='line_1_98' title="bbox 1068 2187 1818 2226; baseline 0.008 -6"><span class='ocrx_word' id='word_1_511' title='bbox 1068 2187 1278 2224; x_wconf 79' lang='lat' dir='ltr'>ducentorum</span> <span class='ocrx_word' id='word_1_512' title='bbox 1302 2190 1438 2225; x_wconf 84' lang='lat' dir='ltr'>ollicium</span> <span class='ocrx_word' id='word_1_513' title='bbox 1468 2190 1546 2226; x_wconf 87' lang='lat' dir='ltr'>ultra</span> <span class='ocrx_word' id='word_1_514' title='bbox 1574 2204 1627 2226; x_wconf 86' lang='lat' dir='ltr'>sex</span> <span class='ocrx_word' id='word_1_515' title='bbox 1663 2193 1818 2226; x_wconf 88' lang='lat' dir='ltr'>mensium</span> 
     </span>
     <span class='ocr_line' id='line_1_99' title="bbox 1068 2239 1820 2285; baseline 0.007 -14"><span class='ocrx_word' id='word_1_516' title='bbox 1068 2239 1203 2285; x_wconf 85' lang='lat' dir='ltr'>spatium</span> <span class='ocrx_word' id='word_1_517' title='bbox 1225 2253 1286 2273; x_wconf 89' lang='lat' dir='ltr'>non</span> <span class='ocrx_word' id='word_1_518' title='bbox 1306 2239 1440 2274; x_wconf 86' lang='lat' dir='ltr'>durabit.</span> <span class='ocrx_word' id='word_1_519' title='bbox 1472 2240 1519 2275; x_wconf 91' lang='lat' dir='ltr'>De</span> <span class='ocrx_word' id='word_1_520' title='bbox 1539 2241 1714 2276; x_wconf 84' lang='lat' dir='ltr'>iuramento</span> <span class='ocrx_word' id='word_1_521' title='bbox 1734 2255 1820 2276; x_wconf 86' lang='lat' dir='ltr'>narn-</span> 
     </span>
     <span class='ocr_line' id='line_1_100' title="bbox 1068 2289 1819 2338; baseline 0.008 -18"><span class='ocrx_word' id='word_1_522' title='bbox 1068 2301 1129 2334; x_wconf 79' lang='lat' dir='ltr'>qne</span> <span class='ocrx_word' id='word_1_523' title='bbox 1158 2289 1344 2336; x_wconf 88' lang='lat' dir='ltr'>praestando</span> <span class='ocrx_word' id='word_1_524' title='bbox 1378 2303 1432 2337; x_wconf 87' lang='lat' dir='ltr'>per</span> <span class='ocrx_word' id='word_1_525' title='bbox 1460 2291 1545 2338; x_wconf 85' lang='lat' dir='ltr'>ipsos</span> <span class='ocrx_word' id='word_1_526' title='bbox 1576 2292 1661 2325; x_wconf 78' lang='lat' dir='ltr'>dicto</span> <span class='ocrx_word' id='word_1_527' title='bbox 1694 2292 1819 2332; x_wconf 75' lang='lat' dir='ltr'>vicario,</span> 
     </span>
     <span class='ocr_line' id='line_1_101' title="bbox 1068 2339 1820 2386; baseline 0.005 -14"><span class='ocrx_word' id='word_1_528' title='bbox 1068 2346 1098 2372; x_wconf 86' lang='lat' dir='ltr'>et</span> <span class='ocrx_word' id='word_1_529' title='bbox 1125 2339 1163 2373; x_wconf 87' lang='lat' dir='ltr'>de</span> <span class='ocrx_word' id='word_1_530' title='bbox 1186 2339 1327 2386; x_wconf 85' lang='lat' dir='ltr'>ipsorum</span> <span class='ocrx_word' id='word_1_531' title='bbox 1355 2352 1410 2374; x_wconf 82' lang='lat' dir='ltr'>seu</span> <span class='ocrx_word' id='word_1_532' title='bbox 1434 2340 1603 2375; x_wconf 86' lang='lat' dir='ltr'>cuiuslibet</span> <span class='ocrx_word' id='word_1_533' title='bbox 1630 2354 1739 2376; x_wconf 86' lang='lat' dir='ltr'>eorum</span> <span class='ocrx_word' id='word_1_534' title='bbox 1770 2342 1820 2376; x_wconf 86' lang='lat' dir='ltr'>in-</span> 
     </span>
     <span class='ocr_line' id='line_1_102' title="bbox 1067 2388 1819 2430; baseline 0.007 -9"><span class='ocrx_word' id='word_1_535' title='bbox 1067 2388 1268 2430; x_wconf 70' lang='lat' dir='ltr'>sufficientia,</span> <span class='ocrx_word' id='word_1_536' title='bbox 1308 2390 1481 2425; x_wconf 78' lang='lat' dir='ltr'>remotione</span> <span class='ocrx_word' id='word_1_537' title='bbox 1534 2398 1563 2425; x_wconf 86' lang='lat' dir='ltr'>et</span> <span class='ocrx_word' id='word_1_538' title='bbox 1597 2390 1819 2426; x_wconf 84' lang='lat' dir='ltr'>substitutione</span> 
     </span>
     <span class='ocr_line' id='line_1_103' title="bbox 1069 2438 1818 2488; baseline 0.005 -16"><span class='ocrx_word' id='word_1_539' title='bbox 1069 2438 1119 2472; x_wconf 86' lang='lat' dir='ltr'>liat</span> <span class='ocrx_word' id='word_1_540' title='bbox 1142 2447 1235 2486; x_wconf 90' lang='lat' dir='ltr'>prout</span> <span class='ocrx_word' id='word_1_541' title='bbox 1257 2439 1295 2474; x_wconf 82' lang='lat' dir='ltr'>de</span> <span class='ocrx_word' id='word_1_542' title='bbox 1330 2440 1464 2474; x_wconf 85' lang='lat' dir='ltr'>antianis</span> <span class='ocrx_word' id='word_1_543' title='bbox 1487 2453 1580 2488; x_wconf 89' lang='lat' dir='ltr'>supra</span> <span class='ocrx_word' id='word_1_544' title='bbox 1604 2441 1746 2488; x_wconf 74' lang='lat' dir='ltr'>proxime</span> <span class='ocrx_word' id='word_1_545' title='bbox 1771 2450 1818 2476; x_wconf 89' lang='lat' dir='ltr'>est</span> 
     </span>
     <span class='ocr_line' id='line_1_104' title="bbox 1068 2501 1266 2535; baseline 0.005 -14"><span class='ocrx_word' id='word_1_546' title='bbox 1068 2501 1266 2535; x_wconf 76' lang='lat' dir='ltr'>expressum.</span> 
     </span>
    </p>

    <p class='ocr_par' dir='ltr' id='par_1_11' title="bbox 1067 2538 1816 2738">
     <span class='ocr_line' id='line_1_105' title="bbox 1116 2538 1816 2588; baseline 0.007 -17"><span class='ocrx_word' id='word_1_547' title='bbox 1116 2538 1135 2584; x_wconf 58' lang='grc' dir='ltr'>,ξ</span> <span class='ocrx_word' id='word_1_548' title='bbox 1160 2541 1214 2572; x_wconf 80' lang='grc' dir='ltr'>Π.</span> <span class='ocrx_word' id='word_1_549' title='bbox 1238 2538 1392 2574; x_wconf 84' lang='lat' dir='ltr'>Volumus</span> <span class='ocrx_word' id='word_1_550' title='bbox 1415 2539 1557 2586; x_wconf 86' lang='lat' dir='ltr'>insuper,</span> <span class='ocrx_word' id='word_1_551' title='bbox 1579 2540 1663 2588; x_wconf 90' lang='lat' dir='ltr'>quod</span> <span class='ocrx_word' id='word_1_552' title='bbox 1684 2540 1816 2576; x_wconf 85' lang='lat' dir='ltr'>dilectus</span> 
     </span>
     <span class='ocr_line' id='line_1_106' title="bbox 1069 2587 1814 2626; baseline 0.005 -5"><span class='ocrx_word' id='word_1_553' title='bbox 1069 2587 1150 2621; x_wconf 76' lang='lat' dir='ltr'>lilius</span> <span class='ocrx_word' id='word_1_554' title='bbox 1174 2597 1278 2622; x_wconf 74' lang='lat' dir='ltr'>nostor</span> <span class='ocrx_word' id='word_1_555' title='bbox 1302 2589 1461 2623; x_wconf 80' lang='lat' dir='ltr'>Arnaldus</span> <span class='ocrx_word' id='word_1_556' title='bbox 1483 2590 1617 2625; x_wconf 75' lang='lat' dir='ltr'>Sanctae</span> <span class='ocrx_word' id='word_1_557' title='bbox 1639 2590 1753 2625; x_wconf 74' lang='lat' dir='ltr'>Mariae</span> <span class='ocrx_word' id='word_1_558' title='bbox 1785 2592 1814 2626; x_wconf 94' lang='lat' dir='ltr'>in</span> 
     </span>
     <span class='ocr_line' id='line_1_107' title="bbox 1069 2637 1815 2687; baseline 0.009 -18"><span class='ocrx_word' id='word_1_559' title='bbox 1069 2637 1192 2672; x_wconf 67' lang='lat' dir='ltr'>porticu</span> <span class='ocrx_word' id='word_1_560' title='bbox 1221 2638 1373 2673; x_wconf 85' lang='lat' dir='ltr'>diaconus</span> <span class='ocrx_word' id='word_1_561' title='bbox 1401 2638 1584 2681; x_wconf 83' lang='lat' dir='ltr'>cardinalis,</span> <span class='ocrx_word' id='word_1_562' title='bbox 1615 2639 1815 2687; x_wconf 83' lang='lat' dir='ltr'>Apostolicae</span> 
     </span>
     <span class='ocr_line' id='line_1_108' title="bbox 1067 2686 1816 2738; baseline 0.009 -20"><span class='ocrx_word' id='word_1_563' title='bbox 1067 2686 1157 2720; x_wconf 71' lang='lat' dir='ltr'>Sedis</span> <span class='ocrx_word' id='word_1_564' title='bbox 1182 2688 1312 2734; x_wconf 66' lang='lat' dir='ltr'>legatus,</span> <span class='ocrx_word' id='word_1_565' title='bbox 1349 2702 1465 2723; x_wconf 83' lang='lat' dir='ltr'>moram</span> <span class='ocrx_word' id='word_1_566' title='bbox 1506 2690 1631 2724; x_wconf 82' lang='lat' dir='ltr'>trahens</span> <span class='ocrx_word' id='word_1_567' title='bbox 1656 2691 1684 2724; x_wconf 93' lang='lat' dir='ltr'>in</span> <span class='ocrx_word' id='word_1_568' title='bbox 1715 2692 1816 2738; x_wconf 85' lang='lat' dir='ltr'>parti-</span> 
     </span>
    </p>
   </div>
   <div class='ocr_carea' id='block_1_9' title="bbox 1838 295 2016 323">
    <p class='ocr_par' dir='ltr' id='par_1_12' title="bbox 1838 295 2016 323">
     <span class='ocr_line' id='line_1_109' title="bbox 1838 295 2016 323; baseline 0.011 -2"><span class='ocrx_word' id='word_1_569' title='bbox 1838 295 1887 321; x_wconf 79' lang='grc' dir='ltr'>Αα.</span> <span class='ocrx_word' id='word_1_570' title='bbox 1901 295 1929 322; x_wconf 87' lang='lat' dir='ltr'>C¹</span> <span class='ocrx_word' id='word_1_571' title='bbox 1950 296 2016 323; x_wconf 77' lang='lat'>¹3¹0</span> 
     </span>
    </p>
   </div>
   <div class='ocr_carea' id='block_1_10' title="bbox 1834 357 2018 440">
    <p class='ocr_par' dir='ltr' id='par_1_13' title="bbox 1834 357 2018 440">
     <span class='ocr_line' id='line_1_110' title="bbox 1855 357 1996 378; baseline 0.007 -1"><span class='ocrx_word' id='word_1_572' title='bbox 1855 357 1976 378; x_wconf 58' lang='lat' dir='ltr'>Contatone·</span> <span class='ocrx_word' id='word_1_573' title='bbox 1984 366 1996 378; x_wconf 86' lang='grc' dir='ltr'>ιι</span> 
     </span>
     <span class='ocr_line' id='line_1_111' title="bbox 1834 388 2018 409; baseline 0.005 -2"><span class='ocrx_word' id='word_1_574' title='bbox 1834 388 1923 409; x_wconf 67' lang='lat' dir='ltr'>osticium</span> <span class='ocrx_word' id='word_1_575' title='bbox 1945 395 1954 408; x_wconf 84' lang='lat' dir='ltr'>c</span> <span class='ocrx_word' id='word_1_576' title='bbox 1958 396 2018 409; x_wconf 65' lang='lat' dir='ltr'>sssss</span> 
     </span>
     <span class='ocr_line' id='line_1_112' title="bbox 1902 423 1952 440; baseline 0.02 -1"><span class='ocrx_word' id='word_1_577' title='bbox 1902 423 1952 440; x_wconf 83' lang='lat' dir='ltr'>tum.</span> 
     </span>
    </p>
   </div>
   <div class='ocr_carea' id='block_1_11' title="bbox 1834 1859 2008 1880">
    <p class='ocr_par' dir='ltr' id='par_1_14' title="bbox 1834 1859 2008 1880">
     <span class='ocr_line' id='line_1_113' title="bbox 1834 1859 2008 1880; baseline 0.011 -2"><span class='ocrx_word' id='word_1_578' title='bbox 1834 1859 1862 1880; x_wconf 71' lang='lat' dir='ltr'>De</span> <span class='ocrx_word' id='word_1_579' title='bbox 1883 1860 2008 1880; x_wconf 65' lang='lat' dir='ltr'>i:cv11÷ili÷ii*i÷</span> 
     </span>
    </p>
   </div>
   <div class='ocr_carea' id='block_1_12' title="bbox 1830 2551 2015 2667">
    <p class='ocr_par' dir='ltr' id='par_1_15' title="bbox 1830 2551 2015 2667">
     <span class='ocr_line' id='line_1_114' title="bbox 1844 2551 2013 2575; baseline 0.024 -4"><span class='ocrx_word' id='word_1_580' title='bbox 1844 2551 1872 2572; x_wconf 85' lang='lat' dir='ltr'>De</span> <span class='ocrx_word' id='word_1_581' title='bbox 1890 2556 2013 2575; x_wconf 70' lang='lat' dir='ltr'>statutorum</span> 
     </span>
     <span class='ocr_line' id='line_1_115' title="bbox 1830 2585 2015 2607; baseline 0.022 -4"><span class='ocrx_word' id='word_1_582' title='bbox 1830 2585 1922 2605; x_wconf 75' lang='lat' dir='ltr'>civitatis</span> <span class='ocrx_word' id='word_1_583' title='bbox 1939 2592 2015 2607; x_wconf 73' lang='lat' dir='ltr'>exoni-</span> 
     </span>
     <span class='ocr_line' id='line_1_116' title="bbox 1830 2618 2015 2638; baseline 0.016 -3"><span class='ocrx_word' id='word_1_584' title='bbox 1830 2621 1864 2638; x_wconf 68' lang='lat' dir='ltr'>uo,</span> <span class='ocrx_word' id='word_1_585' title='bbox 1875 2618 2015 2638; x_wconf 73' lang='lat' dir='ltr'>confirmatiu-</span> 
     </span>
     <span class='ocr_line' id='line_1_117' title="bbox 1830 2651 1921 2667; baseline 0.011 -1"><span class='ocrx_word' id='word_1_586' title='bbox 1830 2651 1864 2667; x_wconf 37' lang='lat' dir='ltr'>ne,</span> <span class='ocrx_word' id='word_1_587' title='bbox 1881 2651 1921 2667; x_wconf 48' lang='lat' dir='ltr'>ele&gt;</span> 
     </span>
    </p>
   </div>
  </div>
 </body>
</html>
