2274 3265
131 266 180 292 An.
198 266 226 291 C.
245 266 312 292 1297

135 911 212 938 [igneo
222 916 298 931 militen

126 946 157 962 tus
174 942 242 962 lecin-

137 1159 177 1179 Hos
181 1163 207 1179 ιι·
246 1165 291 1179 u.en

123 1192 176 1210 itam

136 1310 183 1331 Pius
195 1318 214 1331 ιιι
228 1318 257 1330 «ει

122 1341 189 1362 nibus.

128 1556 200 1578 quen
214 1563 281 1576 amma

121 1587 162 1607 Deo
179 1587 253 1606 reddit.

264 1318 306 1330 «ιωΠ
321 1304 430 1339 salutis
462 1313 701 1351 augumentum

926 265 1118 288 BOMFACtUs
1142 266 1200 287 Viti
1225 266 1271 286 t't’.

329 321 455 366 penitus
479 320 664 355 interdictis.
694 320 726 354 ln
764 320 967 354 festivitatum
1006 332 1078 353 vero

327 367 465 409 Virginis
486 369 640 415 gloriosae
662 382 697 404 ac
719 368 838 403 Natalis
859 368 988 403 Domini
1019 380 1078 402 me-

328 419 438 452 morati
473 418 610 464 vigiliis,
648 426 679 453 et
713 427 799 453 sexta
839 418 913 452 seria
952 417 1078 452 maioris

327 466 558 507 hebdomadae,
582 468 733 502 ieiunium
757 466 955 510 observabat,
991 467 1079 512 panis

327 525 357 550 et
399 529 498 564 aquae
529 517 695 551 dumtaxat
738 516 860 550 modica
897 515 1078 550 substenta-

327 565 412 600 tione
439 574 618 601 contentus.
645 565 794 607 Qualibet
820 565 913 599 etiam
936 564 987 599 die
1016 564 1078 599 Ve-

327 616 410 650 neris
437 615 694 662 quadragesimae
715 614 925 662 supradictae,
954 626 990 649 ac
1031 623 1079 648 to-

327 664 387 699 tius
413 665 578 704 adventus,
606 663 643 699 ab
665 676 721 698 esu
746 664 879 711 piscium
903 663 1079 699 abstinebat

327 713 435 748 multis
459 722 617 760 praeterea
640 725 673 747 se
703 714 815 760 vigiliis
838 725 1010 759 occupans,
1041 726 1078 748 ne

326 763 429 809 aliqua
453 763 513 797 sihi
537 763 612 797 liora
642 763 795 809 temporis
818 762 970 797 inutiliter
1006 775 1078 809 per-

327 812 483 846 transiret.

373 861 469 908 522.
499 860 575 895 Post
596 861 665 896 eius
695 860 827 895 reditum
860 861 1076 916 supradictum

304 922 386 945 ·n0n
412 911 443 944 in
468 909 572 957 pluma
598 910 643 945 vel
668 910 764 958 paleis
792 911 898 951 iacuit,
926 911 979 946 sed
1017 924 1079 945 su—

324 972 380 1007 per
403 959 541 1006 lignenm
566 960 681 994 lectum
697 961 885 1007 portatilem,
909 961 1077 995 mateiacio

321 1008 458 1055 simplici
483 1010 676 1056 superiecto,
699 1011 851 1045 stramine
885 1011 971 1045 nullo
1000 1023 1077 1057 sup-

322 1059 436 1106 posito
459 1058 680 1094 decumbebat.

370 1108 390 1155 ἓ
412 1110 469 1142 23.
493 1107 581 1142 Hic·
575 1121 705 1154 insuper
728 1109 809 1143 vitae
833 1109 967 1155 puritate
991 1121 1078 1155 prae-

295 1171 306 1173 -
322 1157 457 1196 lucidus,
482 1157 624 1192 sincerus
647 1158 785 1192 veritatis
812 1159 934 1192 amicus
963 1158 1075 1198 extitit,

322 1207 485 1253 hostisque
512 1206 705 1241 durissimus
732 1207 885 1241 falsitatis.

370 1256 468 1303 §24-
499 1254 621 1290 Cuncta
656 1268 784 1303 quoque
816 1256 914 1303 ipsius
949 1256 1074 1302 eloquia

745 1317 904 1352 operaque
939 1305 1073 1339 salubria

321 1353 538 1398 hortabantur,
554 1354 776 1389 demulcebant
792 1354 974 1389 auditorum
992 1367 1076 1402 prae-

320 1403 439 1442 cordia,
462 1412 492 1438 et
515 1403 544 1437 in
572 1416 682 1438 eorum
706 1404 960 1439 aedificationem
999 1404 1074 1438 mul-

321 1453 459 1500 tiplicem
484 1452 716 1487 redundabant.

368 1502 468 1549 325.
492 1502 638 1549 Cumque
666 1502 702 1535 ad
734 1504 926 1537 incrementa
962 1503 1074 1537 catho-

320 1551 398 1586 licae
425 1551 509 1591 fidei,
532 1561 561 1584 et
591 1552 806 1586 liberationem
830 1552 966 1586 celerem
994 1552 1074 1586 Ter-

319 1613 370 1635 rae
391 1600 527 1635 Sanctae
562 1602 641 1635 votis
675 1601 861 1635 ardentibus
900 1601 1072 1640 anhelaret,

319 1650 349 1684 in
371 1651 473 1698 ipsius
494 1650 610 1685 Terrae
641 1650 775 1685 Sanctae
811 1651 987 1686 subsidium
1016 1663 1073 1685 as-

316 1701 452 1748 sumpsit
479 1700 585 1735 (lenuo
607 1700 731 1747 signum
760 1700 885 1741 Crucis,
908 1709 937 1735 et
966 1700 1072 1735 denno

318 1751 436 1796 potenti
471 1759 500 1785 et
546 1750 647 1785 valido
691 1759 881 1796 congregato
923 1751 1072 1797 navigio,

316 1799 442 1846 copiosa
477 1810 507 1834 et
542 1808 670 1834 strenua
713 1800 858 1835 comitiva
899 1800 1071 1840 suffultus,

317 1861 389 1884 cum
418 1849 556 1897 praefato
577 1849 735 1884 Pictaviae
767 1851 905 1888 comite,
942 1850 1072 1897 suisque

318 1897 437 1941 liberis,
460 1910 489 1933 et
517 1898 591 1933 clar.
623 1911 717 1933 mem.
759 1899 865 1945 regina
890 1899 1071 1937 Navarrae,

318 1948 416 1994 ipsius
439 1949 520 1994 regis
544 1948 616 1989 tilia,
645 1960 724 1995 quae
748 1948 777 1982 iu
803 1948 905 1983 reditu
929 1928 1071 1983 debitum

318 2005 446 2032 naturae
470 1998 631 2045 persolvit,
655 1998 691 2031 ad
721 2006 825 2045 partes
847 2010 880 2032 se
914 1998 1071 2033 transtulit

318 2048 554 2088 transmarinas,
579 2046 718 2094 praefato
745 2046 870 2090 Carolo,
905 2049 958 2094 qui
995 2058 1071 2082 tunc

318 2109 437 2132 moram
466 2098 496 2131 in
526 2096 629 2131 ltaliae
664 2097 806 2143 partibus
844 2096 1070 2141 contrahebat,

318 2146 401 2193 regis
429 2147 592 2181 memorati
616 2147 742 2192 vestigia
771 2146 1007 2193 subsequente,
1036 2158 1071 2181 ac

317 2196 443 2231 tandem
466 2195 505 2230 ad
539 2204 645 2243 partes
685 2196 805 2231 Tunitii
844 2195 925 2230 felici
960 2208 1069 2242 gressu

317 2245 515 2291 perveniens,
539 2245 614 2280 inibi
641 2245 681 2281 de
717 2254 898 2292 magnatum
937 2258 1068 2280 snorum

315 2295 449 2330 consilio
465 2304 566 2330 castra
589 2295 667 2336 fixit,
691 2304 721 2330 et
747 2297 898 2331 adversus
931 2294 1069 2330 Sarace-

317 2356 428 2379 norum
453 2344 600 2380 incursus
622 2357 774 2380 exercens
802 2345 959 2392 potentiae
994 2357 1069 2379 suae

318 2394 397 2428 vires
423 2395 634 2441 gravissimas,
658 2394 698 2430 ob
722 2395 844 2429 labores
872 2394 1068 2433 innumeros

315 2443 431 2490 quibus
459 2444 659 2491 premebatur
694 2443 833 2485 assidue,
871 2443 1069 2478 infirmitates

317 2493 459 2534 incurrit,
488 2494 541 2541 qui
564 2493 677 2529 diebus
703 2493 820 2539 elapsis
842 2493 1002 2541 aliquibus
1026 2494 1070 2527 in-

318 2542 497 2578 firmitatum
523 2544 658 2590 ipsarum
701 2542 845 2577 violentia
887 2551 1067 2591 superatus,

317 2601 511 2627 sacramenta
534 2592 746 2627 ecclesiastica
772 2604 844 2626 cum
868 2605 989 2627 summa
1019 2593 1069 2625 de-

318 2641 441 2676 votione
468 2642 596 2688 recepit,
620 2654 655 2676 ac
698 2642 831 2676 instante
865 2642 924 2675 sibi
960 2641 1068 2675 verisi-

1753 255 1813 286 151

1120 319 1234 353 militer
1257 319 1331 353 hora
1351 319 1472 358 mortis,
1506 319 1647 354 oratione
1691 331 1747 366 pro
1783 331 1876 354 exer-

1119 368 1183 402 citu
1208 367 1380 402 christiano
1409 367 1592 414 praemissa,
1615 380 1703 402 snam
1737 367 1875 403 Domino

1118 417 1238 451 devotis
1266 416 1412 463 precibus
1434 417 1571 451 animam
1600 417 1873 459 recommendans,

1118 478 1152 501 ac
1188 466 1351 500 litei-aliter
1378 466 1559 512 exprimens
1583 466 1674 501 verba
1698 467 1874 514 sequentia,

1120 514 1274 550 videlicet:
1294 517 1398 554 Pater,
1427 517 1458 549 in
1479 528 1588 550 manus
1611 524 1677 550 tuus
1699 518 1874 551 commendo

1118 566 1261 610 spiritum
1303 577 1425 608 metim,
1474 564 1604 598 feliciter
1647 565 1791 611 migravit
1834 567 1871 601 ad

1120 614 1296 654 Christum,
1323 614 1470 661 supernis
1497 614 1616 648 deliciis
1639 614 1802 650 fruiturus.

1169 663 1266 710 5⁶26.
1311 663 1428 698 Verum
1468 675 1539 697 cum
1575 664 1652 698 vitae
1692 664 1871 700 huiusmodi

1119 712 1247 747 functus
1286 712 1455 752 curriculo,
1490 713 1594 747 verius
1630 713 1743 748 viveret
1777 727 1869 761 quam

1120 762 1257 804 vixisset,
1285 763 1386 798 noluit
1428 762 1580 797 Altissimi
1619 763 1733 808 Filius,
1776 777 1870 812 quem

1120 812 1201 847 idem
1227 820 1288 847 tota
1309 812 1424 847 mentis
1446 811 1612 847 affectione
1631 813 1796 854 dilexerat,
1808 822 1870 849 tam

1119 861 1221 896 devoti
1253 862 1401 909 principis
1445 862 1585 909 tantique
1629 864 1872 910 propugnatoris

1120 911 1191 945 [idei
1217 911 1423 955 oitliodoxae,
1447 912 1567 946 mundo
1603 912 1759 959 supprimi
1793 925 1872 948 san—

1118 960 1269 1000 ctitatem
1298 960 1567 1016 quemadmodum
1593 962 1776 996 meritorum
1801 962 1872 1009 plu-

1119 1010 1236 1044 ralitate
1259 1010 1477 1057 prmaefulseiat
1505 1011 1551 1046 sic
1579 1010 1805 1046 miraculorum
1822 1011 1872 1046 di-

1117 1060 1266 1094 versitate
1289 1059 1486 1101 claresceret,
1519 1069 1549 1095 et
1590 1060 1642 1107 qui
1685 1072 1757 1095 eum
1804 1060 1872 1107 ple-

1118 1109 1247 1143 nissima
1276 1108 1443 1144 devotione
1474 1109 1626 1153 coluerat,
1666 1109 1726 1143 iam
1760 1121 1869 1144 secum

1118 1157 1147 1191 in
1177 1158 1302 1192 coelesti
1323 1158 1439 1205 palatio
1467 1158 1651 1199 collocatus,
1680 1158 1871 1193 venerabili—

1116 1214 1164 1240 ter
1190 1207 1357 1242 coleretur.
1396 1207 1474 1242 Nam
1511 1209 1681 1242 contractis
1725 1217 1868 1243 arctuuin

1116 1256 1300 1291 extensione
1321 1256 1486 1297 subvenit,
1522 1257 1635 1300 curvis,
1659 1265 1771 1291 terram
1807 1257 1870 1292 fere

1116 1306 1319 1350 tangentibus
1341 1306 1431 1347 facie,
1462 1306 1555 1352 plene
1583 1306 1728 1347 restituit,
1761 1318 1868 1341 eorum

1115 1366 1242 1388 sursum
1267 1355 1380 1389 erectis
1396 1355 1545 1400 vultibus,
1568 1356 1757 1396 sanitatem,
1785 1364 1870 1390 strn-

1117 1404 1213 1437 mosis
1241 1404 1428 1439 beneficium
1453 1404 1649 1439 liberationis
1672 1404 1838 1452 impendit.

1164 1453 1183 1500 g
1206 1455 1263 1487 27.
1286 1453 1451 1488 Mulierem
1480 1454 1662 1500 quamdam,
1689 1455 1780 1488 cuius
1803 1453 1870 1488 bra-

1115 1502 1220 1536 chium
1241 1503 1363 1537 aridum
1393 1511 1422 1538 et
1449 1504 1580 1537 omnino
1617 1503 1774 1550 impotens
1801 1504 1869 1537 exi-

1114 1551 1226 1595 stebat,
1249 1551 1288 1586 ab
1308 1552 1488 1587 infirmitate
1508 1552 1691 1588 huiusmodi
1715 1552 1866 1588 liberavit.

1163 1601 1182 1647 g
1234 1603 1291 1635 28,
1315 1602 1452 1644 Quidam
1477 1614 1618 1649 quoque,
1650 1602 1744 1636 cuius
1784 1601 1864 1636 velut

1114 1658 1293 1685 emortuum
1319 1651 1476 1698 pendebat
1504 1651 1678 1693 brachium,
1702 1664 1758 1699 per
1779 1653 1867 1686 eius-

1112 1699 1184 1734 dem
1208 1700 1316 1736 Sancti
1346 1701 1503 1745 virtutem,
1530 1702 1661 1747 gratiam
1697 1701 1866 1736 curationis

1113 1750 1261 1784 obtinuit.

1161 1800 1181 1846 5
1202 1801 1261 1834 ⁶29.
1281 1799 1535 1856 Quampluribus
1558 1799 1724 1848 paralytico
1757 1800 1867 1835 morbo

1113 1850 1282 1895 percussis
1305 1859 1334 1884 et
1362 1850 1431 1885 aliis
1459 1851 1511 1896 qui
1539 1841 1670 1883 diversis
1702 1850 1866 1905 languori—
1897 1856 1906 1866 ⁴

1112 1898 1171 1932 bus
1198 1899 1400 1943 tenebantur,
1425 1899 1524 1954 plena·
1537 1898 1656 1933 reddita
1685 1900 1845 1946 sospitate;

1161 1947 1180 1993 g
1209 1952 1265 1982 50.
1294 1948 1472 1996 Caes-isque
1500 1949 1581 1989 visu,
1603 1949 1709 1983 surdis
1742 1948 1864 1988 auditu;

1111 1982 1233 2031 claiidis
1250 2010 1372 2043 thrssn
1390 1998 1495 2032 illius
1490 2006 1632 2032 invocato
1652 1998 1790 2040 nomine,
1815 2010 1864 2032 re-

1112 2046 1243 2087 stitutis,

1160 2096 1180 2142 ξ
1209 2098 1265 2130 5¹.
1290 2096 1345 2131 His
1369 2106 1398 2131 et
1420 2096 1664 2151 quampluribus
1686 2096 1766 2136 aliis
1788 2096 1865 2130 Sau-

1110 2154 1180 2179 ctus
1209 2147 1274 2192 ipse
1303 2147 1479 2181 coinscaiit
1508 2146 1667 2180 miraculis
1705 2145 1862 2192 gloriosis

1110 2208 1245 2242 quorum
1263 2196 1375 2230 seriem
1398 2195 1613 2238 praesentibus
1629 2207 1689 2229 non
1713 2195 1862 2229 duximus

1111 2244 1323 2279 inserendam.

1158 2294 1177 2340 g
1205 2296 1261 2328 5⁶2.
1286 2294 1428 2328 Gaudeat
1457 2294 1559 2340 itaque
1588 2293 1703 2328 domus
1748 2293 1859 2340 inclyta

1110 2342 1274 2384 Franciae,
1295 2356 1380 2397 *quie
1404 2344 1494 2378 talem
1518 2355 1554 2378 ac
1590 2351 1709 2377 tantum
1745 2343 1861 2388 princi-

1112 2406 1182 2440 pem
1207 2393 1328 2439 gennit
1352 2405 1406 2440 per
1432 2392 1523 2427 cuius
1552 2393 1658 2427 metita
1685 2391 1861 2426 sublimiter

1111 2441 1446 2483 illust1·atur;laetetur
1468 2441 1689 2476 devotissimus
1708 2440 1859 2476 Franciae

1111 2492 1258 2539 populus,
1281 2491 1364 2538 quod
1388 2499 1449 2526 tam
1473 2491 1621 2531 electum,
1647 2500 1707 2525 tam
1742 2491 1860 2525 iirtuo-

1109 2554 1178 2576 sum
1195 2541 1359 2575 dominum
1383 2541 1497 2575 metuit
1524 2540 1676 2575 obtinere.
1707 2540 1860 2576 Exultent

1110 2591 1319 2637 praelatorum
1355 2600 1385 2624 et
1421 2590 1494 2624 cleri
1531 2590 1737 2636 praecordia,
1776 2590 1860 2637 quod

1111 2640 1284 2686 praefatum
1314 2651 1445 2684 regnum
1469 2648 1530 2674 tam
1565 2638 1656 2673 claris
1693 2639 1862 2674 miraculo-

1894 267 1942 292 Αιι.
1957 267 1985 293 C.
2008 268 2073 294 1297

1903 675 1961 695 unita
1979 682 2013 702 pet
2024 684 2069 696 eum

1887 706 1940 727 Den-
1972 712 2069 733 operatur

1898 1466 1991 1485 Mul-etis
2018 1467 2067 1485 bsu-

1885 1498 1951 1516 ttitutu
1976 1498 2054 1516 asidam

1891 1616 1993 1642 Abudiue
2009 1621 2062 1641 pene

1924 1650 2039 1666 emortuum

1937 1679 2033 1698 viviticat.

1896 1814 2024 1842 Pas-mmm
2035 1821 2066 1835 se<

1892 1965 1919 1981 ιο
1922 1968 1970 1982 evas
1985 1962 2064 1982 illumi-

1879 1998 1921 2013 nat.
1939 1998 1970 2013 etc

1889 2303 1995 2323 Enuttatm
2022 2310 2060 2329 pro

1876 2335 1927 2353 tanti
1947 2340 2003 2359 regis
2019 2334 2061 2359 glo>

1876 2366 1906 2384 [13
