2274 3265
241 282 290 308 An.
309 282 336 308 (Ὗ.
357 283 422 307 1030

254 489 378 510 obedientia
387 488 421 507 Sc*

242 524 260 542 tlt
280 519 422 546 Apttstnltt'utb

246 1031 268 1052 St
278 1031 377 1058 praelatis
385 1031 422 1050 o·-

238 1064 291 1084 dinis
311 1063 392 1082 debita:

268 2182 392 2208 Paupertate

487 269 555 302 75ss

437 335 486 368 l't·l.
511 333 630 368 record.
654 332 796 377 Gregorii
818 332 858 366 lX
877 360 884 370 ,
918 332 1089 367 lnnoccntii
1123 333 1182 372 lV,

437 382 604 417 Alexandri
630 381 682 421 lV,
700 381 815 416 Nicolai
840 381 879 415 ΙΙΙ
904 390 933 415 rt
956 381 1129 416 Clementis
1144 382 1183 416 V.

487 432 524 466 Et
547 431 631 478 quod
659 444 769 465 omnes
797 432 916 474 l'ratres,
941 440 972 466 ut
1000 432 1142 477 dignum*
1154 440 1181 466 et

438 483 552 515 iustum
583 489 640 519 est,
665 481 866 514 reverentiam
886 480 1051 515 exhibeant
1073 491 1100 516 et
1128 482 1184 515 lio-

438 543 559 571 norem,
584 530 734 564 humilem
764 529 973 564 obedientiam
1006 539 1034 564 et
1064 530 1183 565 lirinis-

437 581 545 614 siniam
591 580 770 614 fidelitatem
818 580 1016 614 sanctissimo
1056 580 1184 614 domino

437 640 542 664 nostro
563 629 666 677 Papae
698 637 727 664 et
754 638 968 664 sacrosanctae
1000 630 1073 663 Scdi
1097 630 1184 676 Apo-

437 680 575 718 stolicae,
599 687 691 726 prout
715 679 744 712 itt
775 679 949 726 principio,
973 679 1078 713 medio
1100 688 1128 713 et
1154 680 1182 713 in

438 730 497 763 line
526 730 650 775 regulae
673 729 863 774 obligantur.

485 779 689 826 Caeterisque
713 779 858 826 praelatis
880 788 909 812 et
933 779 1068 822 clericis,
1092 786 1184 825 prout

436 841 613 875 congruum
629 838 691 869 est,
714 837 742 862 et
759 828 890 863 intentio
913 828 969 862 l'uit
992 828 1183 862 sanctissimi

439 879 533 925 patris
559 878 590 912 Β.
620 877 791 918 Francisci,
814 878 866 924 qui
896 877 1094 926 presbyteros
1117 890 1185 911 nio-

437 929 504 961 unit
533 940 605 975 prae
627 928 746 962 cunctis
770 928 912 961 revereri.

485 977 560 1011 Item
595 977 761 1011 statuimus
795 985 825 1010 et
851 976 1058 1019 ordinamus,
1100 975 1183 1023 quod

436 1039 546 1060 (nunes
578 1035 606 1060 et
642 1026 754 1072 singuli
792 1025 902 1060 fratres
935 1025 1069 1065 Gallici,
1093 1025 1183 1062 Itali.

436 1075 472 1110 Hi
496 1076 565 1122 pani
588 1084 617 1109 ct
639 1075 838 1115 Tlietitonici,
862 1084 891 1109 ct
917 1076 1110 1122 quicumque
1133 1075 1183 1109 alii

436 1138 489 1170 pur
511 1125 618 1159 orbem
655 1134 806 1160 terrarum
837 1125 996 1160 constituti
1015 1153 1022 1162 ,
1055 1124 1184 1159 obedire

435 1183 599 1209 teneantur
625 1183 656 1209 et
683 1175 814 1209 debeant
843 1176 908 1209 suis
943 1174 1099 1221 praelatis,
1122 1175 1185 1209 sci-

436 1225 506 1257 lieet
542 1224 679 1271 generali
714 1224 880 1267 ministro,
923 1223 1184 1271 provincialibus,

435 1274 633 1317 custodibus,
659 1274 842 1320 guardianis
869 1283 897 1308 et
929 1273 1184 1320 quibuscumque

435 1323 503 1357 aliis
529 1323 672 1370 praelatis
699 1323 829 1358 Ordinis
850 1324 1022 1358 secundum
1045 1324 1182 1369 regulam

436 1373 527 1415 datis,
547 1385 608 1407 non
634 1373 776 1407 obstante
803 1385 1002 1419 quocumque
1023 1372 1185 1419 privilegio

437 1435 490 1455 seu
515 1421 647 1462 indulto,
667 1422 967 1469 quomodocumque
989 1430 1018 1456 et
1040 1422 1186 1469 qualiter-

436 1483 572 1518 cumque
594 1484 746 1506 concesso
770 1472 798 1506 in
817 1472 952 1518 generali
978 1473 1023 1505 vel
1047 1472 1184 1518 speciali,

438 1521 467 1554 in
496 1522 631 1555 concilio
657 1520 890 1556 Constantiensi
908 1549 916 1564 ,
940 1522 969 1555 in
998 1520 1091 1555 Curia
1119 1521 1185 1555 Ro-

437 1583 549 1609 mana,
590 1571 636 1604 vel
675 1571 747 1605 alibi
782 1571 973 1618 ubicumque
1008 1571 1184 1609 cassando,

438 1620 613 1654 revocando
626 1620 873 1664 etannullando,
896 1630 924 1654 et
948 1620 1065 1654 nullius
1080 1620 1186 1653 decer-

438 1670 541 1703 nendo
573 1669 768 1708 valitudinis,
797 1683 831 1704 ac
860 1671 884 1703 si
906 1682 1077 1716 numquam
1105 1681 1182 1703 ron-

436 1731 520 1752 cessa
549 1719 694 1754 fuissent.
717 1719 754 1754 Et
777 1720 801 1753 si
824 1732 892 1766 qna}
915 1719 1101 1753 monasteria
1122 1732 1186 1753 mo-

438 1769 564 1803 nialium
598 1781 634 1803 ex
674 1770 775 1816 aliqua
800 1769 881 1803 bulla
910 1768 1078 1816 apostolica
1102 1780 1186 1802 com-

438 1819 530 1852 missa
553 1818 667 1853 suerint
689 1819 846 1866 aliquibus
871 1819 1109 1866 particularibus
1125 1819 1184 1853 fra—

439 1868 546 1907 tribus,
574 1881 609 1903 ex
635 1881 718 1902 nunc
748 1869 898 1916 praedicti
922 1869 1043 1908 fratres,
1067 1869 1132 1903 sive
1155 1870 1183 1902 in

438 1917 584 1964 Hispania
608 1919 673 1953 sive
700 1918 774 1953 alibi
805 1919 962 1965 resignare
992 1917 1128 1953 debeant
1150 1931 1184 1952 ea

439 1968 589 2001 ministris
613 1968 876 2015 provincialibus,
901 1969 958 2002 nisi
983 1968 1102 2002 eisdem
1131 1981 1186 2015 per

439 2016 612 2062 praedictos
643 2017 747 2052 denuo
779 2018 870 2052 fuerit
901 2018 1065 2052 commissa
1084 2046 1092 2059 ‚
1127 2017 1186 2051 sub

440 2079 535 2111 'incita
563 2066 791 2102 inobedientiae
814 2068 1020 2102 contumacis.

489 2119 562 2154 ltem
578 2121 680 2167 quoad
697 2131 799 2156 votum
819 2122 1021 2169 paupertatis,
1042 2121 1184 2156 videlieet

439 2173 569 2208 vivendo
605 2175 672 2210 sine
705 2176 853 2223 proprio,
894 2185 923 2210 et
957 2176 1040 2223 quod
1080 2176 1188 2210 fratres

440 2227 513 2261 niliil
537 2228 595 2262 sibi
619 2229 838 2277 approprient,
861 2230 1029 2264 statuimus
1052 2240 1079 2264 et
1103 2231 1189 2264 ordi-

440 2294 551 2316 namus
574 2283 648 2318 illud
673 2287 855 2319 inconcusse
890 2285 1077 2324 tenendum,
1105 2286 1187 2332 quod

441 2336 489 2370 sel.
530 2350 590 2371 rec.
632 2338 777 2373 Nicotaus
812 2341 920 2373 tertius
955 2339 1120 2374 declaravit
1159 2340 1188 2373 in

441 2404 494 2424 sua
511 2391 667 2426 decretali:
686 2394 774 2427 Exiit
791 2396 845 2439 qui
856 2395 983 2427 seminat
997 2396 1058 2436 (De
1072 2395 1189 2427 verbor.

441 2447 557 2492 siquis..
579 2450 630 2482 lib.
646 2452 691 2492 6).
719 2448 815 2483 Porro
841 2450 1017 2483 successive
1040 2458 1069 2483 et
1092 2449 1190 2482 seria-

443 2503 495 2536 tim
532 2515 585 2550 per
620 2503 763 2538 ordinem
808 2516 908 2550 usqne
942 2504 978 2537 ad
1014 2504 1033 2549 g
1067 2504 1187 2539 Verum,

443 2559 516 2601 quia
550 2570 687 2603 expresse
722 2560 891 2592 continetur
928 2560 960 2590 in
986 2559 1121 2601 reyula).
1153 2556 1188 2589 Et

444 2611 526 2656 ‹piod
562 2612 691 2658 quilibet
733 2621 908 2646 conventus
947 2612 1058 2646 habeat
1099 2623 1189 2644 suum

445 2674 676 2711 procuratorem
700 2665 873 2700 secundum
898 2666 1139 2700 declarationem
1163 2674 1193 2699 et

1013 280 1197 302 ttttt,t,Atttttttt
1229 279 1387 300 noMANttM

1228 333 1423 378 privilegium
1439 331 1513 365 dicti
1538 331 1655 365 Nicolai
1678 332 1717 366 lll
1740 342 1771 367 et
1794 333 1916 368 Martini
1934 334 1974 368 lV

1226 390 1254 415 ct
1277 381 1466 414 sant-tissimi
1492 381 1527 414 l).
1556 381 1593 414 N.
1622 381 1745 415 Martini
1774 381 1810 415 V.

1278 430 1351 464 ltem
1382 430 1484 476 quoad
1521 439 1625 464 votnm
1660 431 1827 471 castitatis;
1858 433 1975 465 statui-

1228 493 1296 513 nius=
1322 489 1351 513 et
1377 480 1561 513 ordinamus
1577 507 1585 522 ,
1614 480 1801 513 servandum
1831 480 1895 514 sore
1918 489 1976 514 sta-

1227 536 1327 563 tutum
1339 528 1647 562 GuilelmiFarinerii
1663 528 1777 563 sactum
1796 530 1824 562 in
1839 530 1976 576 capitulo

1226 578 1360 623 generali
1397 578 1508 612 Assisii
1541 578 1698 612 celebrato
1731 592 1814 612 auno
1852 578 1975 613 Domini

1226 639 1365 661 MCCCLtv
1389 630 1444 670 (1),
1458 639 1527 674 cap.
1553 632 1584 668 7,
1603 627 1654 661 ubi
1676 628 1721 662 sic
1737 628 1878 662 liabetur:
1892 627 1978 662 Fra—

1228 685 1289 710 tres
1303 676 1463 711 eridenter
1478 677 1573 710 notati
1589 677 1626 711 de
1642 677 1798 724 suspectis
1813 678 1978 711 consortiis

1226 734 1255 759 et
1292 726 1456 772 colloquiis
1492 727 1672 771 mulierum,
1694 739 1773 773 qnae
1809 727 1838 760 in
1872 726 1976 773 regula

1228 775 1455 821 probibentur,
1478 776 1502 809 si
1526 775 1676 810 admoniti
1706 785 1733 810 et
1757 777 1887 810 correcti
1912 776 1978 810 suf-

1227 824 1377 867 licicnter,
1397 837 1430 858 se
1456 820 1524 859 noir
1536 826 1741 868 correxerint,
1764 826 1788 860 si
1815 826 1843 859 in
1868 825 1979 860 officiis

1227 873 1354 912 fuerint,
1387 874 1426 908 ab
1452 874 1600 909 omnibus
1632 875 1742 909 officiis
1776 875 1979 909 absolvantur

1227 930 1255 956 et
1275 923 1522 970 suspendantur.
1548 923 1612 958 Nec
1636 925 1736 959 taliter
1757 925 1902 971 suspensi
1923 936 1976 959 seu

1227 972 1359 1006 absoluti
1381 973 1594 1013 restituantur,
1619 974 1675 1008 nisi
1698 975 1726 1008 in
1750 974 1887 1021 capitulo
1908 986 1979 1019 pro—

1228 1022 1350 1055 vinciali
1376 1036 1430 1069 per
1452 1023 1643 1057 ministrum.
1668 1023 1699 1058 Si
1725 1036 1796 1058 vero
1820 1023 1848 1057 in
1870 1023 1979 1057 officiis

1228 1083 1288 1104 non
1317 1070 1443 1112 fuerint,
1468 1073 1627 1118 priventur
1651 1073 1735 1106 libris
1750 1081 1779 1107 et
1801 1073 1884 1106 omni
1908 1081 1978 1107 actu

1227 1119 1377 1166 legitimo.
1395 1121 1434 1154 Et
1449 1122 1498 1154 cni
1515 1122 1589 1155 liaec
1613 1134 1709 1168 poena
1724 1135 1785 1156 non
1809 1123 1979 1168 competit,

1228 1171 1409 1216 privationis
1423 1172 1465 1214 (2)
1481 1172 1608 1218 caputio
1623 1181 1652 1206 et
1671 1172 1741 1205 aliis
1759 1172 1869 1219 poenis
1885 1172 1983 1217 gravi-

1228 1219 1508 1266 buspunianturad
1523 1220 1686 1255 arbitrium
1704 1221 1930 1255 ministrorum.
1944 1221 1983 1255 Et

1227 1269 1263 1302 ad
1280 1269 1338 1303 lioc
1361 1270 1495 1303 ministri
1510 1270 1642 1304 firmiter
1656 1278 1830 1304 teneantur.
1845 1270 1883 1304 Et
1897 1271 1984 1304 intel-

1228 1317 1366 1364 liguntur
1388 1329 1533 1366 suspecta
1557 1321 1713 1354 consortia
1740 1332 1799 1354 non
1818 1320 1919 1354 solum
1943 1320 1981 1354 de

1228 1367 1423 1407 mulieribus,
1447 1368 1501 1402 sed
1519 1370 1610 1403 etiam
1628 1369 1665 1403 de
1679 1370 1834 1416 suspectis
1846 1369 1982 1403 familia-

1228 1417 1370 1451 ritatibus
1385 1418 1653 1465 quibuscumque.
1669 1419 1873 1465 Quicumque
1888 1418 1982 1453 frater

1228 1475 1400 1500 consuetus
1423 1467 1516 1501 fuerit
1538 1480 1552 1501 a
1577 1469 1663 1503 socio
1691 1481 1749 1502 suo
1779 1468 1872 1502 fratre
1908 1481 1979 1502 cum

1228 1516 1414 1550 mulieribus
1437 1519 1638 1563 sequestrari,
1662 1517 1700 1551 de
1723 1517 1838 1564 quibus
1863 1517 1981 1551 iudicio

1229 1566 1355 1612 praelati
1377 1567 1425 1600 sui
1452 1567 1562 1600 merito
1587 1567 1683 1614 possit
1717 1568 1790 1601 oriri
1819 1567 1980 1614 suspicio,

1227 1627 1251 1647 si
1279 1627 1431 1649 canonice
1460 1625 1597 1649 monitus
1637 1626 1667 1649 et
1699 1624 1886 1660 correctus,
1920 1628 1980 1650 non

1228 1676 1260 1697 se
1288 1664 1526 1708 emendaverit,
1555 1673 1714 1711 tamquam
1746 1673 1916 1712 suspectus
1943 1665 1982 1700 de

1230 1713 1429 1757 mulieribus,
1459 1714 1608 1749 omnibus
1646 1714 1756 1748 officiis
1791 1714 1920 1749 Ordinis
1952 1723 1981 1748 et

1228 1762 1349 1796 actibus
1368 1763 1517 1809 legitimis
1545 1764 1583 1798 sit
1608 1765 1757 1811 privatus.
1778 1764 1815 1798 Et
1835 1766 1859 1798 si
1880 1765 1982 1798 taliter

1230 1813 1370 1859 punitus,
1395 1814 1504 1847 iterato
1528 1813 1652 1848 duobus
1681 1813 1741 1847 fide
1758 1814 1861 1859 <lignis
1894 1814 1982 1848 testi-

1230 1863 1287 1895 bus
1309 1863 1513 1897 convincatur
1540 1863 1579 1897 de
1606 1864 1857 1910 sequestratione
1887 1875 1983 1910 prae-

1228 1912 1328 1955 dicta,
1363 1912 1409 1946 vel
1446 1913 1469 1946 si
1508 1913 1773 1960 sequestrationes
1800 1911 1982 1947 huiusmodi

1229 1962 1441 2008 suspicionem
1472 1963 1605 1996 multum
1637 1963 1803 1996 violentam
1833 1962 1983 2006 facerent,

1230 2012 1276 2045 sui
1303 2011 1430 2057 praelati
1460 2012 1588 2051 iudicio,
1611 2020 1641 2046 et
1668 2012 1799 2046 consilio
1828 2013 1985 2046 discreto-

1231 2073 1312 2097 rum.
1349 2061 1520 2108 probentur
1551 2062 1704 2107 legitime,
1723 2061 1843 2109 absque
1873 2062 1984 2096 admo-

1232 2111 1348 2145 nitione
1379 2113 1423 2144 vcl
1449 2112 1615 2158 punitione
1643 2112 1826 2158 praemissa,
1848 2120 1985 2146 arctetur

1230 2159 1267 2194 ad
1307 2161 1465 2194 veritatem
1501 2161 1678 2195 dicendam.
1719 2161 1751 2195 Si
1792 2173 1864 2195 vero
1905 2173 1985 2194 nnus

1232 2211 1319 2243 testis
1347 2211 1405 2244 lide
1422 2210 1539 2256 dignus
1558 2211 1596 2243 de
1620 2211 1870 2257 sequestratione
1893 2223 1984 2257 prae-

1232 2260 1310 2293 dicta
1334 2272 1479 2307 appareat
1503 2269 1609 2294 contra
1638 2272 1736 2305 eum,
1764 2269 1792 2294 et
1832 2260 1911 2294 alius
1946 2261 1984 2294 (le

1231 2309 1321 2355 lapsu
1345 2310 1464 2347 carnis,
1504 2319 1641 2344 arctetur
1675 2310 1798 2356 gravius
1827 2310 1854 2343 in
1890 2311 1984 2343 domo

1233 2359 1428 2407 discipliuae.
1456 2359 1489 2394 Si
1515 2373 1585 2393 vero
1605 2360 1718 2406 aliquis
1741 2360 1778 2393 tle
1804 2361 1984 2394 innomina-

1234 2409 1286 2442 bili
1313 2409 1458 2448 crimine,
1483 2419 1608 2456 propter
1631 2409 1715 2456 qnod
1741 2410 1782 2443 ira
1814 2410 1871 2444 Dei
1902 2410 1984 2443 venit

1234 2460 1263 2492 in
1301 2458 1379 2492 lilios
1407 2459 1611 2503 diffidentiae,
1640 2459 1731 2493 fuerit
1753 2459 1856 2506 (quod
1885 2459 1985 2499 absit)

1236 2522 1359 2546 notatus
1374 2522 1402 2546 vt
1418 2514 1592 2553 convictus,
1606 2514 1721 2548 carceri
1737 2522 1888 2561 perpetuo
1901 2525 1987 2548 man-

1235 2568 1366 2613 cipetur.
1392 2567 1451 2602 Ubi
1481 2569 1567 2603 omni
1603 2569 1651 2602 (lie
1681 2569 1751 2614 igne
1774 2569 1855 2602 cirea
1884 2568 1984 2614 ipsum

1269 2634 1308 2669 (l)
1330 2636 1427 2662 Wadd.
1451 2636 1492 2662 liic
1508 2636 1568 2670 legit
1584 2644 1705 2663 mcccciv.
1746 2635 1785 2671 (⁹2)
1803 2635 1901 2662 Wadd.
1925 2643 1986 2670 pro-

1235 2679 1356 2705 bationis.

1990 279 2038 305 An.
2061 279 2089 305 (ἶ.
2107 279 2172 305 ttt50

2024 440 2138 461 castitate:
