2274 3265
109 269 159 296 An.
178 270 196 295 C
225 269 291 296 150⁴

117 964 155 991 Qui
191 970 215 984 eo
245 965 289 990 ipso

106 1001 163 1016 suum
188 995 290 1020 suscipiat

105 1033 186 1047 mllnuh.

114 1413 210 1433 &nemci
222 1416 290 1431 tamen

107 1444 177 1464 dehet,

119 1754 218 1781 Quolibet
235 1759 290 1775 anno

108 1786 233 1806 visitandus.

122 2146 149 2167 De
184 2146 294 2167 novatibus

109 2178 160 2198 nibil
175 2178 226 2198 ordo
248 2177 293 2197 sol-

109 2214 159 2229 vere
175 2208 243 2229 debet,

124 2446 183 2467 ‚niae
221 2451 295 2466 enm-

109 2477 200 2503 pitense

908 264 1105 287 BENEDtC'rUS

304 323 410 358 stricte
434 322 646 368 praecipimus
662 320 829 356 observari.
853 318 944 361 Quod
966 326 1054 364 pater

304 371 399 406 abbas
421 372 554 417 singulis
582 370 722 405 trienniis
750 371 780 403 in
811 367 947 414 generali
972 367 1055 413 capi-

306 420 371 454 tulo
392 429 505 466 sponte
528 432 618 454 suam
641 418 750 453 offerat
771 426 800 451 et
817 416 963 452 exhibeat
985 428 1054 449 ces-

304 470 447 513 sionem,
481 477 512 504 et
551 469 633 503 idem
675 466 847 514 capitulum
883 464 988 499 statim
1024 472 1053 497 et

305 518 423 565 absque
447 518 597 565 temporis
628 515 791 551 intervallo
813 514 850 548 ad
880 514 976 561 patris
997 513 1054 547 ab-

305 567 384 602 batis
411 567 665 602 substitutionem
691 563 848 611 procedat,
878 563 960 596 iuxta
992 562 1055 596 l‘or-

306 629 386 651 marn
411 617 440 650 in
458 616 564 662 regula
586 614 743 656 traditam,
766 620 863 646 etant
887 611 926 645 de
941 611 1054 645 abbate
1074 641 1076 645 .

305 665 437 700 cedente
459 665 495 708 <si
523 676 596 699 eum
620 662 710 696 talem
737 661 922 708 putaverint)
946 661 992 695 iel
1016 660 1054 693 de

304 715 362 749 alia
389 725 520 761 persona
549 712 814 747 monasteriorum
837 718 867 745 et
889 709 1030 744 locorum
1047 736 1055 752 ,

305 776 358 810 per
385 763 570 797 electionem
594 761 777 795 canonicam
808 759 967 806 praedicto
993 771 1057 792 nio-

305 812 440 847 nasterio
477 811 584 845 Sancti
623 810 762 857 Spiritus
799 808 982 855 provideant
1017 807 1055 841 de

303 861 424 896 abbate.

353 910 372 957 S
400 911 430 944 6.
466 909 527 951 Qui
555 908 682 955 quidem
711 907 807 942 abbas
835 907 861 941 si
896 907 990 941 suerit
1026 906 1054 940 in

305 958 474 995 concordia
510 958 641 998 electus,
664 966 694 992 et
729 957 803 991 nihil
833 956 990 991 obstiterit
1019 955 1056 989 de

304 1008 465 1043 canonicis
497 1008 669 1050 institutis,
701 1006 785 1040 nulla
818 1017 913 1052 super
947 1005 1006 1039 hoc
1040 1017 1055 1038 a

305 1057 386 1092 Sede
410 1057 591 1104 Apostolica
619 1056 856 1090 confirmatione
893 1055 984 1099 petita
1010 1053 1055 1087 vel

305 1107 448 1149 obtenta,
484 1118 521 1140 eo
562 1107 631 1152 ipso
661 1117 735 1138 snae
774 1103 1057 1138 administrationis

305 1155 442 1190 officium
466 1167 521 1189 seu
551 1155 599 1189 ius
633 1152 873 1188 administrandi
904 1152 934 1185 in
969 1152 1058 1198 spiri-

305 1204 442 1239 tualibus
469 1212 498 1238 et
525 1203 753 1250 temporalibus
781 1209 1003 1247 consequatur,
1028 1209 1056 1234 et

306 1253 382 1288 illud
418 1262 578 1299 tamquam
622 1259 708 1297 pater
733 1250 831 1284 abbas
872 1253 975 1295 (prout
1017 1249 1055 1283 ad

305 1315 376 1337 eum
401 1303 548 1348 pertinet)
571 1300 667 1335 libere
689 1307 873 1345 exequatur.

353 1351 373 1398 S
401 1353 431 1384 7.
456 1352 496 1384 At
523 1350 605 1384 idem
628 1349 725 1383 abbas
748 1349 772 1383 si
796 1347 873 1381 alias
896 1360 957 1381 non
982 1347 1058 1380 exti-

307 1402 376 1435 terit
399 1399 598 1442 benedictus,
620 1397 853 1433 benedictionis
888 1409 961 1431 suae
985 1408 1057 1430 tnu-

306 1463 364 1484 nus
386 1462 401 1484 a
424 1460 628 1496 quocumque
650 1447 794 1482 maluerit
812 1446 965 1481 catholico
987 1446 1056 1491 epi—

305 1511 401 1545 scopo
423 1499 554 1545 gratiam
579 1506 608 1531 et
631 1496 888 1531 communionem
917 1495 1058 1541 Aposto—

305 1549 383 1583 licae
404 1547 498 1583 Sedis
521 1546 671 1589 habente,
696 1546 835 1591 recipere
861 1545 996 1582 studeat,
1026 1544 1059 1578 il-

305 1597 424 1644 ludque
451 1597 509 1632 sibi
537 1596 640 1633 dictus
668 1595 837 1642 episcopus
869 1595 965 1640 gratis
997 1594 1057 1627 im—

306 1646 431 1693 pendat.

354 1696 428 1744 58.
456 1695 620 1731 Praeterea
658 1703 689 1729 ut
725 1693 806 1728 idem
845 1700 929 1739 pater
963 1691 1059 1726 abbas

305 1757 368 1780 non
406 1745 503 1792 possit
537 1757 554 1779 a
595 1743 780 1779 rectitudine
819 1755 893 1777 suae
934 1741 1059 1787 regulae

305 1794 442 1835 deviare,
470 1793 657 1829 mandamus
690 1793 775 1827 omni
805 1804 888 1826 anno
915 1803 931 1825 a
961 1791 1059 1825 tribus

307 1843 465 1891 prioribus
493 1843 542 1878 sui
579 1842 714 1879 ordinis.
742 1841 795 1888 qui
832 1853 887 1888 pro
920 1849 1060 1887 tempore

306 1893 434 1934 fuerint,
471 1892 615 1927 videlicet
655 1905 670 1925 a
703 1891 810 1925 Sancti
850 1889 987 1933 Spiritus
1020 1889 1060 1923 de

306 1941 451 1988 Magella,
483 1942 618 1977 Sanctae
650 1940 765 1975 Mariae
797 1940 836 1973 de
863 1938 1060 1974 Collemadio

309 1993 392 2026 iuxta
415 1990 576 2037 Aquilam,
602 2002 638 2024 ac
656 1989 763 2024 Sancti
792 1988 932 2034 Spiritus
955 1988 994 2022 de
1018 1986 1062 2022 Is-

307 2041 410 2075 sernia
434 2039 699 2074 monasteriorum
725 2038 884 2084 prioribus
908 2037 1058 2071 visitetur.

356 2089 376 2136 ἓ
402 2091 436 2124 9.
472 2088 555 2124 Sane
586 2088 625 2122 de
652 2087 805 2121 l'ructibns
839 2094 990 2121 terrarum
1027 2097 1061 2120 ac

309 2138 545 2186 possessionum
574 2144 745 2171 vestrarum
780 2136 932 2170 hactenus
959 2134 1061 2182 acqui-

308 2188 451 2228 sitarum,
474 2199 553 2234 quas
575 2186 711 2234 propriis
734 2185 881 2220 manibus
903 2193 955 2219 aut
977 2196 1062 2218 sum-

310 2237 415 2284 ptibus
437 2236 550 2280 colitis,
579 2236 644 2270 sive
671 2235 709 2269 de
733 2235 831 2269 hortis
860 2235 904 2269 vel
933 2234 972 2268 de
1002 2245 1061 2267 nu-

311 2286 468 2321 trimentis
494 2285 690 2327 animalium,
719 2283 824 2318 nullus
847 2297 862 2319 a
887 2283 975 2318 vobis
1003 2283 1062 2317 de-

310 2336 407 2370 cimas
429 2335 555 2381 exigere
581 2334 628 2368 vel
656 2341 843 2380 extorquere
872 2340 1060 2378 praesumat.

359 2389 373 2428 ἓ
403 2387 459 2419 10.
479 2382 695 2419 concedimus
709 2395 835 2429 qnoque
849 2383 941 2416 etiam
963 2381 1062 2420 vobis,

310 2447 349 2469 ne
371 2433 410 2468 de
434 2433 484 2473 iis,
506 2445 586 2480 quae
613 2433 643 2465 in
687 2432 893 2471 ornamentis,
926 2431 970 2465 vel
1008 2442 1063 2477 pro

310 2483 355 2518 eis
376 2491 429 2518 aut
456 2482 555 2523 libris,
578 2480 705 2520 fabrica,
728 2479 948 2524 luminaribus,
975 2480 1064 2514 anni·

312 2532 458 2570 versario,
483 2531 631 2578 septimo,
654 2529 804 2576 vigesimo
826 2542 862 2564 ac
889 2528 1064 2574 trigesimo,

311 2582 375 2616 sive
398 2581 474 2616 alias
500 2580 537 2615 ad
562 2587 747 2627 perpetuum
775 2578 896 2613 cultum
920 2578 1062 2613 divinum

311 2643 367 2666 seu
391 2643 448 2678 pro
472 2629 632 2677 pietantiis
650 2628 696 2664 vel
723 2627 920 2663 indumentis
942 2635 972 2662 et
1007 2627 1064 2662 cal-

1732 252 1799 285 179

1095 317 1269 352 ceamentis
1293 317 1400 351 vestris
1424 317 1511 352 vobis
1541 318 1682 364 legantur
1723 318 1847 363 pietatis

1096 366 1223 408 intuitu,
1246 365 1420 399 dummodo
1440 366 1467 399 id
1492 367 1521 400 in
1546 367 1687 401 fraudem
1705 378 1766 400 non
1785 368 1848 407 liat,

1096 415 1171 449 nulli
1197 415 1365 449 teneamini
1391 415 1540 449 iustitiam
1570 428 1624 449 seu
1669 416 1846 461 portionem

1096 463 1279 498 canonicam
1303 463 1462 498 exhibere.

1145 515 1165 556 ,ξ
1197 515 1248 546 tt.
1272 512 1486 546 Concedimus
1507 514 1599 546 etiam
1630 514 1695 553 nbi.
1720 514 1760 548 lili
1792 513 1847 547 ab-

1133 264 1168 286 Xt
1197 264 1245 286 ΡΡ.

1097 561 1152 596 bas
1178 562 1285 596 Sancti
1313 561 1463 607 Spiritus,
1493 562 1618 606 tuisque
1654 556 1890 597 successori-'³'

1098 611 1169 654 bus,
1193 611 1246 658 qui
1272 623 1328 657 pro
1357 619 1497 655 ternpore
1521 611 1648 654 suerint,
1674 619 1706 645 ut
1733 625 1747 645 a
1785 612 1846 645 tta-

1097 660 1196 694 tribus
1220 659 1311 693 vestri
1332 658 1453 693 ordinis
1480 660 1509 692 in
1549 660 1617 705 ipso
1660 662 1848 694 monasterio

1097 708 1203 744 Sancti
1227 708 1378 755 Spiritus,
1400 720 1435 742 ac
1449 707 1517 741 aliis
1537 709 1747 749 monasteriis,
1764 710 1849 755 prio-

1099 759 1216 793 ratibus
1239 766 1269 792 et
1291 756 1444 791 membris
1474 769 1511 791 ac
1538 757 1615 791 loeis
1641 758 1790 793 subiectis
1812 771 1851 791 ei<

1097 808 1168 843 dem
1193 807 1382 842 monasterio
1410 806 1518 842 Sancti
1551 807 1692 854 Spiritus
1726 808 1849 842 consti-

1099 859 1173 892 tutis
1194 856 1396 892 absolutione
1429 868 1465 890 ac
1498 856 1734 903 dispensatione
1767 857 1850 890 indin

1098 907 1259 953 gentibus,
1283 906 1348 940 sive
1372 906 1553 952 priusquam
1582 905 1764 941 intraverint
1799 919 1850 941 or²

1098 957 1217 996 dinem⁷
1245 956 1309 990 sive
1333 963 1401 1001 post
1427 955 1456 988 in
1487 954 1613 989 casibus
1647 956 1850 993 excesserint.

1100 1018 1156 1051 pro
1183 1005 1297 1052 quibus
1319 1003 1656 1039 excommunicationis
1680 1004 1724 1038 vel
1752 1004 1852 1038 inter<

1098 1055 1171 1089 dicti
1195 1063 1247 1088 aut
1269 1053 1489 1100 suspensionis
1512 1053 1680 1088 incurrunt
1714 1062 1849 1088 senten-

1100 1104 1157 1137 tias
1184 1116 1199 1137 a
1227 1115 1347 1137 canone
1367 1102 1593 1147 promulgatas,
1621 1111 1651 1137 et
1667 1102 1848 1137 huiusmodi

1099 1153 1262 1186 sententiis
1297 1150 1451 1190 innodati,
1478 1158 1531 1184 aut
1560 1152 1590 1185 in
1619 1151 1698 1186 locis
1731 1164 1850 1196 suppo-

1099 1201 1166 1235 sitis
1188 1200 1400 1234 ecclesiastico
1424 1199 1590 1234 interdicto
1613 1200 1717 1234 divina
1751 1199 1848 1234 officia

1098 1249 1306 1292 celebrantes,
1331 1248 1375 1282 rel
1403 1248 1613 1294 suscipientes
1647 1249 1774 1283 ordines
1807 1251 1849 1282 sic

1100 1299 1182 1344 ligati
1207 1307 1312 1332 notam
1350 1297 1586 1342 irregularitatis
1610 1299 1786 1337 incurrunt,
1812 1298 1851 1332 de

1099 1348 1231 1382 consilio
1254 1346 1383 1381 fratrum
1420 1354 1610 1386 vestrorum,
1647 1347 1699 1393 qui
1737 1346 1849 1381 literati

1099 1398 1173 1441 sint,
1200 1405 1230 1432 et
1253 1396 1355 1430 Deum
1384 1394 1546 1439 timentes,
1573 1395 1782 1430 absolutionis
1801 1396 1851 1429 iu-

1101 1455 1150 1481 xta
1177 1447 1309 1481 formam
1348 1445 1520 1484 Ecclesiae,
1544 1452 1637 1492 prout
1673 1444 1850 1479 secuudum

1099 1496 1203 1531 Deum
1227 1495 1377 1542 expedire
1407 1492 1556 1538 videritis,
1592 1494 1722 1529 valeatis
1755 1494 1851 1529 bene-

1101 1546 1207 1581 ficium
1230 1544 1398 1591 impertiri,
1422 1542 1482 1578 nisi
1498 1544 1577 1579 adeo
1592 1543 1694 1591 gravis
1713 1551 1744 1578 et
1757 1556 1852 1579 enor—

1101 1596 1161 1630 mis
1180 1595 1260 1630 soret
1286 1604 1446 1636 excessuS‚
1469 1593 1554 1640 quod
1578 1601 1684 1629 essent
1727 1602 1851 1639 propter

1101 1645 1160 1680 hoc
1188 1644 1225 1679 ad
1264 1643 1407 1678 eamdem
1441 1643 1556 1678 Sedem
1598 1643 1709 1678 merito
1747 1641 1852 1677 desti—

1103 1695 1209 1738 nandi,
1233 1694 1357 1740 proviso
1381 1701 1414 1727 ut
1436 1692 1528 1728 laesis
1550 1692 1742 1728 satisfaciant
1764 1703 1854 1727 coni-

1103 1751 1256 1792 petenter.

1150 1797 1166 1837 §
1193 1796 1246 1827 12.
1265 1792 1450 1827 Inhibemus
1471 1792 1578 1835 etiam,
1602 1804 1640 1826 ne
1663 1790 1777 1838 aliquis
1792 1791 1852 1837 epi·

1101 1855 1218 1890 scopus
1240 1842 1285 1876 vel
1313 1842 1444 1887 quaevis
1466 1842 1522 1876 alia
1547 1852 1680 1888 persona
1702 1839 1854 1886 spiritua-

1103 1893 1162 1928 lem
1202 1892 1247 1927 vel
1287 1891 1377 1926 aliam
1420 1890 1672 1926 iurisdictionem
1712 1888 1853 1928 habens,

1102 1955 1157 1977 vos
1178 1941 1216 1976 ad
1244 1940 1383 1988 synodos
1405 1940 1452 1975 vel
1491 1949 1668 1976 conventus
1702 1937 1855 1974 forenses.

1102 1999 1155 2026 aut
1176 1991 1213 2025 ad
1242 1990 1487 2025 convocationes
1509 2001 1583 2024 suas
1604 1988 1754 2023 accedere
1769 2015 1777 2027 ,
1809 1987 1855 2021 vel

1103 2053 1174 2075 cum
1198 2040 1244 2074 eis
1269 2039 1348 2073 intra
1372 2039 1418 2074 vel
1442 2048 1527 2074 extra
1555 2038 1697 2072 civitates
1720 2036 1766 2070 vel
1794 2042 1857 2070 ter-

1103 2102 1153 2124 ras
1181 2088 1457 2135 processionaliter
1478 2088 1575 2126 exire,
1598 2096 1651 2122 aut
1677 2086 1743 2121 suis
1779 2096 1856 2119 con-

1103 2137 1322 2174 stitutionibus
1337 2138 1512 2176 subiacere,
1535 2149 1590 2171 seu
1607 2134 1758 2183 capitula,
1772 2145 1857 2170 scru-

1104 2189 1180 2223 tinia
1203 2196 1233 2222 et
1255 2187 1481 2234 inquisitiones
1508 2187 1538 2220 in
1563 2185 1639 2220 locis
1667 2185 1776 2219 vestris
1809 2183 1855 2216 vel

1104 2237 1190 2280 alibi,
1211 2237 1249 2271 de
1280 2235 1365 2271 vobis
1394 2235 1440 2270 vel
1463 2235 1502 2270 de
1532 2243 1705 2269 vestrorum
1740 2232 1856 2281 aliqum

1104 2294 1158 2322 aut
1186 2286 1369 2321 fidelitatem
1407 2285 1583 2319 iuramento
1618 2283 1785 2326 firmatam,
1828 2290 1857 2315 et

1105 2335 1283 2370 manualem
1300 2334 1509 2369 obedientiam
1538 2346 1553 2367 a
1579 2331 1667 2367 vobis
1693 2340 1747 2366 aut
1771 2331 1859 2378 prio-

1106 2385 1195 2419 ribus
1221 2392 1251 2419 et
1278 2383 1499 2429 superioribus
1515 2381 1627 2416 vestris
1648 2381 1774 2427 exigere
1801 2391 1856 2413 sen

1105 2434 1199 2469 etiam
1224 2432 1404 2479 prohibere,
1427 2444 1466 2466 ne
1493 2430 1531 2465 ad
1554 2431 1696 2465 civitates
1722 2441 1777 2464 seu
1800 2428 1858 2462 vil—

1106 2484 1150 2518 las
1171 2491 1202 2517 et
1228 2481 1267 2517 ad
1290 2481 1355 2516 loca
1384 2480 1554 2527 quaelibet,
1578 2479 1628 2513 ubi
1651 2478 1799 2524 religiose
1829 2486 1857 2511 et

1107 2533 1237 2567 honeste
1260 2530 1372 2566 morari
1410 2529 1549 2576 possitis,
1581 2528 1723 2564 audeatis
1761 2538 1858 2562 acce-

1144 2598 1183 2633 (t)
1200 2597 1266 2624 Vide
1282 2595 1380 2623 Concil.
1407 2595 1542 2626 Trident.‚
1568 2602 1633 2622 sess.
1654 2594 1687 2620 iu
1701 2614 1707 2625 ,
1733 2601 1754 2620 c.
1786 2594 1810 2623 t,
1832 2596 1857 2618 et

1106 2646 1171 2666 sens.
1193 2638 1237 2669 35,
1255 2645 1276 2663 e.
1301 2636 1338 2662 13.

1865 262 1914 289 Au.
1937 260 1965 287 C.
1982 261 2051 287 1302

1876 520 1963 540 ,abbans
1982 517 2049 537 lacul-

1882 1794 1996 1815 Prohibnio
2015 1799 2052 1813 eo-

1869 1826 1930 1849 geudt
1939 1826 2052 1846 monachos

1871 1857 1893 1876 id
1902 1856 2002 1883 mnodo:⁸
2011 1860 2043 1875 ei»

1871 1888 1909 1910 (tr
