2274 3265
114 275 160 301 Ᾱιι.
180 275 207 300 (2.
230 273 295 299 t500

137 2418 217 2440 Additis
234 2418 297 2444 dupli,

136 2515 307 2536 Excommunica-

123 2548 194 2569 tionis.

913 270 1101 292 Bostthttjtt's
1125 270 1157 291 ΙΧ
1181 270 1227 291 ΙΨ.

1729 258 1797 289 005

309 337 377 363 cuta
416 340 514 375 poena
540 336 669 374 urgeat,
693 336 723 361 et
749 327 958 361 ecclesiastica
982 338 1058 359 ceu-
1099 332 1252 370 quuntur,
1269 324 1312 358 vel
1332 337 1361 358 ιιι
1387 325 1466 364 loeo,
1487 324 1536 358 ulii
1561 324 1677 358 residet
1700 323 1764 369 ipsa
1785 323 1848 357 (ja-

308 391 379 413 sura
422 378 592 424 percellat,
626 377 676 416 ad,
708 377 862 419 videlicet,
907 382 1057 421 occupata

311 427 553 467 restituendum,
585 435 615 460 et
644 426 843 461 revelandum
881 425 1060 459 detentores

311 478 446 516 numios,
469 490 504 511 ac
532 477 570 511 tle
593 485 716 510 caetero
738 490 752 510 a
776 474 933 510 similibus
960 474 1060 508 absti-

312 527 448 561 nendum
468 555 475 567 ,
503 535 531 560 et
566 526 609 560 vel
639 526 684 560 sic
715 526 888 560 animarum
911 524 1002 559 saluti
1031 532 1060 558 et

310 577 462 612 Gamerae
482 576 579 623 ipsius
597 576 772 610 commodis
787 574 896 609 eodem
913 581 1059 608 contextu

312 626 522 673 pariformiter
554 625 746 660 consulatur.
783 623 996 667 Quamobrem
1028 623 1058 656 in

313 677 349 710 iis
382 675 548 710 salubriter
601 684 629 708 et
658 675 778 708 solicite
815 673 976 721 providere
1007 685 1060 706 vo-

312 727 425 769 lentes,
460 737 571 759 omnes
593 734 623 758 et
658 724 799 769 singulos
831 723 1061 770 cuiuscumque

312 783 423 815 status,
437 774 564 820 gradus,
580 773 710 817 ordinis,
738 773 992 820 praeeminentiae
1016 772 1061 806 rel

312 823 505 859 conditionis
544 823 701 861 existant,
733 823 853 857 etiamsi
892 822 1060 869 pontificali

312 883 364 909 aut
406 873 500 919 regali
546 886 601 907 seu
630 873 740 919 quavis
762 872 820 907 alia
850 872 1061 906 ecclesiastiea

314 924 359 958 vel
370 923 527 957 mundana
543 922 755 969 praefulgeant
768 922 1061 968 ‹lignitate‚etiainsi

314 973 430 1007 fuerint
453 981 579 1007 sanctae
595 971 755 1006 Romanae
784 971 944 1006 Ecclesiae
966 971 1063 1005 cardi-

315 1023 413 1065 nales,
436 1023 618 1056 auctoritate
640 1021 809 1067 apostolica
838 1029 945 1056 tenore
974 1033 1064 1068 prae-

313 1072 449 1107 sentium
476 1072 686 1118 peremptorie
712 1070 903 1118 requirimus
936 1078 966 1105 et
989 1084 1065 1105 mo—

314 1134 439 1161 nemus,
463 1122 507 1155 eis
536 1121 742 1155 nibilominus
766 1121 793 1154 in
811 1120 923 1154 virtute
938 1129 1064 1154 sanctae

314 1171 533 1209 obedientiae,
561 1179 590 1204 et
622 1171 681 1205 sub
715 1170 921 1216 infrascriptis
956 1170 1066 1217 poenis

315 1221 453 1255 districte
465 1221 687 1267 praecipiendo
704 1219 899 1258 mandantes,
909 1228 1066 1266 quatenus

316 1271 393 1306 infra
419 1272 510 1305 unius
533 1270 651 1305 mensis
673 1269 820 1316 spatium,
840 1282 855 1302 a
871 1268 921 1303 die
944 1268 1066 1303 affixio-

316 1321 364 1355 nis
388 1320 600 1367 praesentium
631 1320 658 1353 in
684 1318 779 1353 valvis
802 1317 948 1352 basilicae
972 1317 1065 1351 Prin-

316 1371 394 1417 cipis
412 1369 636 1416 Apostolorum
656 1376 686 1402 et
708 1366 916 1414 quarumdam
934 1367 1064 1401 aliarum

315 1419 528 1454 Ecclesiarum
547 1417 641 1454 Urbis
657 1416 815 1452 faciendae
829 1417 970 1463 proxime
984 1428 1067 1450 com-

316 1467 504 1516 putandum,
531 1480 624 1514 quem
655 1466 825 1501 terminum
853 1466 930 1512 ipsis
957 1474 986 1500 et
1009 1478 1067 1500 eo-

317 1531 385 1552 rum
422 1516 552 1552 cuilibet
594 1529 649 1564 pro
688 1515 836 1550 omnibus
863 1515 1067 1549 dilationibus

318 1567 548 1615 peremptoriis,
579 1577 609 1601 et
638 1566 809 1600 monitione
837 1565 988 1600 canoniea
1017 1578 1067 1600 as-

316 1619 500 1664 signamus,
528 1629 575 1660 ea,
603 1628 683 1662 quae
705 1615 744 1650 de
772 1615 862 1650 bonis
896 1614 1068 1649 mobilibus

317 1676 346 1702 et
380 1666 546 1701 stabilibus
568 1666 603 1700 ad
629 1678 686 1700 nos
718 1673 746 1700 et
775 1665 873 1711 ipsam
900 1665 1065 1699 Cameram

319 1715 551 1764 pertinentibus
573 1715 665 1750 etiarn
690 1714 729 1749 de
760 1714 831 1759 illis,
859 1727 938 1762 quae
966 1714 1067 1748 felicis

319 1765 544 1801 recordationis
561 1765 706 1812 Gregorii
724 1764 882 1799 undecimi
900 1773 929 1798 et
950 1763 1066 1799 Urbani

318 1817 406 1856 sexti,
425 1815 639 1850 Romanorum
668 1814 856 1849 Pontificum
886 1814 1068 1861 praedeces-

318 1878 424 1900 sorum
449 1873 639 1905 nostrorum,
657 1864 702 1898 vel
725 1864 853 1898 alterius
875 1876 985 1898 eorum
1001 1863 1069 1897 fue-

320 1924 403 1954 runt,
433 1915 478 1948 rel
506 1922 726 1961 spectaverunt
763 1913 1001 1960 quomodolibet
1029 1913 1067 1947 ad

320 1977 374 1999 eos
410 1974 461 1999 aut
484 1964 617 1998 alterum
647 1964 843 2003 eorumdem,
877 1972 903 1997 et
933 1975 1066 2009 quorum

321 2014 500 2049 omnimoda
524 2013 701 2059 dispositio,
722 2014 856 2047 maxime
874 2026 946 2047 cum
965 2012 1068 2046 (lictus

321 2064 469 2099 Urbanus
499 2063 732 2110 praedecessor,
756 2063 821 2098 Deo
842 2064 1042 2110 permittente
1062 2090 1068 2101 ,

321 2114 514 2153 decesserit,
551 2121 597 2147 est
621 2113 711 2147 nobis
734 2122 761 2147 et
785 2112 888 2147 eidem
917 2112 1069 2147 Gamerae

320 2173 496 2208 reservata,
524 2171 678 2209 occupant
701 2171 752 2197 aut
781 2163 883 2197 sciunt
907 2162 1069 2208 occupari,

323 2213 413 2248 nobis
441 2213 486 2248 rel
514 2213 664 2259 gentibus
699 2213 797 2259 ipsius
825 2213 986 2251 Gamerae,
1016 2224 1068 2257 per

321 2275 398 2310 quas
424 2263 460 2297 ad
486 2276 543 2298 nos
567 2264 759 2310 perveniant,
782 2276 853 2296 euin
877 2262 988 2296 elfeetu
1020 2274 1069 2295 re—

322 2314 451 2347 stituant
475 2322 505 2346 et
534 2313 680 2347 revelent.

371 2363 390 2409 5
417 2366 449 2397 5.
478 2363 628 2409 Alioquin
658 2375 694 2397 eo
719 2363 785 2409 ipso
814 2374 945 2409 poenam
969 2360 1069 2407 dupli,

322 2422 351 2447 et
363 2413 388 2447 si
406 2413 485 2447 bona
502 2420 652 2459 occupata
670 2412 849 2446 buiusmodi
866 2411 999 2445 valorem
1014 2410 1069 2444 de-

322 2474 389 2498 cem
406 2463 595 2497 florenorum
615 2463 679 2496 auri
699 2461 959 2501 transcenderint,
977 2462 1068 2495 etiam

321 2512 660 2548 excommunicationis
688 2512 871 2546 senteutiam
897 2513 1070 2548 incurrant,

321 2576 336 2596 a
353 2575 413 2610 qua
428 2562 556 2610 quidem
570 2562 905 2596 excommuuieatiouis
918 2560 1070 2595 sententia

322 2614 413 2647 etiam
444 2614 473 2646 in
511 2612 619 2646 mortis
646 2612 791 2651 articulo,
816 2610 997 2658 praesertim
1029 2609 1069 2643 illi

321 2674 357 2697 ex
377 2662 557 2710 praedictis,
579 2663 631 2709 qui
658 2661 833 2696 Romanam
858 2660 987 2695 Curiam
1020 2671 1071 2694 se-

1101 387 1196 413 mera,
1221 383 1393 417 morantur,
1415 373 1454 408 ab
1476 374 1536 408 alio
1559 385 1652 420 quam
1673 386 1688 408 a
1706 372 1848 407 Romano

1102 423 1254 458 Pontifice
1291 437 1351 457 uou
1388 424 1505 470 possint
1534 423 1676 466 absolvi,
1705 431 1733 457 et
1770 422 1846 456 ultra

1101 486 1233 520 poenam
1257 481 1286 507 et
1308 473 1496 508 seutentiam
1521 472 1717 515 liuiusmodi,
1732 473 1756 506 si
1776 484 1848 519 per-

1101 536 1197 557 sonae
1211 523 1443 557 eeclesiastirae
1458 523 1586 561 fuerint,
1600 522 1750 557 omnibus
1766 535 1847 568 praet

1101 573 1219 613 laturis,
1242 572 1449 618 dignitatibus
1472 580 1501 607 et
1521 571 1682 606 beneficiis
1698 572 1848 606 ecelesia-

1100 623 1199 666 sticis,
1222 635 1302 669 quae
1324 622 1467 656 obtinent
1485 621 1605 668 absque
1630 621 1690 655 alio
1713 621 1849 655 bominis

1103 673 1298 716 ministerio,
1321 672 1384 706 sint
1416 672 1552 718 privatae
1575 680 1604 705 et
1633 670 1787 705 inliabiles
1809 670 1846 704 ad

1103 722 1151 756 illa
1174 722 1218 757 rel
1242 721 1278 756 ad
1307 721 1363 756 alia
1385 721 1592 767 imposterum
1621 720 1804 754 obtinenda:
1823 720 1847 753 si

1104 785 1175 806 iero
1203 771 1326 806 laicales
1353 771 1497 810 existant,
1525 769 1673 805 omnibus
1696 769 1796 804 feudis
1819 779 1848 803 et

1103 822 1205 863 bouis,
1225 834 1304 868 quae
1332 821 1361 854 in
1391 821 1480 855 terris
1500 820 1673 867 praedictae
1688 819 1848 854 Romanae

1102 880 1155 906 aut
1182 871 1312 906 aliarum
1342 870 1552 905 Ecclesiarum
1573 870 1729 910 obtinent,
1756 869 1848 903 etiam

1103 922 1164 956 sint
1193 922 1354 968 privatae,
1382 929 1412 954 et
1439 919 1529 954 feuda
1553 919 1589 954 ad
1621 919 1767 954 dominos
1794 918 1851 952 de-

1105 972 1230 1011 voluta,
1255 971 1334 1005 bona
1358 982 1429 1005 vero
1454 968 1634 1004 huiusmodi
1658 968 1761 1004 eidem
1789 967 1851 1002 Ca-

1105 1034 1209 1056 merae
1231 1021 1408 1055 confiscata.

1153 1072 1173 1117 5
1199 1073 1231 1104 lt.
1261 1070 1441 1108 Caeterum,
1474 1081 1512 1103 ne
1545 1077 1724 1115 praesentes
1743 1068 1852 1102 literae

1106 1129 1225 1155 tautum
1244 1120 1272 1153 in
1290 1118 1465 1166 praeteritis
1486 1126 1516 1152 et
1538 1118 1753 1164 praesentibus
1775 1130 1852 1152 eon-

1105 1171 1220 1210 sulant,
1243 1169 1296 1203 sed
1320 1169 1413 1203 etiam
1439 1167 1601 1202 utilitatem
1621 1168 1749 1202 afferant
1765 1168 1795 1201 iu
1811 1166 1852 1201 fu*

1107 1229 1223 1262 turum,
1247 1218 1400 1253 universis
1422 1226 1452 1252 et
1471 1217 1604 1263 singulis
1626 1218 1854 1263 cuiuscumque

1106 1278 1206 1304 status
1223 1296 1230 1309 ,
1258 1268 1374 1314 gradus
1390 1295 1397 1307 ,
1426 1267 1547 1301 ordinis
1563 1295 1570 1305 ,
1600 1267 1854 1313 praeemineutiae

1108 1319 1152 1352 iel
1168 1317 1362 1352 conditionis
1383 1317 1532 1360 existant,
1546 1316 1666 1350 etiamsi
1683 1316 1854 1363 pontificali

1106 1376 1159 1401 aut
1178 1367 1287 1413 regali,
1302 1380 1356 1400 seu
1375 1365 1486 1413 quavis
1501 1365 1559 1400 alia
1582 1366 1793 1400 ecelesiastica
1811 1365 1856 1399 vel

1107 1417 1266 1451 mundana
1296 1415 1448 1462 dignitate
1474 1414 1711 1461 praefulgeant,
1736 1415 1856 1449 etiamsi

1106 1466 1225 1501 fuerint
1252 1466 1353 1500 dictae
1381 1465 1545 1499 Ecclesiae
1572 1464 1734 1498 Romanae
1757 1464 1859 1498 cardi-

1109 1517 1205 1559 nales,
1232 1515 1341 1550 eadem
1371 1515 1556 1549 auctoritate
1574 1513 1748 1548 districtius
1777 1514 1860 1548 iulii-

1108 1566 1231 1606 bmnus,
1255 1578 1293 1600 ne
1325 1564 1445 1612 aliquid
1469 1564 1507 1599 de
1530 1563 1622 1598 bonis
1651 1563 1832 1598 huiusmodi
1850 1592 1857 1603 ,

1107 1629 1188 1662 quae
1215 1615 1252 1650 ad
1277 1627 1334 1649 nos
1360 1622 1390 1649 et
1408 1615 1506 1661 ipsam
1535 1613 1700 1648 Cameram
1724 1626 1859 1660 quomo-

1108 1665 1226 1700 dolibet
1247 1665 1455 1712 pertinuerint
1482 1663 1599 1698 directe
1623 1663 1668 1697 vel
1694 1664 1858 1707 indirecte,

1108 1715 1167 1750 sub
1194 1715 1305 1762 quovis
1327 1714 1472 1760 quaesito
1494 1713 1600 1748 colore
1623 1713 1784 1757 invadere,
1801 1725 1859 1747 ca—

1110 1777 1203 1812 pere,
1223 1764 1367 1799 detinere
1389 1772 1441 1798 aut
1464 1775 1619 1810 occupare
1645 1771 1858 1810 praesumant.

1109 1815 1195 1849 Alias
1230 1825 1382 1861 personae
1416 1813 1486 1847 talia
1510 1820 1771 1860 praesumentes,
1803 1813 1860 1847 nisi

1110 1864 1187 1899 infra
1221 1864 1331 1899 deceni
1360 1863 1428 1898 dies
1455 1876 1470 1896 a
1499 1862 1767 1909 praesumptionis
1796 1875 1861 1896 nu-

1111 1914 1278 1949 merandos
1301 1926 1335 1948 ea
1365 1913 1558 1948 restituerint
1580 1921 1632 1947 aut
1657 1912 1860 1947 revelaverint

1110 1964 1200 1999 nobis
1234 1964 1280 1999 vel
1316 1963 1408 1998 dictis
1435 1962 1582 2009 gentibus
1603 1970 1656 1996 aut
1687 1962 1779 2006 aliis,
1808 1975 1863 2009 per

1109 2027 1190 2062 quos
1204 2014 1240 2049 ad
1262 2027 1318 2048 nos
1335 2013 1528 2060 perveniant,
1552 2013 1580 2046 in
1606 2024 1724 2059 poenas
1745 2021 1775 2048 et
1792 2025 1864 2047 sen-

1111 2065 1222 2099 tentias
1247 2063 1424 2111 praedictas
1448 2063 1610 2097 incurrant
1639 2063 1706 2108 ipso
1730 2062 1823 2106 facto,
1845 2075 1861 2096 a

1109 2128 1168 2161 qua
1192 2114 1319 2161 quidem
1343 2112 1682 2148 excommunicationis
1695 2113 1862 2149 sententia.

1112 2182 1171 2204 non
1196 2169 1254 2204 nisi
1281 2177 1313 2203 ut
1341 2181 1434 2215 supra
1458 2167 1621 2210 scribitur,
1647 2166 1860 2202 absolvantur.

1158 2225 1178 2271 5
1206 2227 1237 2258 5.
1264 2223 1451 2258 praesentes
1477 2235 1606 2270 quoque
1621 2222 1727 2257 literas
1742 2222 1860 2257 eisdem

1111 2280 1207 2313 valvis
1234 2278 1421 2312 mandamus
1454 2276 1535 2323 affigi
1554 2305 1561 2316 ,
1596 2285 1627 2310 ut
1662 2277 1751 2323 quasi
1779 2290 1861 2324 quo-

1110 2333 1180 2368 dam
1201 2345 1315 2367 sonoro
1332 2332 1499 2378 praeconio
1517 2340 1547 2366 et
1568 2332 1672 2378 patulo
1689 2331 1805 2366 indicio
1823 2331 1859 2365 ad

1111 2396 1295 2422 cunctorum
1338 2386 1477 2420 notitiam
1516 2386 1638 2420 valeant
1675 2386 1836 2432 pervenire
1853 2415 1860 2427 ,

1112 2455 1168 2476 nee
1195 2442 1311 2489 aliquis
1333 2440 1372 2475 de
1396 2441 1456 2475 illis
1479 2441 1686 2486 ignorantiam
1716 2448 1861 2487 praeten-

1111 2497 1184 2531 ‹lere
1213 2497 1312 2543 possit
1347 2495 1460 2543 quovis
1490 2494 1606 2534 modo,
1633 2507 1705 2528 cum
1733 2506 1793 2528 non
1823 2496 1861 2529 sit

1113 2551 1281 2586 verisimile
1296 2550 1377 2597 apud
1402 2549 1526 2596 aliquos
1547 2561 1707 2583 remanere
1723 2549 1862 2594 incogni-

1111 2614 1175 2639 tum
1193 2633 1200 2643 ,
1228 2604 1311 2651 quod
1337 2613 1396 2639 tam
1427 2611 1568 2651 patenter
1589 2602 1739 2637 omnibus
1761 2602 1862 2650 publi-

1111 2668 1210 2694 catur.

1866 265 1913 291 Ιἱιι.
1933 266 1950 290 (2
1981 264 2045 290 two

1879 782 1900 802 Et
1926 787 2050 808 prtrattnni‘

1866 818 1906 833 tuvu
1934 814 2051 833 beneficio<

1866 851 1917 865 rum,
1941 848 1982 863 tuni
2012 844 2050 863 lo-

1867 882 1938 896 norum
1955 881 2036 901 poenis.

1876 1075 2051 1095 pianes-‚etiem

1868 1108 1892 1126 art
1904 1113 1944 1126 uon
1957 1107 2054 1126 mretan-

1869 1142 1908 1160 tet,
1931 1138 1962 1157 rel
1985 1144 2053 1163 impri-

1868 1172 1946 1188 sterum
1980 1170 2052 1188 eadem

1868 1201 1922 1220 huna
1946 1205 2054 1225 (ιι-Γαμη-

1870 1235 1901 1251 tes
1917 1231 2019 1250 extendit.

1885 2283 1988 2304 Pathum·
2006 2290 2060 2310 prr?-

1876 2319 1948 2336 sentes
1986 2316 2060 2336 literas

1876 2348 1966 2368 mandat,
