2274 3265
109 273 158 300 Αη.
174 273 201 300 Ο,
223 274 289 300 ¹295

110 1124 195 1146 caroius
218 1125 281 1146 Vatu-

98 1158 148 1179 sius,
159 1156 245 1176 obtento
256 1155 281 1176 ab

97 1186 192 1208 Ecclesia

98 1218 209 1243 ,hanonie-i
226 1225 278 1242 turo,

97 1251 187 1270 decedit,

222 1188 280 1213 regni

108 1579 204 1600 Restituit
216 1578 277 1600 lacu-

93 1611 118 1630 bn
128 1610 245 1631 nominem.-
252 1610 277 1631 A·

94 1643 193 1665 meoniae
209 1641 277 1662 etva-

94 1673 143 1692 iem.
164 1678 276 1698 {emiorum

93 1710 145 1724 ΙΠΠΙ.

885 274 1073 297 ΒΟΝΙΓᾹΕΗῈ
1098 275 1152 297 t'ttt
1176 276 1223 297 PP.

303 329 489 364 detrimenta
512 341 609 376 super
631 329 759 364 Terram
793 329 955 369 Sanctam,
994 329 1052 363 de-

303 387 415 413 sertam
453 379 561 414 incolis
603 379 872 423 christifidelibus,
912 379 1050 425 ipsorum

302 428 481 463 destitutam
504 429 670 475 suffragiis⁷
693 429 802 463 ssentes
824 440 927 463 amare
943 441 951 469 ς
966 441 1051 467 cum,

302 478 464 513 catholicis
488 478 681 526 principibus
708 477 863 512 distractis
897 478 934 511 ad
972 477 1050 512 bella

301 528 412 567 civilia,
441 541 503 562 non
527 528 577 572 sit,
612 528 666 574 qui
690 527 870 562 consoletur
910 539 977 561 cam
1013 540 1050 561 ex

301 577 451 611 omnibus
478 577 581 612 charis
614 577 691 617 suis,
720 589 755 611 ac
799 576 1047 611 misericordiam

302 628 416 672 potius,
445 639 538 674 quam
562 626 710 661 iudicium
734 634 859 660 cantare
884 626 1050 673 cupientes

301 675 473 715 Altissimo;
496 677 532 710 ad
557 676 785 722 reparationem
822 687 948 722 quoque
984 684 1048 710 sta—

299 734 350 760 tus
373 725 498 772 praefati
526 726 606 771 regis
648 725 774 760 Siciliae
807 724 860 759 filii
902 726 1048 772 specialis

298 775 459 810 Ecclesiae
493 774 661 821 specialem
685 773 836 809 habentes
863 775 1048 810 considera-

299 834 393 859 tionis
420 832 580 865 intuitum;
617 832 647 859 et
680 834 887 860 memoratum
929 834 1047 860 tracta-

298 883 363 909 tum
396 874 480 921 pacis
528 883 673 921 paternae
715 874 874 909 charitatis
911 875 1046 910 brachiis

297 923 533 971 amplectentes,
557 924 634 959 facta
659 924 717 958 iam
745 924 775 958 in
804 923 952 960 manibus
989 938 1047 958 no-

297 974 369 1009 stris
392 987 447 1021 per
469 974 686 1008 charissimum
716 975 746 1008 in
783 973 909 1009 Christo
945 974 1045 1009 lilium

297 1030 441 1058 nostrum
486 1023 668 1070 Philippum
706 1023 899 1058 Francorum
942 1036 1044 1070 regem

297 1073 463 1114 illustrem,
506 1081 537 1107 et
579 1073 727 1108 dilectum
773 1073 872 1107 lilium
909 1074 1044 1108 nobilem

297 1122 396 1157 virum
420 1122 568 1158 Carolum
593 1123 717 1157 fratrem
742 1124 808 1157 eius
830 1122 981 1157 Alanzoni
1016 1131 1045 1157 et

295 1171 408 1207 Valesii
431 1174 592 1214 comitem,
634 1172 869 1207 renunciatione
904 1172 1042 1218 legitima

296 1230 323 1256 et
352 1222 483 1257 solemni
511 1222 550 1257 de
577 1221 747 1269 praedictis
775 1222 891 1268 regnis,
925 1232 950 1255 et
988 1233 1043 1256 co-

296 1272 405 1306 mitatu
442 1272 679 1308 Barcliinonae,
727 1272 826 1305 clarae
874 1272 1044 1305 memoriae

295 1321 455 1367 praedicto
475 1321 623 1367 Philippo
656 1322 719 1366 regi
755 1320 948 1356 Francorum
983 1333 1042 1355 eo-

295 1383 363 1405 rum
394 1371 524 1417 parenti,
547 1379 577 1404 et
600 1370 702 1405 eidem
726 1371 840 1405 Carolo
862 1371 981 1412 comiti,
1011 1379 1043 1405 ut

294 1421 514 1466 praemittitur,
548 1433 602 1465 per
629 1420 803 1455 Ecclesiam
842 1421 939 1467 ipsam
964 1432 1042 1454 con-

292 1472 412 1509 cessis,
450 1472 598 1517 omnique
633 1471 697 1504 iure
740 1478 769 1504 et
809 1471 929 1504 actione
976 1471 1043 1504 eius

292 1529 490 1568 competente
519 1533 575 1567 pro
613 1521 683 1560 illis,
717 1521 817 1554 eidem
858 1520 971 1555 lacobo
1011 1529 1043 1555 et

292 1571 358 1605 suis
380 1570 580 1607 haeredibus.
623 1570 660 1604 de
698 1569 823 1604 fratrum
863 1578 1040 1604 nostrornm

292 1620 424 1655 consilio
451 1628 481 1655 et
504 1632 647 1663 assensu,
689 1620 897 1659 restituimus,
936 1620 1042 1654 reddi-

292 1684 362 1705 mus
384 1679 479 1718 atque
501 1669 706 1705 concedimus
735 1670 793 1704 iam
826 1669 905 1704 dicta
944 1683 1039 1715 regna

290 1721 473 1767 Aragonum
496 1729 589 1768 atque
615 1720 789 1763 Valentiae,
833 1731 869 1753 ac
909 1720 1042 1754 comita-

291 1779 357 1805 tum
395 1770 624 1814 Barchinonae‚
656 1770 807 1804 honorem
847 1770 964 1815 regium
1005 1782 1041 1804 ac

289 1822 393 1856 omnia
416 1829 446 1855 et
473 1821 608 1866 singula,
631 1833 712 1867 quae
749 1820 905 1855 sententia
939 1820 1040 1855 ‹lit-tae

289 1871 382 1906 Sedis
404 1870 604 1918 Apostolicae
632 1871 690 1905 lata
713 1879 819 1904 contra
845 1869 964 1904 dictum
986 1870 1041 1905 Pe·

290 1929 386 1964 trum,
427 1921 503 1954 olim
541 1932 645 1965 regem
687 1920 883 1966 Aragonum,
920 1928 1038 1967 patrem

289 1984 396 2010 suum,
419 1970 599 2005 continebat
626 1982 783 2016 expresse,
811 1978 838 2003 et
863 1981 908 2007 ea,
948 1978 1041 2016 atque

290 2021 381 2055 verba
415 2020 600 2063 sententiae,
637 2020 681 2054 vel
725 2019 856 2054 effectus
898 2019 1038 2053 eiusdem

289 2070 465 2105 sententiae
491 2082 524 2104 se
547 2069 732 2112 extendunt,
766 2077 797 2103 ut
835 2082 869 2103 ea
906 2069 1041 2103 habeant

290 2128 319 2155 et
347 2128 473 2155 teneant
494 2132 532 2155 eo
556 2119 660 2159 modo,
688 2132 752 2166 quo
780 2118 913 2153 habebat
935 2128 964 2153 et
987 2128 1039 2153 te-

291 2170 383 2205 nebat
404 2169 507 2204 dictus
529 2168 654 2208 Petrus,
681 2168 839 2216 qnondam
872 2181 922 2203 rex
961 2170 1040 2203 Ara-

290 2232 420 2265 gonum,
445 2227 531 2266 pater
552 2232 641 2259 suns,
664 2227 831 2265 antequam
862 2218 1038 2253 Romanam

291 2269 463 2304 Ecclesiam
486 2268 669 2303 offendisset
692 2269 720 2302 in
762 2268 891 2315 aliquo:
933 2278 961 2302 et
1001 2269 1039 2302 de

292 2319 457 2366 praedictis
481 2319 585 2363 regnis
617 2326 645 2351 et
682 2319 830 2353 comitatu
869 2318 898 2352 in
935 2330 1039 2365 quon-

290 2369 361 2402 dam
385 2368 582 2414 Alplionsum
608 2368 851 2413 primogenitum
887 2367 955 2402 eius
981 2367 1039 2401 do—

291 2419 462 2457 nationem,
503 2426 535 2451 ut
573 2417 699 2461 dicitur,
743 2417 937 2451 contulisset:
984 2429 1040 2452 nec

292 2467 499 2506 intendimus,
517 2465 601 2513 quod
626 2479 680 2513 per
703 2466 877 2513 praedictas
913 2467 1040 2501 restitu-

291 2517 422 2561 tionem,
467 2516 675 2551 redditionem
715 2524 745 2550 et
777 2516 1038 2555 concessionem,

291 2566 382 2601 nobis
405 2565 450 2601 vel
474 2567 532 2612 ipsi
564 2565 725 2600 Ecclesiae
753 2565 801 2600 ius
835 2565 960 2613 aliquod
993 2578 1039 2600 ac-

291 2617 434 2663 quiratur
455 2628 513 2650 nec
535 2616 706 2651 retineatur
729 2615 759 2649 in
785 2615 857 2655 illis,
873 2615 1039 2650 occasione

292 2666 476 2702 retentionis
503 2678 557 2700 seu
581 2665 810 2709 reservationis,
837 2677 931 2712 quam
968 2664 1039 2700 fecit

1724 270 1783 300 131

1095 330 1234 365 Ecclesia
1275 331 1304 365 in
1340 332 1432 367 dictis
1472 334 1574 379 regnis
1626 343 1655 368 et
1692 336 1838 370 comitatu

1093 392 1163 414 cuni
1189 380 1253 426 ipsa
1288 382 1445 427 praedicto
1489 383 1648 429 quondam
1694 384 1840 432 Philippo

1093 428 1284 464 Francorum
1331 431 1393 476 regi
1430 433 1596 473 concessit3
1629 446 1685 468 nec
1722 445 1839 470 rationo

1092 478 1306 513 concessionis
1334 480 1429 514 factae
1451 481 1489 515 de
1524 482 1599 528 ipsis
1635 496 1689 529 per
1722 483 1840 518 Ronm-

1093 541 1162 562 nam
1191 528 1364 563 Ecclesiam
1389 529 1474 564 dicto
1496 530 1609 565 Cui-olo
1632 533 1752 577 comiti,
1787 544 1839 567 aut

1092 583 1339 617 renunciationis
1362 596 1414 617 scu
1439 584 1657 630 resignationis
1686 588 1840 633 praefatan

1092 636 1187 671 sactae
1216 637 1246 671 in
1287 637 1434 671 manibus
1474 639 1589 672 uostris
1627 652 1680 687 per
1712 642 1839 675 eosdem

1091 703 1194 737 regem
1222 691 1417 726 Francorum
1446 700 1477 726 et
1510 692 1656 727 Carolum
1693 696 1838 729 contin-u·

1090 746 1215 781 fratrent
1244 747 1322 787 eius;
1350 747 1404 781 sed
1429 747 1530 781 eidem
1556 747 1680 792 Iacobo,
1709 750 1827 797 suisqnt

1089 800 1328 835 successoribus
1350 802 1380 835 in
1405 800 1524 835 eisdem
1554 803 1670 848 regniS,
1693 805 1837 839 comitatu

1089 867 1143 889 seu
1173 856 1266 890 terris
1288 868 1342 890 sua
1368 856 1432 889 iura
1462 855 1548 890 firma
1577 865 1606 890 et
1635 857 1751 892 illibata
1775 872 1828 905 per

1088 910 1210 950 sistant·,
1234 922 1291 945 nec
1313 923 1349 944 ex
1369 911 1404 944 iis
1423 910 1480 944 sibi
1506 910 1551 944 vel
1575 911 1643 945 suis
1671 912 1700 946 iu
1732 912 1836 960 aliquo

1089 964 1314 1011 praeiudicium
1337 972 1518 1012 generetur:
1540 965 1595 999 sed
1630 978 1664 1000 ea
1704 966 1837 1002 habeant

1087 1026 1116 1053 et
1139 1026 1274 1059 teneant,
1299 1027 1333 1053 ut
1360 1018 1560 1065 praedicitur,
1587 1032 1624 1054 eo
1653 1021 1758 1062 modo,
1774 1034 1837 1070 quo

1088 1072 1221 1107 habebat.
1249 1080 1279 1106 et
1306 1072 1431 1107 tenebat
1453 1072 1557 1108 dictus
1588 1074 1712 1114 Petrus,
1748 1085 1836 1110 ante-

1086 1138 1179 1173 quam
1202 1126 1379 1161 Romanam
1407 1126 1581 1161 Ecclesiam
1606 1128 1634 1161 in
1664 1129 1768 1176 aliquo
1796 1130 1839 1163 of-

1086 1179 1248 1224 sendisset,
1275 1190 1306 1215 et
1329 1180 1367 1215 de
1397 1180 1541 1226 praefatis
1574 1182 1679 1228 regnis
1719 1191 1749 1218 et
1783 1196 1839 1218 co-

1087 1234 1195 1269 mitatu
1219 1234 1404 1269 contulisset
1427 1235 1628 1270 donationem
1654 1236 1683 1269 in
1699 1236 1838 1282 Alplion-

1085 1301 1167 1328 sum,
1187 1298 1220 1323 ut
1238 1289 1365 1327 dieitur,
1389 1298 1608 1324 memoratum:
1635 1290 1836 1325 investientm

1086 1356 1141 1391 per
1169 1352 1310 1379 nostrum
1334 1344 1461 1378 anulum
1491 1344 1528 1378 de
1557 1344 1724 1390 praedictis
1767 1358 1836 1380 om-
1867 1365 1893 1379 ,ρ
1929 1359 1941 1371 1>

1853 1397 1912 1410 manu
1938 1393 2035 1411 cardim-

1899 1420 1918 1441 ἒ.
1937 1422 2033 1442 Clamet,-

1085 1454 1254 1489 haeredum
1278 1465 1406 1489 suorum
1430 1455 1569 1495 nomine,
1606 1454 1757 1489 dilectum
1800 1457 1836 1490 li-
1852 1455 1885 1474 ''⁵·
1910 1458 1941 1472 *⁴³
1960 1460 1977 1503 A}
2000 1459 2018 1467 ”

1852 1485 1914 1506 mine,
1950 1490 1955 1502 ³

1727 1509 1833 1544 Sanco
1852 1521 1905 1534 ww
1918 1521 1927 1532 c

1852 1547 1911 1565 {titur

1086 1398 1180 1434 nibus
1212 1407 1242 1434 et
1285 1398 1430 1444 singulis,
1479 1399 1619 1432 eiusdem
1660 1398 1764 1434 lacobi
1807 1410 1834 1434 rt

1085 1511 1159 1544 lium
1183 1517 1324 1544 nostrum
1357 1508 1565 1543 Guillelmum
1609 1509 1687 1543 tituli

1083 1564 1257 1599 Clementis
1280 1562 1494 1611 presbyterum
1517 1563 1720 1608 cardinalem,
1739 1577 1832 1611 quent

1084 1633 1140 1668 pro
1163 1620 1263 1655 votiva
1287 1618 1479 1666 perfectione
1510 1625 1656 1653 tractatus
1690 1619 1831 1654 eiusdem

1084 1688 1193 1710 versus
1216 1681 1319 1722 partes
1355 1673 1605 1708 ultramontanas
1645 1676 1835 1721 praesentia—

1083 1731 1152 1766 liter
1173 1730 1381 1765 destinamus.

1131 1790 1146 1829 ,ξ
1170 1787 1202 1820 5.
1230 1785 1313 1820 Nulli
1343 1797 1417 1831 ergo
1446 1784 1574 1818 omnino
1598 1784 1763 1819 hominum
1797 1785 1836 1818 li-

1082 1849 1150 1876 ceat
1165 1839 1251 1876 hanc'
1262 1841 1406 1888 paginam
1425 1847 1600 1873 nostrarum
1617 1839 1834 1877 restitutione,

1083 1897 1287 1939 redditionis,
1321 1894 1536 1930 concessionis
1573 1902 1602 1928 et
1635 1894 1834 1929 investitura-0

1083 1951 1268 1998 infringere,
1303 1950 1348 1984 vel
1383 1949 1409 1983 ei
1446 1961 1521 1983 ausu
1559 1948 1724 1982 temerario
1757 1960 1835 1983 con-

1083 2005 1185 2045 traire3
1213 2006 1237 2039 si
1265 2005 1335 2051 quis
1354 2012 1458 2038 autem
1486 2011 1539 2037 etc.

1130 2059 1246 2094 Datum
1270 2058 1431 2104 Anagniae
1460 2070 1515 2104 per
1537 2069 1665 2091 manum
1694 2057 1831 2103 magistri

1082 2114 1165 2149 Petri
1188 2114 1227 2149 de
1254 2114 1392 2159 Piperno
1426 2113 1559 2147 Sanctae
1581 2110 1743 2145 Romanae
1770 2110 1834 2145 Ec-

1081 2167 1195 2203 clesiae
1223 2166 1498 2205 vice-cancellarii,
1529 2165 1698 2200 undecimo
1719 2165 1832 2200 kalen-

1081 2222 1136 2257 das
1165 2223 1245 2266 iulii,
1267 2222 1439 2257 indictione
1465 2228 1588 2259 octava,
1612 2220 1832 2254 incarnationi:-¹

1081 2277 1257 2312 dominicae
1292 2288 1374 2311 anno
1411 2274 1577 2309 millesimo
1612 2274 1830 2308 ducentesima

1082 2331 1286 2378 nonagesimo
1308 2331 1431 2377 quintO,
1456 2328 1655 2376 pontificatus
1684 2339 1754 2362 vero
1772 2327 1831 2362 do-

1082 2386 1156 2420 mini
1180 2384 1332 2419 Bonifacii
1356 2383 1460 2430 Papae
1488 2383 1586 2417 octavi
1610 2394 1692 2416 anno
1716 2383 1827 2428 primo.

1130 2439 1201 2474 EGo
1236 2438 1432 2473 Bommcius
1465 2436 1636 2471 catholicae
1667 2435 1824 2471 Ecclesiar.

1081 2494 1262 2541 episcopus.

1132 2562 1328 2606 (Sequuntur
1364 2559 1595 2603 subscriptiones
1633 2558 1825 2592 dominorum

1082 2612 1307 2647 Cardinaliam,
1332 2610 1386 2653 qui
1406 2608 1607 2652 interfuerunt
1635 2608 1665 2640 in
1687 2608 1814 2652 forma).

1142 2672 1200 2702 Dat.
1216 2672 1262 2701 die
1286 2671 1318 2700 21
1339 2670 1411 2700 iunii
1430 2669 1514 2705 1995,
1531 2669 1631 2709 pontis.
1655 2678 1730 2698 anno
1750 2678 1767 2699 ι.

1857 280 1907 306 Ati,
1927 279 2038 305 C.t*2913

1886 1799 2002 1819 Ciauzuw.
