2274 3265
523 291 592 323 338

475 355 613 401 virgatis,
649 353 713 388 sive
745 353 819 388 alias
845 353 1042 400 sumptuosis
1064 353 1210 387 indutum

475 404 519 439 vel
549 403 673 438 indutos
694 402 809 437 ducere
832 414 893 437 non
920 411 1129 449 praesumant.

521 453 540 500 S
566 455 622 487 ⁶27.
652 451 809 499 Quodque
836 464 852 487 a
879 452 1057 486 curiositate
1078 461 1130 487 aut
1162 463 1212 485 su-

289 514 457 540 Superflutusin
476 503 650 549 perlluitate
679 514 819 536 vasorum
856 511 1094 548 argenteorum,
1123 500 1211 534 lecti-

276 545 659 596 ‘3:³¹¹'⁵”¹'¹¹¹¹''sierniorum
699 560 729 585 et
762 551 976 598 quorumlibet
1009 558 1211 585 ornamento-

473 614 539 636 rum
555 609 664 636 curent
681 601 805 647 penitus
819 600 985 635 abstinere.
1009 599 1209 634 Contrarium

472 663 544 686 vero
567 650 716 686 facientes
745 663 798 697 per
825 650 953 685 abbates
975 662 1084 683 eorum
1107 657 1137 682 et
1156 660 1211 695 per

472 700 662 741 visitatores,
696 700 739 734 vel
775 712 829 746 per
863 699 1036 746 capitulum
1067 698 1211 744 generale

471 750 569 798 ipsius
596 750 727 794 ordinis,
766 748 867 783 taliter
902 748 1090 795 puniantur,
1126 746 1209 793 quod

471 809 573 835 metus
599 812 716 846 poenae
737 797 887 843 aliorum,
917 798 961 833 sic
982 796 1133 832 excedere
1157 808 1211 831 vo-

470 849 612 888 lentium,
637 857 716 883 meta
739 849 862 882 existat.

517 899 608 946 528.
633 898 670 933 Et
688 898 770 944 quod
787 897 915 932 abbates
938 895 1209 935 monasteriorum,

286 956 377 978 ΛΜΝ·
392 962 453 977 unum
468 956 498 983 et
525 947 739 994 praesidentes
762 946 970 993 regiminibus
991 945 1122 979 aliorum
1141 957 1209 979 con·

272 989 658 1045 ἷζέᾟῗςζῖἶ’ζζ“ζ-νεηιιιυϋυηι
682 998 821 1032 locorum
845 996 919 1030 dicti
948 995 1076 1036 ordinis,
1110 1006 1211 1029 exce-—

272 1054 319 1071 ‘¹²⁰²
469 1048 529 1094 ptis
550 1047 661 1082 abbate
683 1045 892 1081 Cisterciense
911 1054 940 1080 et
962 1053 1095 1092 quatuor
1116 1044 1210 1078 coab-

469 1096 592 1132 batibus
615 1097 743 1132 totidem
768 1095 989 1144 principalium
1013 1095 1145 1129 filiarum
1162 1106 1209 1129 su-

469 1147 627 1194 pradictis,
649 1147 702 1194 qui
730 1154 805 1180 sunt
831 1155 860 1180 et
889 1157 944 1193 pro
973 1153 1111 1191 {empore
1142 1142 1211 1178 fue-

469 1197 549 1237 rint,
578 1197 655 1231 ultra
693 1209 791 1231 unum
830 1194 1023 1230 saecularem
1059 1192 1208 1228 clericum

468 1246 532 1281 sive
559 1246 672 1281 laicum
700 1246 892 1293 equitantem
916 1244 1032 1279 ducere
1048 1256 1109 1278 non
1128 1255 1209 1290 prae-

469 1304 604 1331 sumant.

518 1344 538 1393 g
563 1347 620 1380 29.
660 1344 739 1387 Quia
782 1356 851 1378 vero
891 1355 1040 1390 personas
1075 1342 1209 1388 regulari

287 1404 338 1440 Eun?
364 1405 456 1425 sumtum
470 1394 684 1430 observantiae
724 1393 843 1428 deditas
882 1394 971 1428 decet
1011 1392 1209 1439 potissimum

274 1435 456 1487 {Zissssi'iff'm‘f
469 1443 509 1480 ab
542 1457 597 1479 esu
634 1443 861 1490 prohibitorum
907 1442 1118 1478 cibariorum,
1148 1449 1208 1475 tarn

274 1499 370 1548 ‘T.⁸¹¹,'¹¹¹.¹.,
388 1497 454 1548 ’'f‘ss-
471 1495 595 1529 virtutis
620 1506 743 1537 amore,
778 1505 869 1540 quam
904 1504 1021 1539 poenae
1044 1490 1210 1525 formidine

274 1534 314 1549 ‘¹⁶⁹
334 1534 439 1549 ‘'¹⁵⁰⁹‘'
468 1543 635 1587 abstinere,
672 1555 710 1577 ne
744 1542 783 1577 ab
814 1543 860 1576 eis
882 1542 911 1576 in
935 1541 1138 1576 castimoniae
1161 1540 1210 1575 lu-

469 1592 588 1629 bricum
611 1593 830 1632 descendatur,
852 1592 1036 1626 auctoritate
1059 1601 1210 1637 praesen-

468 1644 545 1678 tium
581 1642 708 1677 firmiter
746 1641 945 1680 inhibemus,
981 1654 1018 1675 ne
1059 1640 1209 1686 deinceps

467 1691 595 1728 abbates
633 1700 663 1726 et
696 1691 817 1726 monaci
860 1690 932 1725 dicti
969 1690 1100 1728 ordinis
1123 1697 1208 1724 extra

468 1742 654 1777 monasteria
678 1753 732 1775 seu
749 1741 813 1775 loca
829 1740 1045 1775 conventualia
1067 1738 1208 1773 eiusdem

467 1791 599 1835 ordinis,
622 1799 651 1825 et
675 1791 766 1825 etiam
802 1790 859 1837 ipsi
892 1789 1014 1824 monaci
1040 1788 1115 1823 infra
1140 1801 1210 1822 mo-

469 1842 600 1877 nasteria
637 1853 692 1876 seu
719 1840 785 1875 loca
808 1839 1008 1884 huiusmodi,
1038 1846 1091 1872 aut
1114 1839 1143 1872 in
1163 1850 1210 1872 ca-

468 1892 561 1926 meris
582 1899 612 1926 et
633 1899 718 1925 extra
753 1889 984 1924 infirmitorium
1021 1900 1209 1932 commune,

467 1952 577 1976 carnes
597 1941 644 1974 vel
680 1939 837 1987 pulmenta
870 1951 941 1973 cum
965 1938 1111 1973 carnibus
1132 1950 1209 1972 con-

467 1989 530 2024 dita
559 1989 604 2024 vel
646 1989 772 2025 decocta
803 1997 1003 2036 praesumant
1030 1987 1207 2026 comedere,

467 2048 576 2075 contra
605 2039 832 2074 observantiam
855 2038 928 2072 dicti
951 2038 1069 2072 ordinis
1091 2037 1209 2071 diutius

467 2088 672 2125 observatam.
700 2088 764 2124 Nos
782 2089 863 2123 euim
888 2087 1039 2131 licentias,
1063 2099 1140 2133 quas
1156 2087 1209 2121 ali-

467 2141 518 2186 qui
542 2139 671 2174 abbates
693 2146 723 2173 et
751 2138 871 2173 monaci
903 2138 960 2171 iam
993 2136 1066 2170 dicti
1090 2136 1208 2170 ordinis

466 2189 577 2224 dicunt
598 2201 614 2223 a
637 2188 720 2224 Sede
743 2188 921 2234 Apostolica
944 2198 1038 2232 super
1059 2198 1114 2220 esu
1138 2198 1206 2220 car-

467 2239 552 2273 nium
581 2252 613 2273 se
641 2238 766 2282 habere,
789 2250 860 2272 cum
885 2236 961 2271 tales
983 2236 1127 2270 licentiae
1157 2248 1206 2269 re—

466 2288 609 2324 dundent
636 2288 665 2322 in
694 2286 875 2322 scandalum
904 2286 1047 2326 aliorum,
1084 2285 1208 2333 penitus

467 2351 659 2373 revocamus.
696 2337 847 2372 Monacus
874 2345 977 2371 autem
1003 2335 1047 2370 vel
1075 2347 1207 2370 conver-

282 303 337 342 ΑΨ.
348 303 376 330 C.
392 303 456 329 ¹335

466 2400 539 2432 sus,
573 2388 625 2436 qui
654 2386 836 2422 huiusmodi
862 2396 987 2421 nostrae
1012 2385 1207 2419 inhibitionis

466 2447 676 2485 transgressor
706 2437 857 2476 extiterit,
891 2436 988 2471 tribus
1010 2434 1120 2469 diebus
1151 2446 1207 2481 pro

465 2488 601 2535 qualibet
623 2487 761 2521 carnium
782 2487 827 2520 vel
850 2486 1003 2521 dictorum
1028 2484 1207 2532 pulmento-

465 2551 534 2573 rum
557 2546 749 2572 comestione
779 2548 915 2571 ieiunare
938 2548 968 2569 in
993 2547 1071 2581 pane
1094 2542 1206 2568 tenea-

466 2596 517 2622 tur
530 2596 560 2622 et
583 2599 675 2634 aqua,
697 2595 727 2620 et
748 2585 831 2633 quod
847 2585 1050 2620 nibilominus
1066 2583 1207 2631 quolibet

467 2638 604 2683 ipsorum
641 2637 763 2671 dierum
800 2637 829 2669 in
862 2634 1000 2682 capitulo
1031 2633 1204 2680 regularem

464 2687 595 2733 accipiat
630 2686 838 2733 disciplinam.
877 2685 939 2720 Sed
972 2683 1068 2719 abbas
1091 2683 1206 2717 inbibi-

1054 298 1237 321 ntJLLAttttJM
1261 297 1419 320 ttoMANttat

2019 299 2066 324 Λα.
2088 297 2116 323 C.
2131 298 2195 324 ¹555

1255 352 1352 387 tionis
1375 352 1533 397 praefatae
1559 359 1786 398 transgressor,
1809 365 1870 387 non
1893 352 1930 388 ad
1950 352 2001 387 di-

1252 401 1414 448 seiplinam
1438 401 1550 448 ipsam,
1579 402 1632 436 sed
1655 401 1692 436 ad
1722 401 1900 436 huiusmodi
1921 402 1999 437 ieiu-

1255 451 1301 485 nia
1326 459 1477 491 teneatur,
1506 459 1534 484 et
1560 451 1584 484 si
1601 450 1736 485 scienter
1758 451 1835 485 liaec
1857 451 1995 486 omiserit

1254 501 1444 546 negligenter
1472 503 1516 544 (1)
1537 500 1635 534 facere
1650 499 1823 539 observari,
1851 501 1942 534 etiam
1959 513 1995 535 ex

1254 550 1441 595 negligentia
1463 550 1642 583 huiusmodi
1663 557 1804 584 teneatur
1823 549 1860 584 ad
1881 549 1995 584 ieiunia

1253 599 1433 645 praelibata,
1456 611 1535 645 quae
1558 600 1685 645 quidem
1711 610 1828 645 poenae
1853 598 1928 633 nulli
1945 611 1996 633 re-

1254 648 1330 682 mitti
1354 650 1486 688 valeant,
1514 661 1570 682 nec
1592 661 1688 695 super
1713 648 1759 682 eis
1787 648 1832 682 vel
1856 648 1994 695 ipsarum

1254 705 1339 743 parte
1361 698 1464 744 aliqua
1485 710 1555 732 cum
1571 698 1676 745 aliquo
1691 698 1878 745 dispensari.
1902 697 1994 739 Quod

1252 747 1277 781 si
1302 747 1397 794 aliqui
1421 759 1517 793 super
1543 759 1596 782 esu
1613 748 1752 782 carnium
1778 747 1823 782 vel
1847 747 1996 794 pulmen-

1254 804 1356 830 torum
1381 796 1610 843 praedictorum
1639 810 1732 845 saepe
1769 798 1886 832 inventi
1920 796 1995 831 fue-

1254 846 1313 879 rint
1340 846 1571 893 delinquentes,
1599 859 1654 881 seu
1681 859 1770 881 esum
1795 847 1896 894 ipsum
1919 858 1996 881 con-⁴

1252 903 1296 930 tra
1311 895 1538 930 ordinationem
1559 896 1736 931 huiusmodi
1750 896 1995 943 frequentantes,

1253 954 1282 979 et
1306 958 1361 992 per
1383 945 1511 980 abbates
1541 947 1702 992 propriOS,
1729 946 1813 992 quod
1836 958 1852 980 a
1883 945 1996 980 talibus

1252 995 1436 1039 abstineant,
1465 995 1615 1030 canonice
1635 996 1757 1036 moniti,
1780 1007 1840 1029 non
1865 995 1994 1030 destite-

1253 1045 1330 1086 rint,
1369 1045 1430 1079 sint
1470 1053 1539 1092 post
1575 1044 1777 1079 monitionem
1813 1040 1993 1080 huiusmodi

1254 1107 1308 1142 per
1331 1094 1492 1129 biennium
1514 1107 1550 1128 eo
1569 1094 1636 1141 ipso
1665 1093 1819 1129 inhabiles
1836 1094 1874 1129 ad
1897 1106 1994 1141 quae·

1252 1156 1386 1191 cumque
1402 1144 1500 1179 officia
1524 1152 1554 1178 et
1576 1143 1864 1178 administrationes
1885 1144 1914 1178 in
1933 1156 1995 1178 eo-

1252 1194 1323 1229 dem
1357 1194 1466 1228 ordine
1494 1194 1681 1235 obtinenda;
1708 1193 1886 1228 obtinentes
1921 1206 1992 1229 vero

1253 1243 1321 1288 illa,
1355 1252 1589 1287 removeantur,
1625 1244 1650 1277 si
1685 1242 1851 1277 abbatibus
1885 1255 1993 1277 eorum

1254 1295 1353 1328 visum
1370 1293 1474 1338 fuerit,
1501 1293 1539 1327 ab
1553 1292 1698 1327 obtentis.
1722 1292 1906 1327 Inliibemus
1920 1304 1994 1340 quo-

1252 1355 1313 1390 que
1332 1344 1414 1391 quod
1445 1343 1551 1377 nullus
1580 1354 1730 1376 monacus
1753 1341 1802 1376 vel
1825 1354 1996 1376 conversus

1252 1393 1324 1428 dicti
1365 1393 1484 1427 ordinis
1530 1393 1757 1438 cuiuscumque
1804 1391 1994 1426 conditionis

1252 1444 1382 1484 existat,
1417 1443 1508 1476 etiam
1537 1442 1562 1476 si
1596 1441 1731 1476 officium
1769 1441 1899 1479 babeat,
1936 1441 1993 1475 nisi

1251 1492 1447 1538 aegritudine
1474 1492 1556 1538 gravi
1588 1491 1633 1525 vel
1662 1490 1824 1525 debilitate
1849 1490 1994 1525 detentus

1252 1541 1353 1582 fuerit,
1376 1553 1486 1576 carnes
1508 1541 1546 1575 de
1569 1549 1692 1575 caetero
1709 1540 1738 1574 iu
1759 1540 1891 1574 cameris
1914 1539 1992 1574 infir·

1253 1592 1367 1626 mitorii
1390 1591 1554 1626 comedere
1582 1598 1777 1637 praesumat:
1807 1589 1860 1624 sed
1890 1590 1994 1624 omnia

1251 1640 1417 1676 comedant
1453 1641 1482 1674 in
1511 1639 1673 1674 refectorio
1704 1639 1867 1674 communi
1900 1638 1994 1673 inlir—

1253 1690 1376 1725 mitorio
1398 1690 1558 1736 deputato.

1300 1740 1319 1787 S
1346 1741 1402 1775 30.
1425 1739 1534 1787 Neque
1558 1751 1667 1773 carnes
1689 1747 1836 1785 parentur
1859 1750 1917 1773 nec
1938 1738 1993 1773 de·
2022 1746 2192 1782 iocuscqquen-

1251 1799 1425 1837 coquantur
1439 1789 1523 1833 alibi,
1538 1801 1629 1835 quam
1651 1789 1680 1822 in
1701 1787 1895 1822 infirmitorio
1909 1799 1992 1822 com·
2008 1779 2191 1835 gssbcffs‘ssffffisjss‘,

1252 1840 1337 1874 muni
1366 1851 1421 1874 seu
1458 1839 1487 1873 in
1515 1838 1647 1886 coquina
1670 1837 1772 1872 eidem
1796 1837 1992 1872 infirmitorio

1251 1889 1398 1936 deputata
1421 1889 1466 1924 vel
1495 1890 1523 1922 in
1542 1897 1703 1935 posterum
1727 1887 1917 1933 deputanda,
1932 1887 1992 1921 nisi

1250 1939 1359 1979 abbas,
1381 1951 1417 1973 ex
1442 1939 1543 1985 aliqua
1580 1950 1672 1972 causa
1706 1936 1894 1976 rationabili,
1919 1936 1991 1971 alibi

1250 1988 1382 2035 decoqui
1403 1989 1447 2023 vel
1471 1988 1569 2035 parari
1599 1986 1759 2021 mandaret
1786 1986 1923 2026 easdem,
1947 1987 1991 2020 vel

1252 2039 1281 2072 in
1305 2040 1372 2074 eius
1408 2038 1572 2081 absentia,
1608 2037 1658 2071 ille
1690 2036 1740 2071 cui
1770 2035 1872 2071 dictus
1899 2035 1993 2070 abbas

1250 2089 1440 2123 commiserit
1469 2087 1549 2122 vices
1570 2099 1652 2121 suas.
1670 2085 1870 2132 Ubicumque
1889 2094 1990 2120 autem

1249 2150 1358 2173 carnes
1387 2149 1441 2184 pro
1468 2138 1555 2180 aliis,
1583 2148 1676 2183 quam
1702 2148 1756 2181 pro
1791 2135 1924 2169 infirmis
1946 2135 1990 2168 vel

1250 2187 1407 2222 debilibus
1421 2195 1543 2234 paratae
1563 2185 1687 2225 fuerint,
1712 2198 1765 2232 per
1785 2185 1990 2219 infirmarium

1250 2236 1537 2272 intercomedentes
1551 2235 1579 2269 in
1595 2235 1789 2270 infirmitorio
1803 2234 1989 2269 dividantur.

1297 2286 1317 2333 ἓ
1340 2290 1395 2321 51.
1418 2285 1595 2320 Abbatibus
1623 2297 1694 2320 vero
1717 2284 1920 2319 benemeritis
1936 2285 1988 2331 qui
2020 2304 2188 2331 Ammwum-

1249 2344 1411 2371 cesserunt
1439 2335 1484 2370 vel
1508 2335 1620 2370 cedent
1635 2335 1662 2369 in
1681 2343 1838 2381 posterum
1867 2334 2188 2386 sponta-ffssgfflfvssgssff

1250 2399 1305 2420 nea
1331 2387 1499 2429 voluntate,
1522 2386 1609 2419 locus
1630 2393 1660 2419 et
1686 2397 1758 2418 esus
1772 2385 1913 2419 carnium
1937 2396 1990 2430 pei·
2005 2371 2187 2417 {si’illmiuss‘f“

1248 2436 1390 2471 abbatem
1413 2436 1573 2482 proprium
1587 2434 1764 2470 secundum
1779 2446 1853 2468 suae
1870 2433 1990 2468 discre-

1250 2486 1344 2520 tionis
1366 2486 1528 2520 arbitrium
1556 2485 1780 2519 concedautur.
1801 2483 1840 2518 Et
1861 2482 1989 2531 quilibet

1249 2535 1343 2569 abbas
1365 2536 1438 2570 dicti
1467 2535 1585 2570 ordinis
1612 2547 1648 2569 ex
1677 2534 1867 2580 indulgentia
1895 2533 1989 2579 possit

1251 2585 1405 2619 interdum
1430 2585 1551 2632 aliquos
1582 2584 1710 2619 fratrum
1728 2612 1736 2624 ‚
1771 2595 1855 2618 nunc
1879 2583 1935 2617 hos
1961 2591 1988 2614 et

1251 2648 1331 2669 nunc
1356 2636 1434 2675 illos,
1470 2643 1559 2681 prout
1588 2634 1755 2668 necessitas
1778 2631 1989 2680 postulaverit,

1283 2694 1321 2727 (t)
1342 2693 1439 2719 Forsan
1458 2694 1605 2724 dila'yenter.
