2274 3265
76 273 126 300 An.
145 271 173 298 C.
189 271 252 297 ¹297

91 730 133 754 Qun
180 730 261 748 ratione

79 763 192 780 terrestres
224 766 261 780 co-

79 797 124 818 piae
141 797 185 810 cunt
203 793 262 811 inari»

79 824 133 842 nmis
169 829 261 842 cummu-

79 855 152 874 tandae

91 2076 171 2098 Consus
181 2081 261 2096 annuus

863 271 1052 295 BONtFACtth

274 327 427 375 spatium,
460 339 475 362 a
503 327 566 371 die,
593 339 656 374 quo
684 326 740 374 ipsi
763 327 886 374 equites
908 336 936 362 et
960 340 1023 374 pe-

274 378 354 412 dites
377 376 538 412 intrabunt
560 384 674 412 terram
698 376 869 417 Ecclesiae,
896 389 1024 424 compu-

276 427 414 461 tandum.
443 426 512 461 Erit
533 434 637 461 autem
654 427 683 461 in
709 434 861 473 potestate
888 426 1022 461 Romani

275 476 438 511 pontificis
465 488 518 511 seu
542 476 643 511 dictae
664 475 825 511 Ecclesiae
850 475 1025 522 praedictos

274 527 397 573 equites
414 534 443 561 et
468 525 589 572 pedites
613 525 690 560 ultra
716 525 842 572 praefati
859 526 1026 560 trimestris

276 575 426 623 temporis
440 576 575 623 spatium
598 575 634 610 ad
651 575 762 610 similia
778 583 939 622 sumptus,
955 588 1025 622 gag-

275 629 321 673 gia
354 634 384 661 et
422 637 575 673 expensas
594 625 694 671 ipsius
717 625 886 669 Ecclesiae,
912 626 936 659 si
958 625 1026 671 plus

276 689 329 711 eos
350 676 397 710 vel
421 677 559 723 ipsorum
583 675 705 722 aliquos
725 674 856 709 voluerit
879 675 1024 710 retinere.

278 726 315 760 Et
337 726 362 761 si
383 725 544 761 Romanus
560 724 716 766 Pontifex,
735 725 781 760 vel
801 725 866 771 ipsa
890 724 1025 760 Ecclesia

278 775 422 811 maluerit
444 775 562 810 dictum
578 775 740 810 servitium
762 774 903 822 equitum
926 783 955 809 et
971 787 1027 822 pe-

277 826 376 860 ditum
411 832 606 860 commutare
641 824 776 860 totaliter
813 837 884 859 cum
918 825 1027 869 stolio,

278 874 325 909 vel
352 882 438 910 certo
466 886 599 910 numero
630 875 807 921 galearum,
842 887 896 909 seu
935 887 1025 909 vaso-

278 936 347 959 rum
369 936 563 959 marinorum
591 933 781 959 armatorum
805 932 883 959 intra
909 933 1028 959 mariti-

280 986 360 1008 mam
383 973 500 1013 ltaliae,
535 974 657 1021 possint
682 973 742 1009 hoc
776 973 899 1015 facere,
933 981 963 1009 et
994 982 1026 1008 tu

278 1031 307 1057 et
322 1023 474 1058 haeredes
498 1024 556 1070 ipsi
580 1023 860 1059 commutationem
884 1023 1027 1058 eamdem

278 1072 380 1108 facere
403 1073 585 1114 teneamini,
613 1080 645 1109 et
680 1073 748 1108 sitis
770 1073 898 1114 astricti,
925 1073 1029 1108 dando

280 1121 356 1157 infra
392 1123 492 1170 ipsam
527 1123 714 1158 maritimam
749 1123 892 1170 quinque
927 1123 1029 1169 galeas

280 1171 360 1207 bene
386 1172 565 1218 guarnitas,
602 1172 739 1207 munitas
765 1181 795 1207 et
825 1181 957 1207 armatas
991 1172 1030 1207 de

278 1221 368 1257 bonis
388 1222 570 1257 hominibus
593 1230 624 1258 et
644 1222 711 1257 aliis
735 1222 943 1269 opportunis,
974 1234 1027 1257 ve—

278 1271 350 1306 stris
376 1271 540 1319 expensis,
576 1284 630 1319 per
653 1280 716 1307 tres
743 1283 868 1306 menses
896 1284 1029 1319 compu-

279 1321 391 1356 tandos
412 1334 427 1356 a
455 1321 521 1362 die,
549 1333 611 1369 quo
634 1321 793 1368 ingressae
825 1321 941 1356 fuerint
964 1334 1030 1356 ma-

280 1371 414 1406 ritimam
449 1370 554 1406 Italiae
585 1372 675 1406 terris
697 1370 857 1406 Ecclesiae
886 1371 1029 1418 supradi-

279 1428 347 1455 ctae
370 1420 521 1455 vicinam:
557 1433 635 1468 quas
662 1421 799 1455 munitas
827 1420 930 1455 taliter
953 1423 1031 1455 ultra

279 1470 382 1506 dictos
410 1479 472 1505 tres
497 1482 623 1505 menses
644 1470 681 1505 ad
717 1470 830 1505 similia
858 1471 966 1517 gaggia
1003 1479 1033 1505 et

280 1532 433 1567 expensas
455 1533 528 1555 suas
560 1521 584 1555 si
607 1519 770 1555 Romanus
804 1519 949 1555 Pontifex
986 1521 1031 1555 vel

281 1570 418 1606 Ecclesia
442 1570 507 1617 ipsa
532 1570 675 1615 voluerit,
704 1578 851 1617 poterunt
880 1571 1032 1611 retinere,

282 1619 481 1667 praestabitis
515 1628 618 1655 autem
648 1627 678 1655 et
713 1628 868 1667 praestare
909 1620 1033 1655 tenebi-

282 1670 357 1704 mini
390 1669 568 1717 supradicta
597 1670 722 1704 servitia
750 1670 912 1718 equitum,
950 1670 1034 1718 pedi-

282 1729 348 1754 tum
382 1728 413 1755 et
445 1720 621 1766 galearum,
657 1728 691 1754 ut
725 1720 872 1768 superius
901 1729 946 1755 est
978 1733 1034 1756 ex-

282 1782 441 1817 pressum,
472 1769 571 1805 semel
596 1770 625 1804 in
649 1782 742 1813 anno,
766 1770 1034 1818 quandocumque

282 1819 434 1867 indigebit
454 1819 616 1855 Romanus
644 1819 788 1855 Pontifex
811 1833 867 1855 seu
890 1820 1032 1856 Romana

282 1869 441 1905 Ecclesia:
470 1870 509 1905 de
531 1882 595 1917 quo
629 1871 727 1916 ipsius
761 1869 896 1904 Romani
923 1869 1035 1905 Ponti-

283 1919 349 1955 ficis
383 1919 432 1955 vel
456 1919 555 1967 ipsius
582 1919 743 1954 Ecclesiae
769 1919 904 1967 simplici
941 1920 1034 1955 verbo

283 1969 440 2005 credetur.

332 2019 352 2067 g
375 2022 406 2053 5.
430 2018 469 2054 Et
487 2019 617 2066 insuper
639 2028 698 2053 tam
723 2027 767 2063 tu,
789 2031 882 2066 quam
903 2019 1034 2067 quilibet

284 2076 408 2103 tuorum
433 2067 604 2103 haeredum
635 2069 664 2103 in
699 2068 783 2103 dicto
811 2069 936 2114 negotio
958 2069 1035 2104 Sar—

284 2118 389 2154 diniae
415 2126 445 2153 et
471 2117 619 2153 Corsicae
650 2130 706 2166 pro
734 2118 802 2165 ipso
835 2131 932 2166 regno
960 2131 1035 2154 cen-

284 2181 353 2203 sum
383 2167 519 2203 duorum
549 2168 682 2203 millium
716 2180 891 2204 marcarum
915 2169 1033 2214 argenti

285 2218 437 2253 bonorum
461 2226 491 2253 et
519 2218 663 2264 legalium
691 2218 936 2265 sterlingorum,
967 2218 1035 2253 ubi-

284 2280 420 2316 cumque
448 2267 610 2302 Romanus
639 2267 784 2303 Pontifex
816 2268 922 2312 fuerit,
947 2269 1034 2315 ipsis,

284 2316 429 2353 Romano
451 2317 613 2358 Pontifici,
645 2318 699 2365 qui
723 2318 781 2353 erit
804 2331 860 2365 pro
882 2327 1034 2365 tempore,

284 2375 315 2402 et
342 2367 515 2409 Ecclesiae,
541 2368 586 2403 vel
611 2368 669 2415 ipsi
691 2367 865 2410 Ecclesiae,
890 2369 940 2403 ubi
969 2369 1033 2415 ipsa

285 2417 390 2461 fuerit,
410 2417 484 2452 sede
503 2426 642 2458 vacante,
664 2418 825 2465 recipienti
850 2431 906 2465 pro
930 2418 1034 2453 futuro

285 2466 449 2511 Pontifice,
464 2475 493 2502 et
512 2481 568 2516 pro
596 2468 738 2514 portione
751 2468 918 2514 collegium
935 2468 1035 2515 ipsius

285 2515 444 2552 Ecclesiae
459 2517 664 2553 cardinalium
680 2518 893 2564 contingente,
913 2518 942 2551 in
959 2517 1035 2552 festo

286 2565 447 2602 beatorum
467 2568 680 2616 apostolorum
696 2567 780 2602 Petri
797 2576 825 2602 et
842 2567 928 2602 Pauli
946 2568 1035 2601 annis

286 2616 419 2663 singulis
437 2618 630 2665 integraliter
652 2630 708 2665 pro
731 2618 813 2652 dicto
836 2629 932 2663 regno
954 2617 1034 2651 Sar-

287 2666 390 2701 diniae
419 2676 448 2702 et
471 2667 618 2703 Corsicae
647 2667 846 2713 persolvetist
881 2667 917 2701 ad
941 2679 1033 2713 quem

367 2725 439 2755 Ball.
462 2725 536 2754 litun.
563 2726 614 2754 tol.
639 2725 683 2755 Il]
845 2726 876 2753 lS

1079 272 1136 294 vni
1167 272 1214 294 ΡΡ,
1698 265 1762 299 157

1065 340 1214 373 censum,
1244 337 1276 363 ut
1308 331 1529 376 praemittitur,
1554 331 1813 377 persolvendum,

1067 387 1126 412 tam
1151 386 1194 419 tu,
1219 384 1312 425 quam
1340 380 1469 426 quilibet
1493 380 1663 416 haeredum
1688 389 1812 417 tuorum

1067 428 1096 461 in
1117 427 1200 462 dicto
1221 440 1316 473 regno
1339 429 1521 463 tenebimini
1550 438 1580 464 et
1602 432 1668 466 sitis
1685 432 1812 467 astricti.

1830 275 1878 301 Αιι.
1901 274 1928 300 (Σ,
1944 273 2007 300 1997

1067 477 1100 511 Si
1133 489 1206 512 vero
1225 485 1255 511 tu
1282 477 1325 512 vel
1345 478 1536 526 quicumque
1553 480 1719 515 haeredum
1744 489 1814 516 tuo·
1858 503 1859 508 =
1878 498 1994 511 ww»

1911 528 1925 541 ιΙ
1944 530 1952 537 ⁷
1985 529 2002 540 t=

1069 539 1136 561 rum
1158 527 1187 561 in
1218 527 1286 574 ipso
1312 540 1427 573 regno,
1450 536 1566 563 statuto
1582 531 1729 574 termino,
1753 543 1813 566 non

1068 576 1221 611 solveritis
1244 576 1374 623 integre,
1395 585 1425 612 ut
1451 580 1665 624 praemittitur,
1686 593 1812 615 censum

1070 629 1184 673 ipsum,
1207 634 1236 661 et
1258 628 1408 673 expectati
1439 640 1493 674 per
1532 637 1662 675 quatuor
1693 642 1815 664 menses

1069 677 1236 711 terminum
1255 676 1356 723 ipsum
1375 678 1554 713 immediate
1576 688 1755 725 sequentes,
1779 680 1816 714 de

1070 727 1120 761 illo
1138 726 1175 761 ad
1197 727 1324 773 plenum
1353 740 1413 761 non
1444 728 1673 772 satisfeceritis,
1696 741 1733 763 eo
1752 729 1818 776 ipso

1069 778 1154 813 eritis
1174 777 1509 812 excommunicationis
1526 778 1649 812 vinculo
1670 778 1817 813 innodati.

1069 826 1161 870 Quod
1181 827 1204 862 si
1234 835 1294 861 tam
1319 827 1348 860 in
1372 827 1515 862 secundo
1543 828 1693 871 termino,
1725 840 1817 875 quam

1071 877 1145 911 infra
1169 876 1400 924 subsequentes
1422 877 1498 911 alios
1520 885 1654 924 quatuor
1677 889 1819 919 menses,

1069 927 1216 962 eumdem
1233 938 1374 967 censum,
1400 925 1467 961 sine
1489 926 1698 961 diminutione
1712 927 1820 973 quali-

1070 977 1134 1020 bet,
1149 989 1209 1012 non
1227 976 1450 1021 persolveritis,
1460 984 1559 1011 totum
1575 987 1706 1023 regnum
1719 975 1822 1011 Sardi=

1071 1026 1140 1062 niae
1162 1035 1193 1061 et
1214 1025 1362 1061 Corsicae
1389 1026 1446 1061 erit
1469 1025 1682 1061 ecclesiastico
1705 1038 1820 1073 suppo-

1071 1076 1164 1111 situm
1188 1075 1374 1111 interdicto:
1415 1075 1438 1109 si
1474 1087 1544 1110 vero
1574 1087 1632 1110 nec
1667 1075 1696 1109 in
1730 1076 1821 1110 tertio

1072 1126 1226 1170 termino,
1257 1137 1314 1160 nec
1342 1124 1419 1159 infra
1443 1124 1519 1159 alios
1541 1133 1676 1172 quatuor
1699 1137 1822 1159 menses

1073 1175 1245 1223 proximos,
1268 1187 1322 1222 per
1340 1174 1463 1221 plenam
1484 1174 1728 1209 satisfactionem
1744 1175 1821 1210 eius-

1072 1225 1144 1260 dem
1162 1237 1288 1269 census,
1312 1233 1343 1258 tu
1366 1232 1395 1260 et
1418 1224 1569 1259 haeredes
1592 1225 1635 1259 tui
1656 1223 1745 1258 vobis
1763 1224 1824 1258 dn-

1073 1275 1177 1310 xeritis
1199 1273 1442 1314 consulendum,
1467 1274 1506 1309 ita
1529 1274 1633 1321 quod,
1660 1275 1822 1309 transactis

1074 1324 1184 1360 eodem
1209 1324 1299 1359 tertio
1322 1324 1454 1358 termino
1477 1334 1505 1359 et
1529 1333 1664 1370 quatuor
1682 1324 1823 1371 proxime

1073 1374 1281 1423 sequentibus
1310 1374 1489 1417 mensibus,
1529 1386 1590 1408 nou
1619 1374 1660 1408 sit
1686 1373 1734 1407 ‘tle
1764 1373 1823 1408 hu-

1075 1424 1210 1460 iusmodi
1233 1436 1327 1459 censu
1359 1424 1449 1470 primi
1473 1423 1596 1457 termini
1622 1423 1680 1470 ipsi
1711 1422 1823 1458 Eccle-

1074 1475 1138 1509 siae
1162 1475 1282 1521 integre
1308 1474 1518 1512 satisfactum,
1543 1473 1580 1507 ab
1602 1473 1711 1508 codem
1730 1485 1824 1520 regno

1075 1524 1238 1559 Sardiniae
1272 1532 1302 1565 et
1337 1524 1484 1558 Corsicae
1522 1524 1589 1570 ipso
1617 1523 1681 1557 iure
1709 1522 1824 1557 cadatis

1076 1587 1111 1609 ex
1140 1582 1216 1618 toto,
1238 1582 1267 1608 et
1291 1586 1422 1621 regnum
1446 1572 1484 1607 ad
1508 1572 1681 1607 Romanam
1710 1571 1824 1607 Eccle-

1076 1625 1153 1659 siam
1189 1625 1320 1671 eiusque
1358 1623 1598 1670 dispositionem
1635 1623 1753 1669 integre
1789 1634 1825 1657 ac

1077 1674 1172 1709 libere
1199 1682 1382 1709 revertatur.
1422 1672 1634 1707 Nihilominus
1675 1684 1728 1719 pro
1759 1672 1825 1707 sin-

1077 1725 1158 1769 gulis
1185 1724 1309 1759 duobus
1338 1723 1474 1758 millibus
1507 1735 1680 1757 marcarum
1716 1722 1824 1769 singu-

1078 1775 1176 1809 lorum
1199 1775 1416 1815 terminorum,
1445 1773 1469 1807 si
1492 1772 1586 1808 simili
1609 1771 1703 1806 modo
1727 1772 1757 1806 in
1775 1784 1823 1806 eo-

1078 1837 1145 1859 rum
1174 1824 1330 1859 solutione
1361 1823 1574 1864 cessaveritis,
1610 1822 1655 1856 vel
1685 1821 1733 1856 illa
1762 1834 1823 1856 non

1077 1874 1241 1915 solveritis,
1266 1883 1311 1915 tu,
1339 1882 1369 1909 et
1391 1874 1491 1921 quivis
1513 1881 1637 1907 tuorum
1654 1870 1823 1906 haeredum

1079 1925 1107 1959 in
1131 1924 1215 1959 dicto
1238 1936 1333 1971 regno
1361 1923 1524 1959 Sardiniae
1544 1930 1573 1956 et
1591 1921 1738 1957 Corsicae
1757 1933 1827 1968 poe·

1079 1986 1132 2008 nas
1159 1973 1279 2009 similes
1302 1973 1482 2013 incurratis,
1509 1972 1602 2007 salvis
1621 1970 1690 2006 aliis
1705 1971 1824 2018 poenis,

1079 2024 1279 2071 processibus
1311 2031 1339 2057 et
1374 2022 1553 2062 sententiis,
1590 2032 1669 2068 quae
1697 2020 1742 2055 vel
1769 2020 1823 2067 qui

1078 2073 1116 2108 de
1141 2075 1208 2108 iure
1242 2073 1346 2108 inferri
1383 2073 1428 2107 vel
1460 2071 1566 2107 haberi
1603 2083 1656 2105 seu
1694 2068 1822 2117 proferri

1079 2131 1225 2170 poterunt
1262 2135 1316 2171 per
1337 2122 1516 2157 Romanum
1544 2120 1745 2161 Pontificem,
1778 2118 1824 2153 vel

1078 2173 1193 2209 Sedem
1239 2172 1452 2220 Apostolicam
1493 2170 1668 2217 specialiter
1702 2169 1731 2202 in
1766 2167 1825 2202 hoc

1078 2235 1162 2258 casu.
1190 2223 1252 2258 Sed
1276 2223 1313 2257 ad
1342 2233 1471 2257 censum
1496 2221 1597 2267 ipsum
1621 2217 1824 2261 solvendum,

1078 2273 1161 2307 etad
1188 2274 1291 2319 ipsum
1316 2272 1475 2306 servitium
1493 2268 1703 2303 exhibendum
1724 2267 1824 2301 dictae

1078 2323 1237 2358 Ecclesiae
1278 2330 1351 2355 tnnc
1385 2319 1552 2355 teneamini
1588 2330 1657 2353 cuin
1694 2316 1825 2357 effectu,

1078 2385 1148 2407 cum
1189 2381 1219 2406 tu
1256 2371 1301 2405 vel
1331 2370 1480 2405 haeredes
1504 2369 1545 2402 tui
1571 2368 1599 2401 in
1624 2368 1706 2402 dicto
1728 2378 1824 2413 regno

1077 2422 1240 2458 Sardiniae
1269 2430 1297 2455 et
1330 2420 1477 2455 Corsicae
1502 2418 1601 2464 ipsius
1634 2417 1742 2463 regni,
1778 2416 1822 2450 vel

1080 2473 1206 2507 maioris
1229 2471 1324 2518 partis
1356 2470 1422 2503 eius
1453 2468 1570 2502 fueritis
1592 2466 1822 2513 possessionem

1078 2522 1191 2568 adepti.

1126 2571 1145 2618 g
1176 2573 1207 2604 4.
1246 2569 1427 2607 Caeterum,
1464 2568 1535 2613 quia
1569 2566 1598 2599 in
1634 2564 1822 2612 quibusdam

1077 2621 1232 2664 articulis,
1263 2632 1316 2654 seu
1345 2616 1510 2665 capitulis,
1549 2614 1683 2657 formae,
1707 2616 1823 2650 tenoris

1077 2683 1130 2705 seu
1160 2669 1375 2704 conditionum
1405 2667 1449 2700 rel
1476 2666 1718 2700 conventionum
1744 2665 1824 2712 ipso-

1852 2578 1876 2599 Ex
1899 2586 1951 2599 nutv
1971 2587 2019 2605 ,nr-r

1838 2611 1903 2636 [liulf⁴
1923 2616 1953 2631 ιιι·
1968 2618 2019 2636 pie>

1837 2647 1876 2662 nne
1906 2648 1924 2661 iu
1950 2648 2018 2667 regem

1838 2674 1853 2693 si
1867 2674 2019 2693 comittunt-:15
