2274 3265
214 275 264 301 Αη.
282 275 309 301 C.
328 277 388 302 1311

227 537 231 555 l
236 544 304 556 ιιιιιι
309 544 338 563 pis
343 543 390 556 rrrrr

211 571 242 585 ins
267 567 378 587 clviiit'tilia

226 605 230 616 1
275 602 394 622 prfuit-ires

210 632 323 648 reveniati-
348 632 394 649 uta<

210 662 241 678 tur

457 266 527 297 214

411 331 486 377 ipsis
511 328 636 363 salutari
652 327 854 375 poenitentia,
871 327 952 360 iuxta
967 339 1083 360 inorcin
1105 339 1157 360 re-

410 378 584 414 conciliatis
623 380 678 420 (l)
721 376 881 411 Ecclesiae
912 375 1085 410 secundum
1111 376 1157 409 so-

415 439 511 462 rmam
544 426 683 462 eiusdem
725 425 910 460 beneficium
953 424 1157 459 absolutionis

411 475 584 522 impendas.

457 526 477 571 g
505 527 535 558 7.
559 523 651 566 Quod
681 523 705 558 si
727 536 792 564 eos,
815 522 898 570 quod
922 522 1013 566 absit,
1029 522 1072 555 vel
1101 533 1156 555 co-

390 586 477 609 ·rum
500 574 624 620 aliquos
652 581 852 620 peccatorum
882 571 979 605 moles
1007 581 1155 616 praepon-

409 623 522 658 derans
534 636 563 657 in
577 623 722 669 laqueum
738 620 964 667 desperationis
978 619 1155 659 adduxerit,

410 684 468 706 nec
490 671 641 718 proficere
675 680 702 706 te
730 670 867 704 senseris
888 668 968 715 apud
992 680 1057 711 eos⁷
1081 676 1155 702 tunc

410 721 507 756 l'retus
520 720 638 755 Christi
663 719 815 767 potentia,
831 718 913 753 velut
936 717 973 751 ad
988 728 1156 751 commune

408 769 662 816 restringendum
687 767 866 802 incendium
899 774 926 800 te
953 765 1099 810 accingas
1126 772 1156 799 et

407 828 513 853 contra
535 830 590 852 eos
611 827 641 852 et
661 818 800 864 ipsorum
824 814 996 862 quemlibet
1017 814 1077 848 sub
1093 826 1152 848 mo-

406 868 455 902 dis
476 875 507 902 et
529 867 638 910 forma,
662 865 775 900 iustitia
801 864 968 903 mediante,
987 862 1155 909 procedas,

405 916 523 963 quibus
567 914 691 961 procedi
740 914 770 948 in
810 912 935 947 casibus
974 912 1154 946 huiusmodi

406 964 579 1000 consuevit.
604 964 672 998 Nou
693 962 892 997 obstantibus
919 960 1082 1007 quibusvis
1098 961 1156 1007 pri-

407 1014 535 1059 vilegiis,
564 1011 770 1058 indulgentiis
810 1018 837 1044 ct
875 1010 981 1050 literis,
1014 1010 1156 1056 personis

407 1064 452 1097 vel
475 1061 640 1097 ordinibus
664 1061 738 1107 ipsis
764 1059 973 1106 autipsorum
997 1058 1157 1104 aliquibus

405 1111 463 1145 sub
494 1122 696 1158 quacumque
730 1109 828 1143 forma
859 1116 911 1142 aut
951 1107 1155 1154 expressione

406 1160 571 1194 verborum
602 1159 641 1194 ab
665 1157 846 1206 Apostolica
869 1156 953 1192 Sede
982 1156 1156 1197 concessis,

404 1222 483 1256 quae
506 1209 736 1254 cuiuscumque
764 1206 880 1241 tenoris
906 1205 1052 1249 existant,
1075 1217 1156 1252 quo-

405 1258 577 1293 modolibet
610 1265 718 1291 contra
760 1264 899 1290 tenorem
938 1255 1153 1302 praesentium

404 1308 552 1354 cuiquam
578 1306 726 1341 nolumus
748 1304 929 1350 suffragari,
953 1304 1094 1337 invocato
1117 1303 1155 1337 ad

404 1357 479 1396 id,si
497 1368 577 1403 opus
588 1355 691 1398 l'uerit,
707 1353 825 1389 auxilio
840 1352 958 1387 brachii
975 1352 1155 1386 saecularis:

403 1405 649 1439 contradictores
661 1416 716 1451 per
728 1414 892 1438 censuram
903 1401 1108 1437 ecclesiastica
1116 1413 1157 1445 m,

404 1454 614 1501 appellatione
629 1450 1065 1499 postposita,compescendo.
1083 1449 1159 1484 Cae-

405 1512 505 1538 terum
526 1502 564 1537 ad
595 1500 850 1549 prosequendum
880 1498 1007 1534 viriliter
1029 1511 1155 1533 causam

405 1552 461 1586 Dei
489 1552 526 1587 ad
550 1552 598 1586 sui
622 1551 746 1585 laudem
777 1548 914 1584 nominis
941 1556 970 1582 et
993 1548 1157 1582 exaltatio-

405 1613 476 1635 nem
504 1600 677 1636 catliolicae
701 1599 772 1633 fidei
790 1598 835 1633 sic
858 1606 886 1632 te
902 1609 1011 1643 gerere
1028 1596 1158 1631 studeas

406 1651 435 1683 in
464 1649 665 1696 praemissis,
701 1648 785 1695 quod
825 1647 854 1681 in
888 1647 994 1681 futuro
1029 1645 1157 1692 dignam

406 1699 460 1733 tibi
491 1709 656 1745 praepares
692 1709 746 1743 pro
773 1696 878 1731 labore
906 1694 1097 1739 mercedem,
1129 1703 1159 1729 et

407 1755 542 1782 nostram
566 1754 596 1781 et
624 1745 824 1793 Apostolicae
847 1744 939 1780 Sedis
962 1743 1159 1779 benedictio-

407 1809 476 1831 nem
505 1805 535 1831 et
556 1795 686 1843 gratiam
712 1795 842 1830 uberius
870 1794 1029 1828 merearis.

454 1845 571 1880 Datum
611 1844 758 1879 Avinioni
800 1843 858 1878 kat.
887 1843 1013 1891 aprilis,
1047 1843 1158 1890 ponti-

407 1896 516 1930 ficatus
539 1894 636 1929 nostri
660 1905 742 1928 anno
769 1906 813 1927 Vl.

456 1956 517 1986 Dat.
535 1956 581 1986 die
602 1956 612 1986 1
633 1955 735 1995 aprilis
753 1955 838 1991 1311,
858 1955 961 1994 pontis.
978 1964 1054 1984 anno
1076 1964 1113 1985 vr.

743 2072 799 2107 Xl.

409 2142 580 2177 Destinatio
601 2142 770 2185 [effatorum
789 2151 847 2184 pro
872 2140 999 2172 Henrici
1021 2140 1084 2173 VII
1102 2140 1161 2172 im-

454 2191 606 2236 peratoris
632 2191 846 2228 coronacione,
877 2189 997 2232 eiusque
1029 2200 1161 2221 corona-

459 2242 549 2274 tionis
564 2240 642 2274 ritus
658 2246 683 2273 el
697 2241 799 2284 forma
819 2238 1070 2283 praescribuntur
1104 2239 1158 2280 (Ξ).

682 2315 896 2346 SUMMARIUM

411 2379 600 2409 i’rooemium.
624 2395 660 2400 —-
685 2378 832 2407 Romanae
858 2376 1006 2406 Ecclesiae
1034 2376 1160 2413 potentia

451 2427 540 2457 super
559 2418 708 2456 principes
732 2417 820 2446 orbis.
840 2433 878 2438 -—
897 2417 922 2445 1.
945 2415 1062 2445 Henrici
1083 2416 1161 2453 regis

452 2468 483 2487 se
499 2458 691 2488 confirmasse
710 2457 882 2486 electionem
903 2457 931 2484 in
955 2456 1160 2494 imperatorem

452 2499 499 2526 ait:
521 2514 560 2519 —
579 2497 607 2526 2.
630 2496 860 2534 Terminumque
883 2495 918 2524 ad
941 2494 1159 2524 coronationem

452 2538 629 2574 assignasse.
648 2553 687 2558 —-
701 2536 729 2571 3,
743 2536 771 2565 4.
786 2535 901 2570 Quibus
925 2535 959 2563 de
978 2534 1077 2563 causis
1096 2533 1161 2563 cius

453 2576 622 2605 huiusmodi
643 2575 785 2604 terminus
807 2575 894 2604 fuerit
912 2573 1108 2603 abbreviatus.
1124 2590 1162 2594 —

448 2636 487 2671 (l)
498 2637 595 2664 Forsan
608 2638 842 2663 reconciliationis.
863 2634 902 2670 (2)
914 2635 951 2661 Ex
960 2635 1065 2670 Rogest.
1077 2634 1160 2661 Vatic.

984 271 1169 294 aurianum
1199 271 1359 293 ROMANUM

1240 326 1266 354 5.
1291 324 1428 362 lies-ignat
1455 322 1597 352 llenricus
1624 321 1842 360 Assuiuptionis
1868 321 1897 350 Β.
1919 322 1948 352 V.

1239 369 1325 398 diem.
1348 384 1386 390 —
1409 366 1539 395 l‘ontit'ex
1568 365 1613 394 sui
1638 365 1701 394 loco
1724 365 1891 394 cardinales
1913 367 1948 395 ad

1238 413 1433 452 peragendam
1459 419 1593 448 pompam
1623 409 1734 447 deligit.
1760 427 1797 432 —
1816 410 1842 438 6.
1873 410 1949 440 lnter

1238 465 1288 486 cos
1307 455 1465 485 coronandi
1486 453 1602 483 llenrici
1619 462 1740 482 munera
1762 454 1894 491 partitur.
1911 472 1950 477 -

1240 501 1264 529 7.
1287 500 1368 529 [litus
1392 497 1645 538 praescribuntur.
1667 514 1704 518 —
1722 497 1749 526 8.
1768 496 1828 532 Qua
1857 497 1948 528 forma

1239 544 1397 582 imperator
1415 543 1444 572 in
1462 541 1567 571 Urbem
1588 540 1626 570 sit
1641 541 1843 578 excipiendus,
1861 558 1900 563 —
1916 541 1950 572 Ut

1239 587 1429 617 deducendus
1448 587 1481 615 ad
1506 585 1659 615 basilicam
1683 584 1712 613 S.
1728 584 1815 614 Petri.
1838 586 1947 621 —Qua

1240 641 1343 670 pompa
1367 631 1448 660 Rom.
1473 629 1603 659 Pontifex
1623 632 1754 667 expectet
1777 629 1805 658 in
1825 630 1947 668 porticu.

1237 676 1264 704 9.
1295 674 1329 704 Ut
1357 684 1404 704 rex
1427 673 1490 703 eius
1516 673 1605 712 pedes
1627 673 1665 702 sit
1690 672 1889 702 osculaturus:
1911 691 1950 697 —

1238 719 1431 749 Devinctnrus
1463 727 1495 747 se
1527 721 1711 747 sacramento
1743 717 1778 746 ad
1811 717 1948 748 tuendam

1238 762 1408 791 Ecclesiam.
1424 779 1462 784 —
1480 761 1525 791 10.
1545 761 1603 790 Rex
1622 771 1635 789 a
1657 760 1807 790 canonicis
1827 759 1855 790 S.
1872 760 1947 791 Petri

1238 806 1266 835 in
1288 806 1405 836 fratrem
1429 805 1550 835 ascitus.
1567 821 1606 827 —-
1624 805 1728 834 Preces
1751 813 1802 843 pro
1821 814 1855 834 eo
1883 806 1948 836 fun-

1237 851 1359 880 dendae.
1390 866 1429 872 --
1461 849 1584 878 Braebio
1616 850 1732 878 dextero
1756 852 1783 878 et
1816 850 1948 888 scapulis

1239 895 1399 931 inungitur.
1422 910 1461 915 —
1483 893 1528 922 11.
1547 892 1708 930 Tamquam
1728 893 1870 923 diaconus
1893 895 1947 924 ad-

1239 938 1363 967 mittitur
1380 937 1415 967 ad
1435 936 1582 966 osculum.
1612 953 1650 958 —
1671 936 1777 966 Preces
1797 936 1949 969 habendae

1239 991 1252 1009 a
1277 981 1427 1010 l’ontitice.
1450 997 1488 1002 —
1510 980 1592 1009 Aliae
1613 979 1689 1008 iuter
1704 980 1880 1010 conserenda
1905 983 1950 1012 in-

1239 1025 1331 1062 signia
1352 1024 1528 1063 imperialia.
1556 1040 1594 1045 -
1616 1023 1658 1052 1⁶2.
1682 1022 1782 1052 Festae
1806 1025 1951 1055 acclama-

1240 1069 1343 1097 tiones.
1359 1085 1398 1089 —
1423 1068 1468 1097 13.
1492 1067 1618 1096 Calicem
1642 1070 1670 1095 et
1692 1067 1851 1105 ampullam
1869 1078 1950 1099 more

1238 1111 1412 1141 subdiaconi
1440 1112 1523 1140 offert
1555 1110 1722 1149 imperator.
1758 1127 1784 1132 -
1821 1111 1863 1141 ii.
1888 1112 1950 1147 Quo

1240 1157 1295 1185 ritu
1317 1156 1484 1194 imperatrix
1503 1154 1680 1184 coronanda.
1705 1171 1741 1176 --
1761 1155 1806 1184 15.
1825 1155 1863 1184 De
1887 1165 1953 1185 mu-

1240 1200 1361 1229 neribus
1384 1199 1540 1237 erogandis
1564 1198 1600 1227 ab
1627 1198 1813 1236 imperatore.
1843 1215 1882 1221 —
1897 1199 1953 1228 Ro-

1240 1244 1334 1273 nianis
1372 1244 1447 1273 iurat
1486 1243 1521 1272 de
1563 1242 1647 1271 bonis
1683 1243 1952 1273 consuetudinibus

1239 1288 1459 1317 conservandis.
1494 1303 1533 1308 —
1568 1286 1613 1315 16.
1645 1285 1797 1320 Quomodo
1835 1291 1953 1325 propter

1240 1331 1390 1360 l'ontiticis
1409 1330 1572 1360 absentiam
1590 1339 1693 1367 gerere
1709 1338 1740 1358 se
1760 1330 1864 1359 debeat
1879 1330 1953 1360 Hen-

1240 1376 1329 1405 ricus.
1347 1392 1386 1397 —
1404 1375 1466 1410 Quo
1486 1376 1542 1404 ritu
1563 1384 1668 1404 aurum
1689 1375 1727 1403 sit
1745 1374 1899 1404 oblaturus
1923 1377 1951 1405 in

1240 1420 1381 1457 gradibus
1401 1419 1550 1449 basilicae.
1567 1436 1606 1441 —
1625 1419 1667 1454 17,
1689 1419 1732 1447 18.
1757 1418 1869 1457 Legatis
1893 1420 1953 1449 (lis-

1241 1465 1344 1502 partita
1368 1464 1472 1493 ossicia.
1490 1480 1527 1484 —
1552 1464 1597 1492 19.
1628 1462 1688 1492 Soli
1707 1462 1840 1492 Pontifici
1868 1465 1952 1493 cxlii-

1240 1509 1302 1538 beri
1331 1508 1415 1537 solita
1440 1508 1533 1537 omitti
1553 1506 1783 1537 iustum—20.
1800 1506 1895 1544 Exigit
1917 1507 1952 1537 ab

1241 1552 1366 1582 llenrico
1388 1552 1533 1588 Clemens,
1557 1555 1588 1580 ut
1604 1551 1770 1590 promulget
1789 1550 1828 1580 nil
1855 1551 1953 1581 damni

1241 1607 1273 1626 ex
1302 1596 1518 1636 praetermissis
1542 1596 1623 1626 Rom.
1651 1596 1783 1626 Pontifici
1810 1595 1955 1626 obventu-

1241 1650 1316 1670 runi.

1202 1713 1324 1742 Clemens
1347 1712 1489 1748 episcopus
1508 1719 1605 1741 servus
1631 1718 1772 1740 servorum
1802 1712 1857 1745 Dei,
1874 1719 1954 1741 vene-

1246 1761 1378 1789 rabilibus
1407 1760 1554 1794 rum-ibus,
1589 1760 1705 1789 arnaldo
1733 1760 1868 1794 sabinen..
1885 1761 1953 1797 Apo-

1247 1811 1361 1840 statinae
1387 1811 1462 1839 sedis
1480 1810 1584 1845 iegato,
1610 1817 1640 1838 ac
1670 1810 1806 1839 Leonardo
1829 1810 1953 1839 Albanen.

1247 1861 1275 1889 et
1293 1860 1399 1889 moulan
1420 1860 1518 1888 ostien.
1542 1859 1688 1895 episcopis:
1710 1860 1739 1888 et
1758 1859 1870 1888 dilectis
1889 1859 1955 1888 filiis

1245 1909 1385 1938 Franciscn
1404 1909 1519 1936 sanotae
1537 1907 1633 1936 Luciae
1653 1908 1680 1936 in
1705 1907 1793 1941 Silice.
1819 1909 1848 1937 et
1871 1908 1955 1937 Lucae

1246 1959 1360 1986 sanctae
1377 1957 1477 1985 Mariae
1496 1957 1525 1985 in
1548 1957 1597 1985 Via
1623 1957 1702 1989 Lata,
1722 1957 1844 1986 diaconis
1867 1957 1954 1986 cardi·

1246 2007 1363 2039 natibus.
1393 2005 1497 2034 nuntiis
1525 2006 1646 2034 eiusdem
1676 2005 1750 2034 Sedis
1774 2006 1954 2042 apostolicae.

1247 2056 1366 2084 salutem
1381 2056 1410 2084 et
1430 2055 1608 2090 apostolicam
1626 2054 1848 2084 benedictionem.

1252 2123 1319 2157 Rex
1348 2134 1455 2167 regum
1477 2130 1506 2156 et
1528 2122 1686 2156 Dominus
1709 2121 1953 2161 dominantium,

1203 2172 1260 2206 Dei
1280 2166 1548 2206 clementissimus
1563 2169 1674 2210 Filius,
1691 2170 1778 2205 lesus
1793 2170 1953 2213 Christus,

1204 2221 1322 2255 bonore
1357 2219 1523 2266 multiplici
1558 2219 1696 2265 reginam
1726 2219 1952 2266 praefulgidam

1203 2269 1261 2304 sibi
1297 2270 1326 2303 in
1357 2269 1466 2303 vestitu
1502 2269 1651 2303 deaurato
1685 2268 1952 2303 circumamictam

1203 2318 1363 2357 varietate,
1386 2318 1586 2352 assistentem
1609 2330 1624 2351 a
1647 2317 1781 2356 dextris.
1813 2325 1951 2352 sanctam

1205 2367 1349 2402 videlicet
1365 2367 1539 2401 Ecclesiam
1563 2379 1713 2413 sponsam
1733 2378 1835 2408 suam,
1858 2378 1951 2412 quam

1203 2429 1261 2451 suo
1295 2416 1523 2462 pretiosissimo
1561 2415 1724 2461 Sanguine
1759 2414 1952 2461 redemptam

1204 2465 1375 2499 clementer
1401 2464 1458 2499 sibi
1491 2464 1689 2511 inseparabili
1719 2463 1842 2498 foedere
1876 2476 1955 2498 con-

1205 2514 1290 2560 iungi
1316 2514 1423 2553 voluit,
1453 2515 1572 2548 bonore
1596 2514 1749 2560 primatus
1774 2512 1955 2559 multiplicis

1204 2579 1239 2601 ae
1283 2567 1468 2602 multifariae
1508 2566 1760 2613 praeeminentiae
1784 2565 1954 2611 insignivit.

1204 2621 1266 2655 Sed
1299 2621 1328 2655 in
1358 2633 1395 2655 eo
1419 2621 1580 2668 potissime
1610 2621 1707 2668 ipsam
1737 2618 1953 2654 honorabilem

1967 269 2014 295 Λιι.
2033 269 2060 294 C.
2078 270 2138 295 1311

1997 2128 2128 2148 Pro-‘nmium⁴
