2274 3265
211 283 261 310 Αη.
279 284 306 311 C.
326 285 396 312 ¹536

237 1123 359 1143 Promnwim

461 272 531 306 548

452 335 595 366 beneficia
608 335 809 366 excell-anone
819 336 1162 374 apostolica—XXXIII.

451 380 489 410 De
523 388 646 409 numero
678 381 890 410 inonacborum
926 382 954 411 in
988 381 1164 419 beneficiis,

449 434 524 463 quae
558 423 694 462 personis
722 428 800 453 extra
833 425 965 455 ordinem
999 426 1161 456 conferun-

449 472 504 496 tur.
534 484 571 489 —
593 466 707 497 xxxw.
738 467 776 497 De
799 471 960 508 reparanda
990 471 1163 510 disciplina,

450 511 498 540 ubi
517 511 603 541 fuerit
619 512 759 551 collapsa.
778 530 816 535 -—
836 513 935 544 XXXV.
953 514 990 544 De
1011 515 1164 544 monachis

450 556 484 584 :id
512 557 689 586 monasteria
717 558 963 588 transmittendis.
985 575 1023 581 —·
1048 558 1163 588 XXXVI.

449 600 488 630 Ex
504 600 658 630 ordinibus
673 601 909 631 mendicantibus
926 612 983 632 non
1001 602 1163 640 recipiendi

450 646 566 681 fratres,
586 645 642 674 nisi
667 646 827 679 licentiam,
851 647 892 675 vel
921 652 1014 683 apost.
1040 648 1163 685 dispen-

449 691 593 719 sationem
624 690 788 719 ostendant.
820 707 858 713 —
890 690 1017 720 XXXVII.
1048 691 1163 726 Quibus

449 734 505 762 sub
516 733 738 764 conditionibus
755 735 922 763 audiendus
935 735 1098 764 monachus
1115 744 1165 763 su-

450 779 594 816 periorem
614 787 701 808 suum
722 788 876 807 accusans.
900 796 939 801 --
960 778 1101 808 XXXVIII.
1125 778 1164 808 De

449 821 730 861 conspirationibus.
750 839 788 844 -
805 822 919 852 XXXIX.
938 822 976 852 De
1001 823 1082 853 hisce
1100 828 1163 853 sta—

449 865 518 896 tutis
543 865 740 905 publicandis.
764 883 801 887 —
825 866 990 895 Clausulae.

453 944 612 973 Benedictus
628 944 768 979 episcopus
785 951 879 973 servus
898 952 1039 973 sorvorum
1062 946 1117 978 Dei.

544 994 577 1021 ad
613 994 793 1030 perpetuam
800 993 841 1022 rei
860 994 1028 1022 memoriam.

459 1064 582 1099 Summi
607 1064 747 1118 Magistri
771 1064 911 1118 dignatio
940 1077 997 1099 nos
1027 1069 1164 1111 (quani-

411 1126 504 1168 quani
530 1114 724 1156 immeritos)
748 1114 934 1148 miseranter
954 1115 985 1149 in
1000 1116 1162 1161 apostolici

412 1164 584 1217 magistetii
608 1162 755 1198 cathedra
778 1163 959 1204 collocaiit
986 1172 1017 1198 ut
1046 1165 1162 1199 nedum

414 1212 601 1258 mansimus,
621 1212 676 1246 sed
699 1212 859 1259 prosimus
884 1214 999 1260 pariter
1014 1214 1164 1260 operibus

412 1270 443 1296 et
464 1263 630 1308 exemplis,
653 1274 749 1308 super
771 1270 920 1297 cunctum
949 1275 1077 1309 gregem
1106 1263 1164 1297 do-

412 1311 564 1346 minicum
595 1319 719 1345 nostrae
743 1311 813 1345 fidei
852 1312 1036 1346 fiducialiter
1058 1312 1163 1347 credi-

412 1370 476 1395 tum
499 1360 676 1406 vigilemus,
697 1369 727 1395 et
743 1360 865 1395 labores
878 1361 1096 1408 expendamus
1112 1374 1163 1396 as-

411 1409 531 1450 siduos‚
554 1417 589 1444 ut
617 1409 709 1443 nobis
736 1417 766 1443 et
787 1409 856 1444 aliis
872 1410 981 1445 salutis
997 1411 1162 1445 commoda

413 1471 628 1503 procuremus.
652 1458 790 1493 Proinde
819 1471 955 1506 namque
979 1460 1060 1494 inter
1091 1473 1163 1495 cae-

411 1518 493 1542 teros
520 1507 648 1543 ordines
671 1508 903 1555 religionesque
927 1521 1033 1543 sacras
1056 1509 1086 1543 iu
1111 1511 1164 1544 tri-

410 1557 519 1591 formis
541 1557 687 1592 coussictu
713 1557 876 1592 militantis
894 1557 1058 1593 Ecclesiae
1081 1566 1163 1593 stre-

410 1619 473 1640 nue
509 1606 720 1649 dimicantes,
753 1606 791 1640 ad
820 1619 939 1641 sacram
976 1607 1160 1654 religionem

409 1667 614 1690 monacorum
642 1655 810 1701 Nigrorum
835 1665 959 1691 nostrae
988 1657 1163 1703 dirigentes

408 1713 525 1739 attente
547 1704 811 1739 considerationis
834 1705 997 1750 intuitum,
1014 1714 1162 1761 optamus

409 1756 438 1788 in
461 1752 600 1789 Domino
627 1753 698 1789 lesu
733 1753 886 1799 Christo,
916 1763 947 1789 ut
978 1756 1059 1790 sicut
1093 1757 1160 1803 ipsa

410 1803 519 1849 religio
540 1816 556 1838 a
581 1804 658 1838 mari
683 1816 783 1851 usque
807 1803 844 1838 ad
874 1817 959 1839 mare
983 1818 1037 1850 per
1056 1805 1162 1840 iucre-

408 1862 512 1888 menta
535 1861 714 1898 temporum
743 1866 818 1888 suos
842 1854 986 1901 palmites
1007 1854 1160 1900 dilatavit,

407 1904 453 1938 sic
480 1915 535 1949 per
567 1903 712 1937 universa
747 1902 832 1937 orbis
861 1904 984 1938 climata
1011 1883 1160 1939 virtutuni

409 1952 504 1987 radiis
543 1952 710 1987 luminosis
750 1952 865 1999 iugiter
902 1954 1087 1989 illustretur.
1123 1955 1160 1990 Et

407 2015 598 2049 quamquam
627 2003 708 2038 circa
738 2003 821 2038 illins
849 2004 1008 2039 salubrem
1032 2014 1061 2039 et
1085 2006 1159 2040 feli-

407 2066 474 2088 cem
503 2060 618 2088 statum
641 2054 774 2101 eiusque
796 2055 989 2094 attinentiaS,
1018 2065 1079 2090 tam
1104 2068 1160 2103 per

408 2103 569 2149 regulares
597 2103 811 2138 institutiones
837 2104 994 2140 almorum
1017 2105 1158 2147 Patrum‚

407 2152 459 2199 qui
479 2152 518 2187 de
546 2152 607 2187 hoc
634 2152 762 2187 saeculo
786 2154 1159 2199 felicitertransiicrunt,

407 2214 501 2249 quam
524 2203 617 2237 etiam
639 2215 693 2248 per
709 2202 858 2237 inridicas
876 2205 1056 2239 sanctiones
1093 2218 1160 2251 pr—o

408 2264 511 2287 Visum
546 2252 681 2287 existere
709 2252 932 2299 dignoscatnr;
967 2266 1023 2288 nos
1055 2263 1157 2288 tamen

407 2301 447 2335 ob
480 2301 582 2336 zelum
617 2301 780 2349 amplioris
818 2302 928 2337 salutis
967 2311 997 2337 et
1032 2304 1158 2337 maioris

407 2351 622 2397 prosperitatis
652 2351 797 2386 eiusdem
822 2352 901 2387 intra
931 2361 1035 2388 nostra
1066 2365 1159 2400 prac-

406 2401 510 2435 cordia
533 2408 563 2436 et
586 2413 659 2435 oum
684 2401 847 2437 nonnullis
870 2415 907 2437 ex
931 2403 1079 2438 fratribus
1099 2415 1157 2438 no-

406 2450 477 2485 stris
498 2449 533 2485 S.
556 2449 594 2486 R.
619 2450 655 2485 E.
675 2451 891 2487 cardinalibus
912 2461 942 2487 et
972 2452 1097 2487 dilectis
1121 2454 1157 2487 fi-

406 2500 454 2533 liis
477 2498 572 2535 Petro
606 2500 823 2543 Cluniacensi,
856 2501 972 2537 Ioanne
999 2501 1156 2542 Casedei,

406 2548 547 2584 Gilbeito
579 2549 790 2594 Massiliensi,
820 2550 1008 2599 Βεῃιιιιιιιόο
1031 2551 1158 2587 Salmo—

406 2598 520 2640 ‹liensi,
544 2598 716 2635 Guillelmo
731 2578 927 2636 Moiitisolnti
951 2609 981 2636 et
1003 2600 1157 2648 Gregorio

407 2645 612 2682 Ysiodorensi
669 2651 932 2685 monastiriorum
992 2651 1157 2686 abbatibus

1003 281 1139 305 numm
1145 281 1189 303 ml
1218 280 1380 303 ROMANCM

1977 284 2024 310 Αιι,
2042 282 2070 309 C.
2090 283 2159 309 ¹336

1205 336 1347 370 eiusdem
1379 334 1559 381 religionis,
1593 334 1792 369 decretorum
1820 335 1959 371 doctori-

1206 385 1277 428 bus,
1299 384 1440 430 diligenti
1466 391 1598 418 tractatu
1619 383 1802 429 praehabito
1817 393 1848 419 et
1864 397 1959 432 super

1205 448 1242 468 eo
1265 434 1386 479 digesta
1410 432 1638 468 deliberatione
1665 442 1784 476 secuta,
1801 442 1833 468 nt
1848 434 1958 470 eadem

1206 484 1315 529 religio
1339 483 1368 517 in
1392 483 1489 517 divini
1519 482 1622 516 cultus
1650 482 1804 529 obsequio
1826 482 1956 523 floreat,

1206 533 1379 567 honestatis
1402 532 1538 566 candore
1567 531 1694 577 fulgeat,
1717 531 1883 578 disciplina
1904 545 1960 568 re-

1205 582 1304 626 gulari
1326 581 1540 628 praeemineat,
1562 580 1737 628 sapientiae
1751 593 1788 615 ac
1809 582 1960 617 scientiae

1206 631 1329 666 divinae
1352 631 1467 677 pariter
1494 639 1525 665 et
1552 631 1708 664 humanae
1736 630 1820 673 (sine
1843 631 1961 677 quibus

1208 680 1386 714 mortalium
1422 681 1481 714 vita
1515 692 1577 714 non
1612 680 1756 726 regitur)
1784 679 1960 726 fulgoribus

1207 729 1324 771 rutilet,
1359 742 1416 764 nec
1450 730 1613 763 decrescat
1645 729 1674 762 in
1710 729 1853 775 profectu
1880 729 1960 764 sub-

1206 778 1338 813 stantiae
1361 777 1557 825 temporalis,
1583 777 1638 812 sed
1664 778 1769 825 potius
1790 787 1959 824 augeatur,

1207 827 1369 874 vigeatque
1383 828 1463 861 inter
1476 826 1659 862 coenobitas
1672 840 1747 862 suos
1764 828 1901 862 caritatis
1913 841 1961 863 so-

1207 876 1322 915 liditas,
1342 885 1373 911 et
1393 877 1538 923 persistat
1558 876 1786 911 sanctimoniae
1799 877 1959 918 fortitudo,

1207 926 1236 958 in
1262 925 1375 960 virtute
1398 925 1555 960 dominica
1582 925 1791 965 considentes,
1815 934 1847 960 ut
1877 939 1960 974 prae-

1208 975 1302 1009 missa
1325 975 1458 1015 valeant,
1480 983 1670 1020 cooperante
1692 987 1827 1022 superna
1850 975 1961 1010 Omni-

1207 1024 1357 1069 potentia,
1385 1023 1552 1059 efficaciter
1575 1024 1751 1070 provenire,
1774 1025 1960 1060 auctoritate

1204 1073 1376 1118 apostolica
1404 1081 1518 1108 statuta
1552 1073 1677 1107 edimus
1698 1082 1728 1108 et
1745 1073 1962 1110 ordinationes

1206 1121 1348 1161 facimus,
1371 1135 1453 1170 qnae
1480 1122 1652 1157 ordinatim
1676 1122 1855 1170 subscripta
1878 1125 1959 1158 serie

1205 1171 1443 1211 desciibuntur.
1466 1185 1586 1219 quaeve
1615 1172 1734 1219 ubique
1758 1181 1912 1207 terrarum
1931 1182 1960 1208 et

1206 1220 1347 1256 locorum
1386 1222 1463 1255 infra
1491 1230 1521 1256 et
1556 1233 1613 1268 pei
1642 1234 1741 1268 ipsam
1776 1222 1960 1277 religionem

1205 1271 1315 1305 eadem
1339 1270 1524 1305 anctoritate
1548 1271 1694 1305 ιοΙιιιιιυε
1718 1272 1881 1318 perpetuis
1911 1271 1960 1306 sn—

1206 1320 1347 1367 tnrisque
1381 1320 1581 1366 temporibus
1621 1320 1750 1354 firmiter
1789 1320 1959 1355 observari.

1204 1368 1265 1402 Per
1287 1369 1457 1404 editionem
1482 1382 1596 1416 nempe
1617 1377 1807 1404 statutorum
1832 1378 1862 1404 et
1881 1370 1963 1404 ordi-

1204 1419 1366 1453 nationum
1399 1418 1652 1464 praedictorum,
1677 1431 1738 1453 non
1768 1418 1962 1454 intendimus

1204 1468 1273 1501 aliis
1296 1468 1417 1502 iuribus
1452 1469 1605 1503 institutis
1637 1470 1804 1515 (qnatenus
1835 1469 1956 1503 eisdem

1203 1518 1329 1551 statutis
1358 1526 1390 1552 et
1423 1517 1677 1552 ordinationibus
1707 1530 1857 1564 expresse
1897 1530 1959 1553 non

1203 1566 1341 1609 obviant)
1381 1566 1580 1613 aliquatenus
1615 1566 1780 1612 derogare,
1820 1567 1875 1601 sed
1909 1567 1959 1602 illa

1205 1616 1308 1662 potins
1325 1615 1513 1663 approbare.

1251 1669 1267 1708 ξ
1293 1667 1321 1699 1.
1350 1664 1560 1700 Subiunctive
1589 1665 1683 1711 igitur
1709 1673 1825 1700 statuta
1847 1673 1878 1700 et
1905 1678 1959 1700 or-
1987 1681 2072 1702 Sanctio
2089 1688 2160 1703 con<

1203 1713 1384 1749 dinationes
1414 1714 1596 1749 huiusmodi
1633 1714 1852 1761 explicantes;
1880 1727 1960 1749 con-
1973 1711 2159 1764 ζιζῐξξζζζῧξζδξῖ

1202 1763 1399 1798 stitutionem
1424 1764 1547 1798 concilii
1563 1763 1722 1810 generalis
1736 1763 1776 1798 de
1793 1764 1956 1799 communi
1973 1777 2015 1794 tum
2065 1775 2156 1795 concilio

1202 1813 1341 1859 capitulo
1367 1812 1517 1847 abbatum
1541 1822 1635 1861 atque
1664 1813 1804 1860 priorum
1828 1813 1981 1849 abbates
1973 1807 2076 1826 ⁵⁰¹¹³¹¹⁶¹¹¹
2104 1806 2133 1826 ¹

1204 1862 1347 1916 proprios
1369 1875 1430 1897 non
1454 1862 1662 1906 habentium,
1686 1875 1715 1896 m
1747 1863 1881 1918 singul-is
1907 1875 1958 1897 re-

1201 1911 1271 1956 gnis
1291 1925 1357 1946 siio
1383 1912 1550 1958 ριοιίιιοίἱ5
1576 1912 1730 1951 faciendo,
1759 1912 1798 1947 de
1822 1913 1957 1947 triennio

1202 1961 1231 1995 in
1257 1962 1427 1996 triennium
1461 1961 1607 1996 volumus
1631 1971 1762 2000 exacte,
1787 1975 1826 1997 ne
1860 1974 1956 1997 com-

1202 2012 1344 2046 mittatur
1366 2012 1522 2058 neglectui
1545 2012 1715 2047 observari.

1508 2084 1590 2119 cst.
1618 2084 1641 2119 l.

1250 2156 1425 2192 Statuiuius
1454 2165 1486 2192 et
1512 2157 1605 2192 etiam
1636 2156 1846 2197 ordinamus
1869 2156 1954 2204 quod
1983 2167 2012 2188 De
2056 2167 2155 2194 capuam

1202 2205 1230 2239 in
1255 2206 1364 2241 ordine
1400 2219 1454 2240 seu
1481 2207 1631 2252 religione
1654 2206 1811 2241 dictorum
1842 2219 1954 2241 mona·
1969 2200 2057 2225 ''¹⁰¹¹'‘
2048 2199 2145 2220 ”¹¹¹⁰

1199 2266 1308 2289 corum
1335 2256 1504 2302 Nigrorum
1543 2256 1572 2289 in
1610 2256 1746 2301 singulis
1780 2257 1955 2302 provinciis

1201 2316 1255 2350 per
1284 2317 1341 2339 nos·
1364 2305 1495 2340 inferius
1517 2305 1677 2352 deputatis
1705 2306 1756 2340 liat
1779 2307 1808 2340 in
1830 2305 1899 2340 loco
1914 2305 1951 2340 ad

1200 2353 1259 2388 hoc
1281 2353 1463 2401 deputando
1491 2355 1529 2389 de
1562 2355 1697 2390 triennio
1727 2355 1755 2389 iu
1781 2355 1952 2390 trie-unium

1199 2406 1206 2445 t]
1230 2403 1315 2438 salvo
1351 2404 1417 2438 iure
1452 2404 1744 2444 dioecesanorum)
1783 2417 1953 2440 commune

1198 2465 1253 2486 seu
1291 2453 1480 2500 provinciale
1517 2455 1690 2501 capitulum
1731 2454 1880 2489 abbatum
1922 2463 1953 2489 et

1200 2502 1337 2557 priorum
1385 2503 1514 2538 abbates
1559 2504 1703 2551 proprios
1742 2516 1804 2539 non
1833 2504 1953 2539 liaben—

1199 2552 1275 2585 tium
1302 2580 1311 2596 ,
1352 2553 1550 2600 aliorumque
1599 2553 1738 2608 priorum
1791 2553 1952 2589 Ecclesia-

1199 2613 1266 2635 runi
1315 2602 1542 2638 ‹ithedralium
1587 2603 1686 2650 ipsius
1728 2602 1848 2637 ordinis
1895 2615 1950 2638 seu

1234 2665 1273 2699 (t)
1294 2665 1374 2691 Conr.
1393 2673 1452 2699 gen.
1473 2673 1530 2700 rap.
1550 2666 1576 2699 7,
1595 2667 1631 2692 De
1647 2669 1718 2692 stato
1737 2674 1837 2692 nionac.
