2274 3265
128 267 177 292 An.
193 268 220 293 C.
243 269 307 294 tn50

128 1009 182 1029 Nihil
211 1010 296 1030 solven-

115 1041 161 1060 dum
177 1047 213 1067 pro
230 1043 297 1066 gradi-

114 1072 151 1092 bus
159 1073 294 1097 recipiendis.

123 1456 247 1475 Ohedienti..

110 1484 207 1505 tratribus
250 1488 292 1506 suis·

109 1516 212 1536 exhibend
222 1525 225 1534 ι
238 1523 291 1542 prx-

110 1547 164 1567 latis.

118 2349 196 2374 Adq·
193 2349 210 2367 ,ι
232 2349 286 2368 hn-

105 2385 141 2403 ξιξ,

105 2409 144 2434 llo*L
141 2410 190 2430 &tul

958 269 1001 290 MA
1009 267 1057 290 tt‘rt
1064 267 1120 289 Nus
1143 267 1160 287 Υ
1190 268 1237 289 Pl).

321 321 437 355 eisdem
469 322 704 368 inquisitoribus
727 337 740 355 a
764 323 987 356 communitate
1017 323 1060 357 vel

320 371 359 404 ab
394 371 450 404 alia
488 383 619 417 persona
662 372 814 418 spirituali
848 380 1062 418 competenter

321 420 480 466 ptovisntn
495 420 589 455 suerit
601 421 666 455 de
651 435 666 455 t
672 434 728 466 xpt
733 434 808 459 usis
821 434 880 455 non
898 430 926 455 t«
930 434 975 455 ne
970 430 1061 456 intur

321 469 466 515 praedicti
495 479 668 504 conventus
697 470 859 516 providete
881 470 999 504 ‹isdem
1023 471 1060 504 de

320 519 399 553 victu
418 519 463 553 vel
480 519 606 554 vestitu:
630 519 713 574 quod
731 520 754 553 si
772 520 847 566 quid
860 519 1059 566 superfuerit

320 568 397 602 ultra
421 568 612 615 praedictum
638 570 750 603 tictum
777 569 821 603 tel
847 570 1001 609 vestitum
1021 570 1060 603 de

318 630 354 651 eo
381 617 465 663 quod
497 617 554 651 sibi
582 627 774 665 competeret
802 631 838 653 ex
867 618 981 663 officio,
1003 632 1060 653 suo

317 667 483 700 conventui
508 668 610 700 nativo
634 668 791 707 reddatur,
807 668 1058 703 distribuendum

317 716 527 751 communiter
550 717 627 750 inter
651 717 769 751 fratres,
794 717 832 752 Et
851 718 934 764 quod
956 718 1061 752 nullus

318 765 484 811 inquisitor
510 766 650 800 eiusdem
679 766 806 801 Ordinis
830 767 858 801 in
882 767 983 801 officio
1011 768 1060 801 in-

316 815 496 860 quisitionis
524 826 680 850 remancat
718 816 795 850 ultra
832 816 911 851 duos
937 830 1059 858 annos,

315 865 492 898 secundum
516 865 658 899 eiusdem
672 864 800 899 Ordinis
814 867 969 911 generalia
986 866 1055 901 Sta—

315 922 378 947 tuta
401 914 473 948 dicti
496 913 658 957 Guilelmi,
680 928 706 948 c.
732 917 768 958 G,
790 921 804 958 ᾗ
828 916 920 949 linali.

362 962 450 1004 ltem,
473 964 638 998 statuimus
653 974 681 998 ct
697 964 891 1003 ordinamus,
915 965 998 1011 quod
1022 966 1059 1000 de

312 1021 433 1046 caetero
457 1013 562 1047 nullus
589 1014 795 1060 praelatorum
815 1041 823 1058 ,
850 1015 991 1048 minister
1015 1016 1057 1049 rel

311 1062 457 1107 magister
481 1064 614 1109 aliquem
631 1063 753 1097 fratrem
771 1063 911 1097 eiusdem
931 1063 1060 1098 Ordinis

311 1121 489 1157 praesumat
507 1113 699 1158 adstringere
709 1112 950 1158 velcompellere
961 1112 998 1147 ad
1008 1113 1060 1147 ali—

309 1173 402 1207 quam
424 1162 635 1208 pecuniariam
651 1162 851 1205 solntiouem,
864 1163 982 1196 ratione
1000 1175 1057 1196 cu-

310 1210 493 1257 iuscumque
510 1211 624 1257 gradus
640 1211 829 1254 scholastici,
842 1211 983 1245 videlicet
1000 1224 1058 1246 ma·

308 1259 438 1304 gisterii,
449 1262 625 1303 lectoratus,
636 1260 856 1295 baccalariatus
872 1260 917 1294 rel
933 1261 1058 1295 alterins

308 1309 547 1356 cuiuscumque,
561 1310 726 1356 subpoeua
740 1309 918 1355 privationis
930 1310 1056 1355 gradus,

310 1367 369 1392 tani
400 1359 428 1392 in
451 1359 614 1404 exigente,
646 1371 738 1404 qnam
769 1359 798 1391 in
826 1358 1055 1392 contribuente.

357 1407 501 1454 Insuper,
515 1408 585 1454 quia
603 1420 710 1453 parum
732 1416 778 1441 est
801 1407 886 1452 leges
908 1408 1055 1451 condere,

282 1457 364 1489 “nisi
393 1457 566 1490 executioni
590 1455 712 1490 debitae
738 1456 980 1496 demandentur,
1009 1469 1056 1490 ro—

306 1505 411 1540 lumns
433 1514 463 1540 et
486 1506 680 1548 mandamus,
705 1518 740 1539 ac
767 1506 873 1540 stricte
902 1506 1054 1552 praecipi-

307 1567 376 1588 mus
390 1555 544 1589 universis
558 1567 593 1590 ac
607 1555 741 1600 singulis
753 1554 898 1589 fratribus
912 1555 1052 1589 eiusdem

305 1604 445 1645 Ordinis,
469 1605 658 1650 ubicumque
686 1603 798 1638 fuerint
821 1613 849 1638 et
881 1605 1053 1645 intererint,

306 1654 533 1700 cuiuscumque
555 1654 669 1700 gradus
699 1666 752 1687 seu
776 1654 964 1688 conditionis
987 1654 1055 1687 exi—

305 1711 404 1747 stant,
427 1703 510 1750 quod
540 1703 569 1737 in
607 1703 654 1737 liis
686 1702 833 1736 omnibus
866 1703 1053 1749 supradictis

304 1753 369 1786 suis
393 1753 534 1799 praelatis
562 1760 725 1787 teneantur
754 1752 881 1786 firmiter
903 1752 1029 1787 obedire
1046 1781 1053 1792 ,

304 1802 422 1836 scilicet
443 1802 576 1847 generali
602 1802 630 1836 in
660 1810 722 1835 toto
739 1800 870 1840 Ordine,
902 1802 1054 1836 ministris

307 1851 550 1896 provincialibus
577 1851 606 1885 in
642 1851 831 1897 provinciis,
867 1851 1053 1886 custodibus

306 1901 334 1933 in
357 1900 520 1941 custodiis,
542 1901 722 1947 guardianis
738 1901 765 1933 in
786 1900 1052 1946 guardianatibns,

305 1951 497 1996 caeterisque
521 1951 662 1996 praelatis
686 1951 715 1984 in
739 1950 788 1983 liis
810 1959 839 1983 et
866 1950 934 1984 aliis
961 1951 1052 1984 licitis

303 2008 332 2032 et
361 2000 517 2039 honestis,
546 2013 625 2046 quae
654 2012 714 2034 non
743 2008 816 2033 sunt
849 2009 954 2033 contra
977 2000 1052 2033 ani—

304 2062 384 2083 mam
407 2062 495 2083 suam
523 2058 553 2082 et
579 2049 717 2094 regulam
742 2049 815 2083 dicti
839 2049 976 2082 Ordinis
1012 2049 1051 2084 Et

302 2100 326 2131 si
355 2098 436 2144 quis,
458 2098 541 2145 quod
565 2098 663 2138 absit,
696 2098 933 2142 contrafecerit,
973 2099 1050 2133 trina

302 2148 515 2182 admonitione
550 2148 740 2194 praemissa,
776 2147 862 2182 sactis
900 2148 1048 2193 congruis

303 2197 490 2237 inwrvallis,
515 2206 705 2244 postquam,
733 2198 757 2231 si
787 2197 911 2231 rebellis
934 2206 962 2231 et
983 2198 1050 2231 ino-

302 2246 431 2281 bediens
450 2247 603 2286 extiterit,
630 2247 743 2281 carceri
768 2248 974 2293 mancipetur.

352 2297 383 2330 ln
407 2297 554 2331 omnibus
576 2305 677 2330 antem
703 2296 770 2330 aliis
793 2297 936 2339 statutis,
971 2309 1049 2331 con-

301 2347 527 2384 stitutionibus,
549 2345 798 2379 ordinationibus
821 2354 849 2379 et
871 2346 1050 2380 declaratio-

282 2388 393 2429 ¹nibus
421 2405 480 2430 tam
508 2395 711 2430 Summorum
739 2394 939 2435 Pontificum,
956 2408 1047 2442 quam

300 2446 430 2479 aliorum
473 2456 763 2491 quorumcumque,
804 2445 867 2479 sive
901 2445 938 2478 de
987 2458 1047 2479 non

301 2495 423 2529 edendo
438 2507 549 2529 carnes
568 2495 596 2528 in
621 2494 840 2528 festivitatibus
861 2494 1047 2538 Nativitatis,

300 2544 552 2578 Resurrectionis
579 2553 607 2577 et
632 2544 834 2578 Ascensionis
852 2543 1046 2584 Dominicae,

300 2593 511 2637 pentecostes,
538 2594 760 2639 Apostolorum
790 2593 871 2627 Petri
895 2602 923 2627 et
946 2593 1047 2636 Pauli,

299 2644 534 2690 Assumptiouis
553 2644 705 2689 gloriosae
723 2642 874 2689 Virginis,
897 2643 929 2677 S.
952 2642 1048 2677 Fran-

1735 261 1803 291 7¹47.

1102 323 1190 361 cisci,
1213 322 1247 355 S.
1271 323 1396 356 Antonii
1421 332 1449 357 et
1472 323 1504 357 S.
1529 323 1677 358 Ludovici
1701 324 1852 371 episcopi,

1104 371 1146 404 rel
1180 371 1433 418 quibuscumque
1447 372 1515 406 aliis
1532 373 1726 419 temporibus
1739 386 1793 419 per
1808 386 1854 408 re-

1102 421 1204 466 gulam
1222 421 1266 454 vel
1280 434 1333 467 per
1351 421 1520 456 Ecclesiam
1542 435 1602 456 non
1623 422 1852 468 proliibitis(l),

1102 471 1166 503 sive
1194 470 1231 503 de
1253 470 1508 517 quil›us‹·,tnnqne
1537 471 1604 506 aliis
1629 472 1657 505 in
1686 472 1754 506 aliis
1776 484 1852 506 con-

1102 519 1319 554 stitutionibus
1348 521 1468 566 positis,
1492 534 1570 567 quae
1599 534 1658 554 non
1687 530 1760 554 sunt
1779 534 1852 555 con-

1103 578 1145 603 tra
1183 570 1282 614 legem
1328 569 1382 603 Dei
1425 570 1469 603 vel
1502 578 1650 604 statutum
1693 570 1851 605 Ecclesiae

1101 619 1258 663 generale,
1287 618 1471 653 auctoritate
1497 620 1666 665 apostolica
1695 620 1850 666 dispensa-

1104 681 1183 702 mus.
1207 668 1359 701 Nolentes
1379 668 1514 715 aliquem
1542 668 1614 702 dicti
1649 667 1778 703 Ordinis
1812 682 1849 703 ex

1103 717 1267 763 praedictis
1277 717 1398 752 statutis
1409 730 1463 751 seu
1474 717 1760 761 constitutionibus,
1772 718 1851 752 ordi·

1103 766 1279 801 nationibus
1304 766 1349 800 vel
1378 766 1650 806 declarationibus,
1674 767 1712 800 de
1735 767 1850 814 quibus

1103 817 1131 850 in
1156 817 1203 850 liis
1227 815 1443 863 praesentibus
1466 829 1527 850 non
1552 816 1582 850 lit
1612 817 1741 858 mentio,
1765 829 1849 851 mor·

1103 867 1168 900 talis
1197 867 1313 912 peccati
1343 865 1466 900 vinculo
1506 865 1647 912 alligari,
1681 866 1738 900 nisi
1772 866 1848 900 tales

1101 924 1204 949 essent
1227 928 1316 950 casus
1333 915 1378 949 vel
1393 927 1553 954 excessus,
1570 915 1621 962 qni
1641 915 1744 948 divina
1768 915 1848 962 lege,

1101 977 1154 999 seu
1179 973 1392 1000 sacrosanctae
1418 964 1578 999 Romanae
1600 963 1760 999 Ecclesiae
1787 977 1849 1011 ge—

1103 1014 1196 1048 nerali
1219 1023 1344 1054 statuto,
1366 1014 1475 1048 merito
1499 1014 1681 1048 inducerent
1703 1014 1740 1047 ad
1765 1027 1848 1049 mor-

1101 1064 1169 1098 tale.
1187 1064 1224 1098 Et
1240 1064 1430 1110 ubicumque
1445 1064 1474 1097 in
1489 1063 1559 1098 aliis
1571 1063 1848 1098 constitutionibus

1100 1114 1239 1147 eiusdem
1272 1113 1412 1152 Ordinis,
1442 1112 1605 1160 papalibus
1639 1112 1683 1147 vel
1717 1125 1848 1158 genera—

1102 1162 1180 1196 libus
1196 1165 1239 1205 (2)
1256 1175 1352 1209 poena
1377 1162 1710 1196 excommunicationis
1744 1162 1846 1209 impo-

1101 1213 1195 1251 nitur,
1219 1220 1374 1258 quatenus
1401 1212 1430 1245 in
1451 1211 1541 1246 aliam
1570 1223 1700 1257 poenam
1725 1219 1849 1258 tempo-

1101 1261 1194 1295 ralem
1234 1261 1330 1296 valeat
1359 1261 1570 1300 commutari,
1605 1260 1732 1295 arbitrio
1759 1274 1849 1308 prae-

1099 1310 1268 1344 sidentium
1311 1322 1515 1344 reservamus.
1554 1309 1733 1351 Sententias
1778 1322 1848 1344 vero

1098 1359 1431 1393 excommunicationis
1452 1359 1527 1392 inibi
1542 1368 1714 1399 contentas,
1737 1367 1849 1393 aucto-

1098 1407 1185 1441 ritate
1201 1408 1332 1453 praefata
1348 1421 1385 1442 ex
1400 1421 1484 1442 nunc
1498 1407 1649 1450 tollimus,
1662 1408 1848 1442 remittimus

1097 1465 1125 1490 et
1151 1456 1302 1497 laxamus,
1323 1458 1351 1491 in
1367 1457 1558 1491 contrarium
1575 1456 1760 1491 facientibus
1784 1469 1845 1491 non

1096 1506 1294 1540 obstantibus
1321 1506 1584 1554 quibuscumque.

1146 1555 1306 1590 Praedicta
1323 1564 1428 1590 autem
1449 1564 1574 1600 statuta,
1592 1555 1844 1600 constitutiones,

1096 1605 1310 1640 ordinationes
1335 1619 1389 1640 sen
1414 1606 1641 1640 declarationes
1663 1613 1692 1639 et
1719 1617 1844 1640 revoca-

1096 1654 1197 1687 tiones
1219 1655 1363 1689 volnmus
1378 1654 1417 1689 ab
1439 1655 1586 1689 erunibus
1604 1663 1665 1688 tam
1690 1655 1842 1701 praelatis,

1095 1716 1188 1750 quam
1225 1705 1359 1739 subditis
1396 1704 1514 1750 integre
1556 1713 1586 1738 et
1624 1704 1842 1739 inviolabiliter

1095 1753 1264 1788 observari.
1292 1753 1477 1789 Mandantes
1502 1762 1531 1788 et
1554 1754 1692 1788 districte
1717 1755 1843 1801 praeci-

1096 1803 1217 1848 pientes
1239 1803 1388 1838 omnibus
1411 1803 1577 1850 praelatis,
1612 1812 1671 1837 tam
1706 1803 1842 1849 generali

1095 1861 1123 1886 et
1139 1853 1380 1899 provincialibus
1395 1853 1555 1892 ministris,
1570 1866 1661 1899 quam
1675 1853 1744 1887 aliis
1760 1865 1844 1900 prae-

1095 1901 1163 1936 latis
1185 1901 1315 1937 Ordinis
1341 1902 1608 1949 quibuscumque,
1632 1902 1714 1949 quod
1739 1904 1843 1937 omnia

1094 1962 1123 1985 et
1145 1952 1267 1997 singula
1301 1952 1478 1998 supradicta
1511 1961 1645 1995 servent,
1667 1960 1697 1985 et
1730 1951 1842 1986 faciant

1093 2000 1131 2034 ab
1153 2001 1301 2035 omnibus
1316 2001 1535 2035 inviolabiliter
1557 2000 1728 2036 observari.
1748 2000 1842 2043 Quod

1093 2050 1118 2084 si
1143 2051 1171 2083 in
1209 2051 1374 2097 praedictis
1402 2050 1515 2084 fuerint
1544 2051 1752 2096 negligentes,
1775 2051 1842 2098 ipso

1094 2099 1186 2144 facte,
1213 2101 1279 2134 suis
1301 2100 1408 2135 officiis
1435 2100 1495 2133 sint
1519 2100 1638 2147 privati.
1663 2099 1699 2134 Et
1724 2112 1762 2133 ne
1784 2099 1842 2134 ali-

1093 2149 1140 2182 cui
1175 2150 1353 2204 ignorantia
1387 2150 1425 2184 sit
1457 2150 1581 2184 occasio
1614 2149 1840 2195 delinquendi,

1092 2199 1151 2232 sub
1175 2199 1427 2233 interminatione
1449 2199 1543 2232 divini
1573 2198 1678 2233 iudicii
1710 2198 1840 2232 manda-

1093 2261 1162 2282 mus
1182 2249 1325 2294 praelatis
1344 2248 1520 2295 praedictis,
1543 2256 1697 2295 qnatenus
1722 2260 1756 2281 ca
1785 2260 1840 2295 per

1091 2297 1264 2345 quemlibet
1279 2307 1466 2332 contentum
1490 2307 1519 2331 et
1536 2298 1650 2339 locum,
1672 2297 1708 2331 ad
1734 2297 1838 2332 miuus

1091 2347 1187 2381 semel
1217 2360 1245 2380 tn
1271 2360 1389 2390 mensi,
1414 2348 1472 2393 legi
1502 2347 1612 2381 saciant
1635 2349 1690 2390 (5).

1139 2397 1202 2431 Has
1228 2405 1330 2430 autem
1351 2397 1610 2440 constitutiones,
1634 2396 1836 2430 reformatio-

1092 2459 1145 2481 nes
1180 2455 1209 2480 et
1246 2446 1475 2485 ordinationes,
1511 2458 1564 2493 per
1587 2458 1643 2479 nos
1674 2445 1821 2480 loannem

1868 272 1914 295 An.
1937 270 1964 295 (ἰ,
1982 270 2047 296 ΗιῧΟ

1873 1561 1901 1582 De
1917 1563 1974 1582 liis-re
1989 1570 2042 1583 con-

1859 1595 1983 1614 stitutionib.
2002 1594 2041 1614 ola-

1858 1626 1973 1645 servandis-

1865 2393 1922 2420 Quae
1946 2399 2033 2422 propte-

1850 2427 1887 2441 rea
1902 2423 1920 2441 in
1939 2428 2024 2447 genera
2020 2423 2032 2441 'i

1850 2453 1886 2474 cap
1889 2448 1940 2468 ¹tul0
1964 2449 2017 2469 tect·
2022 2455 2032 2468 e

1826 2473 1834 2487 ³
1849 2477 1871 2494 et
1912 2475 2032 2500 publicatae

1089 2496 1172 2531 card.
1197 2496 1329 2541 legatum
1346 2505 1375 2530 et
1391 2496 1624 2530 reformatorem
1651 2495 1834 2542 praefatum,
1848 2499 1940 2521 ‘uerum

1124 2575 1271 2610 (1)Wadd.
1286 2575 1326 2600 liic
1337 2575 1442 2601 addite!
1458 2577 1569 2600 ieiuniis.
1609 2574 1649 2609 (2)
1660 2574 1759 2601 Wadd.
1773 2574 1832 2609 tegit

1086 2617 1224 2648 papalibus
1243 2617 1279 2640 vel
1290 2617 1512 2641 conventualibus.
1552 2614 1701 2648 (5)Wadd.
1722 2614 1762 2640 hic
1782 2615 1833 2641 ad-

1088 2655 1143 2681 dit:
1162 2659 1185 2681 et
1204 2657 1402 2687 intelliqibi'liler
1417 2657 1560 2687 ‹liudwit-i.
