2274 3265
111 270 159 297 An.
178 270 204 296 C.
226 271 287 300 lQSt

143 1453 256 1479 Gregorius
272 1453 287 1473 Χ

103 1485 164 1505 iussit
179 1485 287 1505 examina-

103 1515 120 1534 ri
144 1513 165 1534 B.
189 1512 286 1535 Ludovici

103 1546 209 1566 miracuta.

933 265 1096 288 MAnTths
1117 265 1150 286 iv
1173 264 1220 286 rr.
1749 253 1793 283 553

305 324 519 360 Dedicationis
553 324 698 358 basilicae
726 321 881 369 Principis
900 321 1053 367 Apostol.

307 383 392 422 pont.
422 374 517 409 nostri
540 385 623 408 anno
647 374 757 419 primo.

341 436 401 466 Dat.
418 436 464 466 die
481 436 517 465 18
533 434 697 465 novembris
719 433 800 469 128¹,
816 436 893 471 pont.
909 441 985 461 anno
1002 441 1020 461 ι.

652 604 703 639 lv.

307 689 484 722 commissio
508 687 651 730 deleqatis
682 686 856 730 apostolicis
883 696 971 729 snper
996 686 1052 717 in-

353 738 515 784 quisitione
546 737 768 769 miraculorum
794 736 876 768 beati
907 735 1054 768 Ludovici

351 789 429 832 reyis
455 787 605 820 Franciae
632 787 693 827 (sl).

572 862 785 894 SUMMARIUM

304 925 461 966 Gregorius
492 925 513 954 X
540 925 626 955 iussit
655 923 814 954 examinari
851 923 879 952 Β.
916 923 1051 953 Ludovici

343 971 494 1001 miracula.
516 988 554 992 —
581 969 719 999 Nicolaus
742 968 777 998 ΙΙΙ
796 969 950 999 committit.
976 969 1051 998 idem

343 1016 490 1055 negotium
510 1016 604 1052 legato
623 1014 783 1049 Gallicano,
801 1013 849 1052 qui
871 1017 984 1042 creatus
1011 1018 1053 1042 est

342 1059 482 1089 Martinus
501 1058 544 1088 lV.
562 1075 600 1080 —
618 1057 755 1097 Episcopi
784 1056 927 1087 Gallicani
953 1062 1053 1096 postu-

344 1105 404 1134 lant
421 1103 450 1133 B.
469 1104 645 1134 Ludovicum
666 1102 842 1132 canonizari.
857 1119 897 1124 —
911 1102 1051 1131 Commit-

343 1149 413 1178 titur
435 1148 575 1186 delegatis
603 1146 774 1186 apostolicis
798 1155 870 1175 nova
891 1145 1053 1184 inquisitio.

303 1224 438 1253 Bai-tinus
461 1222 603 1258 episcopus
623 1228 718 1249 servus
738 1227 876 1249 servorum
898 1220 953 1253 Dei.
973 1227 1053 1248 vene-

346 1271 477 1300 rabilibus
501 1271 638 1299 fratribus
683 1269 884 1304 archiepiscopo
908 1269 1054 1297 hathuma-

346 1328 418 1357 geu..
439 1322 469 1349 et
478 1320 673 1349 Autisiodoren.
687 1319 716 1346 et
731 1317 867 1353 spoletan.
888 1317 1030 1353 episcopis.

351 1392 511 1427 intellecto
543 1391 663 1425 dudum
697 1390 795 1424 felicis
828 1390 1052 1425 recordationis

301 1443 475 1489 Gregorius
492 1441 574 1487 Papa
594 1439 816 1494 praedecessor
833 1448 951 1478 noster,
967 1441 1050 1486 qnod

301 1494 502 1540 omnipotens
528 1490 696 1529 Dominus
725 1501 778 1535 qui
803 1489 873 1523 tacit
898 1490 1051 1524 mirabilia

301 1554 412 1588 magna
441 1542 539 1583 solus,
565 1539 694 1586 grandia
716 1547 747 1573 et
773 1547 877 1585 aperta
901 1539 1051 1574 miracula

300 1604 356 1639 pro
374 1591 474 1626 clarae
492 1590 663 1625 memoriae
681 1588 844 1623 Ludovico
861 1601 934 1635 rege
957 1588 1053 1623 Fian-

299 1642 366 1676 eiae
393 1640 538 1681 faciebat,
565 1639 674 1683 voluit,
690 1650 949 1692 praesupponens
974 1638 1050 1673 vitae

300 1691 401 1738 ipsius
427 1689 578 1724 Ludovici
602 1689 660 1723 sibi
690 1697 794 1723 notam
818 1688 953 1723 existere
976 1700 1051 1722 san-

298 1740 449 1785 ctitatem,
476 1749 507 1774 ut
535 1739 574 1774 de
598 1737 780 1773 huiusmodi
811 1737 969 1772 miraculis
996 1750 1051 1784 per

299 1790 464 1826 cuiusdam
496 1797 634 1824 secretae
666 1787 874 1833 indagationis
907 1787 1050 1832 modum,

300 1853 356 1876 uos
389 1850 465 1876 tunc
494 1841 524 1874 iu
547 1839 660 1874 minori
690 1839 849 1874 constituti
874 1838 986 1882 officio,
1019 1847 1048 1873 et

297 1893 461 1940 legationis
498 1892 663 1937 fungentes
698 1890 803 1925 officio
841 1890 869 1923 in
909 1889 1050 1936 partibus

298 1944 489 1986 Gallicanis,
528 1955 670 1980 nostrum
705 1945 948 1980 informaremus
982 1945 1051 1980 ani-

299 2009 385 2032 mum
408 1996 467 2031 sibi
491 1996 692 2044 postmodum
716 1995 967 2030 informationem
996 1996 1052 2030 hn-

299 2047 432 2082 iusmodi
457 2047 680 2081 transmissuri.
701 2046 807 2088 Quare
825 2058 881 2081 nos
904 2045 943 2080 de
967 2058 1050 2093 prae-

299 2096 390 2132 dictis
417 2097 574 2132 miraculis
603 2097 802 2143 indagantes,
834 2108 869 2130 ac
904 2096 942 2129 de
976 2096 1051 2142 ipsis

299 2147 425 2194 plenius
453 2147 623 2191 informati,
651 2146 788 2193 praefato
817 2145 1049 2192 praedecessori

300 2206 436 2232 nostram
468 2210 563 2244 super
590 2197 649 2231 hoc
684 2196 934 2230 informationem
958 2196 1050 2230 (luxi-

300 2258 371 2281 mus
396 2247 548 2281 destinati
543 2247 624 2287 lam,
657 2258 738 2293 quae
760 2246 796 2280 ad
834 2246 950 2301 ipsum,
978 2258 1048 2281 cum

299 2307 398 2331 morte
418 2296 526 2331 fuisset
550 2304 749 2343 praeventus
769 2308 830 2330 non
855 2296 955 2342 potuit
978 2308 1050 2351 per-

298 2347 415 2381 venire.
438 2345 637 2381 Succedente
660 2355 763 2381 autem
789 2346 856 2392 piae
876 2346 1049 2380 memoriae

298 2396 482 2431 Innocentio
516 2396 619 2442 Papa,
657 2396 895 2443 praedecessore
930 2402 1048 2439 nostro,

299 2445 454 2493 Gregorio
472 2446 654 2493 praelibato,
675 2458 730 2480 nos
748 2445 850 2480 eidem
866 2445 1049 2480 Innocentio

300 2496 489 2543 praedictam
519 2496 771 2530 informationem
800 2496 979 2530 curavimus
1002 2496 1050 2529 in-

301 2545 427 2580 timare:
456 2545 624 2593 quo,sieut
645 2545 781 2579 Domino
802 2545 928 2592 placuit,
956 2545 1049 2580 rebus

301 2595 447 2630 humanis
474 2603 630 2641 exempto,
665 2594 846 2629 huiusmodi
883 2607 1049 2641 processus

334 2666 374 2702 (l)
389 2666 428 2693 Ex
448 2666 610 2701 Waddingo,
627 2666 658 2693 ad
679 2673 777 2693 annum
799 2665 878 2698 ¹281,
897 2665 913 2701 S
930 2674 966 2692 iv.

1096 320 1210 366 negotii
1243 320 1341 353 extitit
1382 321 1571 354 retardatus:
1610 318 1677 365 piac
1717 331 1843 366 quoquc

1096 368 1264 403 nie-moriae
1283 369 1387 403 loanni
1408 369 1511 416 Papae
1535 368 1766 416 praedecessori
1790 380 1844 403 no-

1095 427 1158 453 stro
1197 418 1446 452 informationem
1483 418 1656 453 direximus
1694 418 1843 466 supradi-

1094 476 1187 509 ctam,
1215 467 1267 514 qui
1297 468 1478 514 priusquam
1506 480 1600 514 super
1631 468 1690 502 boc
1724 467 1841 515 aliquid

1094 518 1264 556 ordinaret,
1292 517 1375 552 diem
1398 517 1508 552 clausit
1529 525 1716 552 extremum.
1740 516 1844 552 Cum-

1094 580 1155 614 que
1180 567 1380 614 postmodum
1409 567 1509 601 lelicis
1536 567 1759 602 recordationis
1786 567 1842 601 Ni-

1094 617 1182 652 colao
1214 617 1317 664 Papae
1346 616 1577 663 praedecessori
1614 624 1719 651 nostro
1746 617 1843 651 insor—

1095 667 1262 701 mationem
1294 666 1492 701 misissemus
1518 666 1677 705 eamdem,
1706 673 1736 700 et
1763 666 1843 700 cha-

1096 717 1241 751 rissimns
1270 716 1298 749 in
1328 714 1454 750 Christo
1477 715 1560 749 fitius
1582 723 1689 749 noster
1715 715 1844 761 Philip-

1097 778 1154 811 pus
1177 778 1229 800 rex
1258 765 1455 800 Francorum
1478 764 1608 799 illustris
1629 764 1667 799 ab
1695 765 1764 812 ipso
1786 764 1842 798 Ni-

1095 817 1183 850 colao
1217 815 1470 870 praedecessore,
1488 814 1685 849 solemnibus
1719 823 1845 860 propter

1096 865 1154 899 boc
1186 866 1223 900 ad
1251 877 1324 900 eum
1353 864 1472 899 nuntiis
1494 864 1668 905 destinatis,
1695 875 1767 898 cum
1797 864 1845 898 in-

1094 915 1207 949 stantia
1245 914 1445 968 postulasset,
1478 922 1512 948 ut
1540 913 1654 949 faceret
1686 913 1724 948 ad
1748 912 1845 948 mira-

1095 965 1236 999 culorum
1273 973 1303 998 et
1337 963 1521 998 meritorum
1559 963 1657 1010 ipsius
1692 962 1843 998 Ludovici

1096 1015 1178 1059 regis
1223 1014 1380 1059 publicam
1418 1012 1654 1060 inquisitionem
1699 1012 1843 1059 procedi

1097 1063 1253 1108 praefatus
1274 1063 1423 1098 Nicotaus
1444 1062 1669 1109 praedeeessor
1685 1062 1765 1096 scire
1787 1074 1842 1096 vo-

1096 1113 1162 1147 lens
1194 1125 1288 1167 super
1315 1113 1374 1146 boc
1402 1111 1525 1157 plenius
1547 1112 1720 1149 veritatem,
1752 1110 1842 1146 uobis

1858 262 1906 287 Αη.
1925 261 1951 286 C.
1973 261 2033 287 ¹281

1898 1073 1994 1095 amians
2012 1073 2038 1093 lll

1857 1106 1967 1125 committit
1985 1105 2039 1125 idern

1856 1138 1927 1162 negoti
1930 1143 1961 1156 um
1972 1136 2040 1162 tegata

1095 1162 1223 1196 adbuc
1218 1175 1247 1196 m
1265 1162 1406 1209 partibus
1420 1161 1626 1196 existentibus
1639 1160 1840 1207 supradietis
1855 1167 1979 1191 G³¹¹ic³u⁰
2006 1174 2039 1194 ἰω

1857 1201 1940 1219 creatu·
1951 1197 2040 1219 estuar-

1096 1224 1151 1257 pei
1185 1224 1257 1246 suas
1291 1211 1350 1245 sub
1384 1218 1465 1245 certa
1494 1210 1591 1245 forma
1618 1210 1706 1245 dedit
1726 1209 1843 1244 litteras
1857 1231 1913 1250 ..nm
1928 1228 1962 1249 n

1096 1262 1125 1294 in
1156 1260 1323 1301 mandatis,
1351 1269 1384 1294 ut
1415 1259 1569 1307 quidquid
1597 1259 1636 1294 de
1665 1259 1843 1306 praemissis

1095 1318 1124 1344 et
1165 1309 1408 1344 circumstantiis
1447 1309 1650 1349 eorumdem,
1690 1320 1726 1343 ac
1762 1308 1842 1348 aliis,

1094 1372 1175 1406 quae
1206 1371 1261 1406 pro
1290 1359 1349 1393 iam
1377 1358 1460 1393 dicto
1488 1358 1649 1393 Ludovico
1676 1370 1750 1404 rege
1781 1358 1843 1392 vir-

1095 1418 1196 1443 tutum
1234 1408 1388 1443 Dominus
1415 1408 1600 1442 miraculose
1636 1407 1734 1442 fuerat
1766 1419 1844 1453 ope-

1094 1467 1190 1497 ratus,
1214 1470 1270 1492 nos
1292 1458 1321 1491 in
1346 1457 1435 1504 plena
1464 1458 1659 1503 contingeret
1681 1456 1844 1503 percipere

1095 1509 1233 1545 veritate,
1263 1507 1345 1542 clare
1369 1515 1399 1542 et
1428 1507 1576 1541 distincte
1607 1519 1661 1553 per
1687 1507 1792 1541 omnia
1814 1518 1841 1540 ei

1093 1557 1243 1593 seriosius
1271 1557 1409 1592 scribere
1435 1568 1630 1597 curaremus,
1658 1564 1692 1590 ut
1719 1555 1844 1591 relatio·

1095 1608 1188 1642 nibus
1211 1607 1325 1642 nostris
1352 1606 1514 1641 evidenter
1560 1618 1596 1641 ac
1622 1605 1741 1641 seriose
1777 1617 1844 1652 per-

1093 1658 1204 1704 ceptis,
1224 1656 1358 1691 lucidius
1376 1664 1535 1703 appareat,
1558 1655 1635 1702 quid
1659 1655 1689 1689 iu
1712 1654 1748 1689 iis
1771 1666 1843 1702 pro—

1094 1707 1264 1742 videndum
1292 1706 1451 1747 existeret,
1473 1717 1509 1740 ac
1536 1706 1566 1740 in
1596 1714 1757 1752 posterum
1782 1717 1843 1739 res-

1093 1756 1310 1803 pondendum.
1337 1755 1429 1790 Unde
1454 1768 1521 1799 nos,
1548 1754 1729 1790 huiusmodi
1755 1765 1841 1789 rece-

1094 1807 1153 1853 ptis
1176 1805 1485 1851 litteris,diligenter
1511 1805 1721 1851 processimus
1747 1816 1843 1849 super

1095 1857 1143 1896 iis,
1179 1864 1208 1889 et
1234 1868 1313 1902 quae
1349 1855 1542 1893 invenimus,
1580 1854 1680 1888 eidem
1716 1853 1843 1888 Nicolao

1093 1905 1326 1953 praedecessori
1366 1904 1490 1952 plenius
1524 1912 1554 1938 et
1581 1904 1721 1951 apertius
1744 1903 1844 1938 duxi-

1093 1968 1164 1990 mus
1187 1955 1370 1989 intimauda.
1399 1955 1462 1996 Qui
1486 1954 1667 1988 huiusmodi
1692 1966 1840 2001 processu

1095 2014 1200 2040 nostro
1223 2013 1363 2051 recepto,
1388 2004 1474 2039 illum
1498 2003 1667 2038 venerabili
1696 2003 1781 2038 fratri
1801 2002 1840 2037 G.

1093 2055 1241 2102 episcopo
1263 2054 1413 2090 Sabinen.
1442 2062 1516 2088 tunc
1539 2053 1597 2088 Xll
1617 2053 1840 2100 Apostolorum

1094 2105 1286 2152 presbytero,
1309 2114 1338 2139 et
1360 2104 1473 2138 dilecto
1497 2103 1560 2137 filio
1583 2111 1689 2138 nostro
1717 2102 1739 2137 l.
1761 2102 1842 2137 San-

1093 2156 1130 2189 cti
1154 2154 1313 2189 Eustachii
1337 2154 1482 2197 diacono,
1494 2152 1715 2192 cardinalibus,
1730 2152 1842 2186 discu-

1093 2205 1232 2240 tiendum
1269 2204 1442 2241 commisit:
1479 2202 1533 2238 sed
1569 2202 1678 2237 eodem
1714 2201 1841 2237 Nicolao

1094 2255 1335 2302 praedecessore
1351 2261 1457 2288 nostro
1473 2261 1601 2287 naturae
1615 2251 1756 2286 debitum
1773 2263 1839 2306 per-

1092 2305 1244 2346 solvente,
1269 2303 1399 2338 ulterius
1427 2314 1609 2349 processum
1646 2313 1707 2335 non
1741 2301 1839 2335 extitit

1094 2355 1123 2388 in
1148 2354 1272 2400 negotio
1300 2352 1489 2399 supradicto.
1520 2351 1617 2386 Porro
1647 2350 1839 2385 venerabiles

1092 2404 1202 2439 fratres
1228 2402 1324 2438 nostri
1346 2402 1379 2436 S.
1403 2401 1572 2437 Carnoten.
1596 2408 1626 2435 et
1648 2399 1686 2434 G.
1710 2399 1840 2434 Ambia-

1092 2466 1165 2488 nen.
1193 2452 1335 2500 episcopi
1370 2463 1470 2498 nuper
1500 2450 1539 2485 ad
1574 2458 1710 2484 nostram
1748 2462 1840 2496 prae-

1091 2503 1221 2538 sentiam
1249 2501 1445 2543 aecedenteS,
1464 2513 1501 2535 ex
1524 2498 1747 2535 venerabilium
1778 2499 1834 2534 fra-

1091 2561 1171 2588 trum
1200 2561 1377 2587 nostrorum
1408 2550 1555 2591 Remen.,
1585 2549 1780 2585 Senoneusis
1811 2556 1840 2584 et

1091 2602 1286 2638 Turonensis
1307 2578 1628 2647 arcliiepiscopoium,
1663 2611 1699 2634 ac
1727 2611 1840 2647 quam-

1092 2653 1229 2700 plurium
1253 2651 1521 2697 suffraganeorum
1541 2661 1682 2691 suorum,
1704 2661 1740 2684 ac
1761 2650 1839 2684 alio-
