2274 3265
259 282 309 307 Λη.
328 282 356 306 C.
376 280 438 306 129¹

511 271 579 302 114

459 334 625 367 sericordia
645 343 673 367 et
696 334 753 368 Bb.
778 334 861 368 Petri
883 341 913 368 et
952 334 1041 368 Pauli
1081 342 1206 381 aposto-

460 383 558 417 lorum
582 384 662 425 eius,
698 384 879 418 anctoritate
908 384 1030 424 conlisi,
1073 392 1102 418 et
1143 383 1204 424 illa,

458 446 549 478 qnam
575 433 676 472 nobis,
706 433 775 467 licet
799 433 946 479 indignis,
969 431 1055 468 Deus
1079 434 1144 480 ipse
1168 433 1205 467 li-

457 482 549 526 gandi
573 491 601 516 et
624 482 764 517 solvendi
784 483 927 524 contulit,
952 491 1113 530 potestate
1141 495 1206 517 om-

457 531 563 586 nibus,
601 532 654 579 qui
695 533 796 567 vexilli
837 533 984 567 dominici
1026 532 1204 567 charactere

457 581 609 626 insigniti,
635 583 839 628 person-iliter
865 582 999 629 propriis
1028 581 1205 627 sumptibus

458 632 487 664 in
514 631 690 678 praedictae
712 631 827 666 Terrae
851 632 1028 665 subsidium
1050 631 1201 678 prolicisci

457 681 647 724 curaverint,
671 682 792 728 plenam
816 694 945 716 suorum
973 681 1203 727 peccaminum,

457 730 495 763 tle
522 731 638 777 quibus
666 732 814 766 veraciter
851 731 965 765 suerint
1000 731 1094 764 corde
1124 742 1203 763 con-

458 780 518 813 triti
559 789 587 815 et
603 793 655 814 ore
678 781 825 820 confessi,
849 780 969 814 veniam
992 780 1202 825 indulgemus,

455 838 482 863 et
508 830 537 863 in
567 830 766 864 retributione
790 831 941 864 iustorum
965 829 1074 863 salutis
1101 836 1203 862 aeter-

456 891 513 913 nae
541 879 725 925 pollicemur
746 887 983 925 augumentum.
1014 878 1068 912 Eis
1086 886 1201 919 antem,

455 929 508 974 qni
537 929 607 963 licet
630 929 659 963 in
688 929 798 963 alienis
821 929 978 975 expensis,
1008 929 1037 962 iu
1068 927 1202 974 propriis

455 986 557 1012 tamen
582 978 654 1012 illuc
682 979 825 1025 personis
852 978 1050 1021 accesserint,
1078 985 1107 1011 et
1142 977 1203 1010 illis

454 1028 609 1067 similiter,
637 1030 689 1074 qni
719 1029 801 1062 iuxta
824 1028 1006 1075 qualitatem
1039 1036 1068 1061 et
1103 1026 1202 1061 sacul-

455 1086 547 1111 tatem
576 1089 678 1118 suam,
703 1090 852 1125 personas
875 1077 1004 1112 idoneas
1027 1078 1057 1111 in
1081 1089 1200 1123 expen-

453 1128 496 1161 sis
518 1127 653 1182 propriis
675 1127 889 1168 destinabunt,
912 1128 1056 1174 quamvis
1091 1138 1199 1173 perso-

454 1176 592 1211 naliter
587 1190 645 1223 ipsi
674 1189 734 1211 non
760 1177 883 1217 vadant,
906 1178 1030 1224 plenam
1069 1188 1198 1211 snorum

452 1227 655 1261 c.›ncedimus
678 1227 799 1261 veniam
832 1235 1044 1274 peccatorum.
1087 1225 1200 1260 Huius-

453 1276 535 1310 modi
558 1289 684 1323 quoqne
707 1277 900 1310 remissionis
918 1286 949 1311 et
988 1275 1199 1321 indulgentiae

454 1325 598 1360 iolnmus
620 1335 650 1360 et
676 1327 882 1360 concedimus
904 1338 974 1360 esse
1009 1326 1198 1373 participes,

453 1376 534 1410 iuxta
556 1376 761 1422 quantitatem
790 1375 922 1410 subsidii
959 1384 989 1410 et
1023 1375 1198 1410 devotionis

451 1425 611 1469 affectum,
634 1438 701 1466 cos,
728 1426 781 1472 qui
805 1426 877 1460 licet
904 1438 965 1460 non
994 1426 1081 1459 iuxta
1120 1438 1198 1472 qua-

450 1475 564 1509 litatem
593 1484 623 1510 et
650 1475 828 1510 facultatem
852 1488 952 1519 suam,
981 1475 1115 1522 aliquem
1153 1483 1197 1509 ta-

449 1537 531 1565 men,
554 1537 607 1559 seu
633 1524 752 1571 aliquas
776 1537 936 1572 personas,
960 1524 989 1558 in
1017 1524 1195 1560 subsidium

446 1575 545 1608 «lictae
569 1574 683 1609 Terrae
706 1575 839 1621 propriis
863 1574 1043 1621 sumptibus
1058 1574 1196 1609 destina-

447 1624 541 1667 bnnt,
578 1625 622 1658 vel
667 1624 705 1658 de
748 1625 813 1659 suis
847 1624 1073 1671 temporalibus
1106 1624 1196 1659 bonis

445 1674 646 1708 contribuerit
668 1674 704 1707 ad
733 1674 854 1721 aliquas
876 1674 1088 1708 destinandas.
1113 1674 1196 1709 Nec·

447 1736 508 1757 non
533 1736 655 1767 omnes,
679 1724 731 1770 qui
756 1724 792 1758 ad
822 1725 1060 1758 subventionem
1098 1724 1196 1770 ipsius

444 1772 571 1813 Terrae,
594 1773 632 1807 de
657 1774 747 1807 bonis
770 1774 888 1808 eisdem
909 1775 1012 1820 aliqua
1035 1774 1195 1808 ministra—

446 1822 536 1866 bunt,
560 1831 651 1869 prout
672 1823 807 1869 singulis
828 1823 933 1858 divina
966 1823 1059 1858 fuerit
1090 1824 1195 1870 inspi-

447 1873 564 1906 ratione
587 1882 786 1919 suggestum,
814 1881 865 1907 ant
893 1874 966 1907 alias
994 1874 1031 1907 ad
1066 1886 1193 1920 promo-

445 1923 560 1956 tionem
605 1923 768 1969 praemissi
804 1923 918 1969 negotii
958 1922 1125 1957 consilium
1165 1932 1195 1958 et

444 1972 597 2005 auxilium
623 1972 835 2018 impenderint
856 1980 1080 2020 opportunum.
1096 1972 1194 2007 Porro

444 2022 469 2055 si
498 2021 575 2055 forte
602 2023 725 2068 aliquos
756 2034 877 2066 eorum,
916 2023 969 2068 qui
1009 2034 1103 2057 cruce
1139 2035 1194 2056 sn-

444 2081 548 2116 scepta
585 2076 614 2105 in
651 2072 710 2106 iam
751 2072 869 2107 dictum
906 2071 1021 2107 Terrae
1059 2071 1193 2107 Sanctae

444 2120 621 2155 subsidium
670 2121 889 2168 proficiscendi
933 2122 1069 2156 laborem
1118 2122 1193 2156 sub-

445 2171 548 2210 ierint,
576 2179 645 2218 post
668 2180 825 2219 arreptum
855 2172 911 2205 iter
933 2171 1128 2212 huiusmodi,
1151 2185 1192 2207 ex

445 2220 501 2254 liae
524 2221 594 2255 luce
617 2221 751 2267 migrare
773 2222 951 2268 contigerit,
976 2222 1059 2268 ipsos
1083 2221 1193 2256 nibilo-

444 2271 552 2305 minus
576 2271 667 2318 plene
696 2272 856 2318 percipere
901 2271 1046 2306 vnlnmus
1087 2272 1193 2306 indul-

444 2321 578 2365 gentiam
623 2321 834 2367 praelibatam.
873 2322 1028 2356 Personas
1054 2333 1192 2369 qnoque,

445 2370 578 2405 l'amilias
606 2379 636 2405 et
657 2371 738 2406 hona
762 2384 883 2412 eornm,
906 2383 986 2419 quos
1016 2371 1055 2406 ad
1092 2380 1193 2406 trans—

444 2420 618 2455 fretandum
649 2421 868 2467 personaliter,
892 2422 936 2456 vel
955 2422 1042 2456 iuxta
1065 2422 1192 2467 quanti-

445 2477 537 2504 tatem
565 2479 596 2504 et
619 2471 795 2505 facultatem
824 2483 925 2514 suam,
954 2483 1104 2518 personas
1124 2472 1192 2505 ido—

445 2532 518 2554 neas
560 2521 747 2560 destinandi,
775 2529 879 2556 votum
915 2531 1091 2567 assumptae
1130 2521 1189 2555 iam

444 2570 546 2603 crucis
572 2570 750 2616 adstringit,
793 2583 833 2606 ex
876 2583 971 2612 nune,
1008 2582 1087 2617 qnos
1119 2583 1190 2604 vero

444 2620 662 2665 suscipiendae
708 2621 812 2655 crucis
847 2621 885 2655 de
919 2629 1042 2655 caetero
1083 2628 1188 2654 votum

444 2668 591 2714 obligavit
619 2670 655 2704 ad
681 2670 775 2709 idem,
803 2684 818 2705 a
838 2670 888 2705 die
910 2683 971 2717 qna
995 2670 1095 2706 taliter
1118 2682 1189 2705 cru—

1034 280 1218 302 uolitantum
1248 280 1407 303 ttOMANUM

1245 346 1311 368 cem
1341 334 1579 380 assumpserint,
1608 333 1668 367 snb
1690 333 1726 367 B.
1750 333 1833 367 Petri
1860 341 1889 368 et
1929 346 1993 369 no-

1245 392 1306 418 stra
1351 383 1544 429 protectione
1578 382 1783 429 suscipimns3
1820 391 1993 419 statuentes

1246 442 1277 467 ut
1304 433 1364 467 sul)
1385 432 1643 467 dioecesanorum
1666 431 1848 467 defensione
1862 445 1991 468 snorum

1246 483 1430 517 consistant.
1459 482 1550 523 Quod
1579 483 1603 516 si
1632 494 1687 516 eos
1714 482 1809 528 aliqui
1853 482 1993 518 indebite

1247 532 1411 566 molestare
1435 531 1714 578 praesumpserint,
1745 543 1800 578 per
1831 531 1992 567 dioecesa—

1245 593 1302 615 nos
1324 581 1477 625 locorum,
1501 582 1530 615 in
1558 581 1675 628 quibus
1712 581 1805 615 iidem
1841 581 1992 617 molesta—

1245 638 1327 665 tores
1343 630 1471 672 fuerint,
1486 644 1540 678 per
1552 643 1717 666 censuram
1733 631 1991 676 ecclesiasticam,

1243 680 1453 726 appellatione
1473 680 1655 728 postposita,
1672 688 1933 736 compescantur.

1292 730 1363 776 55.
1412 730 1576 765 Praeterea
1620 731 1698 778 ipsis
1738 731 1790 776 qni
1831 730 1991 777 praedicto

1244 778 1338 813 modo
1365 791 1489 814 crucem
1519 781 1562 814 vel
1591 780 1650 814 iam
1673 780 1903 826 assumpserint
1942 780 1989 815 vel

1242 837 1404 862 assument
1420 829 1449 862 in
1471 838 1643 875 posterum,
1659 830 1869 875 indulgemus,
1886 838 1918 864 ut
1936 843 1991 877 per

1243 877 1338 912 Sedis
1360 878 1560 924 Apostolicae
1584 879 1699 919 literas,
1731 879 1776 914 vel
1814 880 1988 926 legatorum

1242 927 1310 961 eius
1332 928 1402 970 (nisi
1427 927 1505 962 sorte
1529 928 1599 963 illae
1614 941 1694 975 qnae
1717 929 1755 963 ab
1783 929 1891 964 eadem
1907 929 1990 965 Sede

1242 976 1387 1011 obtentae
1415 977 1540 1022 fuerint,
1564 978 1685 1024 plenam
1708 978 1747 1013 de
1774 978 1896 1014 indulto
1928 980 1990 1013 bu-

1243 1026 1377 1060 iusmodi
1406 1026 1533 1061 fecerint
1557 1027 1760 1070 mentionem)
1793 1036 1881 1064 extra
1917 1042 1990 1064 snas

1242 1076 1404 1111 dioeceses
1426 1089 1487 1111 non
1517 1076 1638 1111 valeant
1676 1079 1853 1119 conveniri,
1894 1078 1990 1113 dum-

1243 1126 1336 1160 modo
1360 1127 1456 1173 parati
1480 1127 1615 1161 existant
1638 1139 1743 1162 coram
1768 1128 1833 1162 suis
1868 1128 1988 1163 ordina-

1242 1176 1295 1210 riis
1317 1176 1354 1210 de
1378 1189 1411 1211 se
1430 1176 1667 1224 querelantibus
1683 1177 1886 1223 respondere,
1908 1190 1988 1224 quos

1241 1238 1295 1272 per
1321 1226 1450 1261 eosdem
1477 1225 1653 1261 ordinarios
1679 1227 1888 1261 ecclesiastica
1911 1240 1989 1262 cen-

1240 1287 1312 1309 sura
1335 1275 1477 1319 desendi,
1503 1285 1645 1310 cessante
1680 1276 1897 1322 appellationis
1930 1277 1989 1311 ob-

1239 1326 1370 1370 staculo,
1406 1325 1552 1359 volumus
1593 1326 1632 1360 ab
1672 1326 1722 1369 iis,
1764 1326 1816 1373 qui
1857 1326 1986 1361 eosdem

1238 1383 1346 1409 contra
1392 1375 1547 1409 indultum
1589 1375 1771 1410 huiusmodi
1822 1387 1988 1423 praesum-

1239 1424 1359 1470 pserint
1382 1432 1499 1459 temere
1522 1424 1699 1460 molestare.

1287 1474 1360 1521 §6
1388 1473 1421 1508 Si
1444 1474 1495 1521 qui
1526 1487 1597 1509 vero
1637 1475 1775 1521 ipsorum
1817 1474 1854 1508 ad
1895 1487 1987 1521 prae—

1237 1523 1364 1558 standas
1387 1536 1497 1558 usuras
1520 1524 1694 1558 iuramento
1730 1532 1894 1558 teneantur
1928 1524 1985 1559 ad-

1237 1573 1350 1614 stricti,
1373 1573 1544 1608 creditores
1562 1586 1672 1608 eorum
1703 1586 1760 1620 per
1781 1573 1985 1609 dioecesanos

1237 1635 1310 1657 snos
1333 1635 1466 1658 censura
1488 1623 1582 1658 simili
1606 1622 1847 1671 compellantur,
1870 1631 1903 1658 ut
1930 1624 1986 1658 iu—

1238 1681 1414 1707 ramentum
1439 1673 1621 1707 buinsmodi
1645 1674 1770 1720 penitus
1797 1671 1985 1715 relaxantes,

1235 1722 1273 1756 ab
1296 1735 1409 1757 usurae
1452 1723 1585 1758 ulterius
1623 1724 1785 1758 exactione
1821 1722 1984 1758 desistant.

1235 1772 1269 1806 Si
1296 1780 1401 1806 autem
1424 1773 1520 1820 aliqui
1542 1773 1745 1815 creditorum,
1769 1784 1822 1807 eos
1849 1785 1886 1807 ex
1910 1780 1984 1808 tunc

1235 1821 1271 1856 ad
1295 1822 1484 1857 solutionem
1507 1824 1666 1869 coegerint
1695 1835 1871 1866 usurarum,
1900 1823 1986 1870 ipsos

1235 1872 1271 1905 ad
1310 1873 1539 1907 restitutionem
1580 1873 1717 1920 ipsarum
1758 1884 1813 1919 per
1853 1872 1983 1907 eosdem

1234 1921 1439 1957 dioecesanos
1470 1922 1563 1957 simili
1609 1922 1753 1957 volumus
1789 1922 1984 1957 districtione

1234 1972 1394 2018 compelli.
1418 1972 1540 2007 ludaeos
1563 1984 1692 2019 quoque
1714 1973 1751 2006 ad
1781 1971 1984 2007 remittendas

1235 2022 1310 2068 ipsis
1354 2034 1467 2057 usuras
1508 2034 1563 2069 per
1603 2023 1795 2057 saecularem
1838 2022 1983 2069 compelli

1235 2071 1446 2118 praecipimus
1490 2080 1689 2118 potestatem,
1730 2079 1759 2106 et
1796 2070 1897 2106 donec
1932 2083 1985 2106 eas

1234 2121 1422 2163 remiserint,
1451 2120 1488 2155 ab
1518 2121 1666 2156 omnibus
1702 2120 1983 2162 christifidelibus,

1233 2170 1349 2217 quihus
1376 2171 1435 2206 hoc
1463 2183 1518 2218 per
1540 2184 1614 2205 suos
1637 2171 1843 2205 dioecesanos
1865 2171 1984 2205 denun-

1233 2220 1349 2255 ciatum
1389 2219 1537 2260 extiterit,
1582 2228 1643 2255 tam
1684 2221 1712 2254 in
1749 2220 1986 2261 mercimoniis,

1232 2283 1326 2317 quam
1368 2270 1397 2304 in
1439 2270 1519 2314 aliis,
1553 2271 1613 2305 sub
1644 2270 1984 2306 excommunicationis

1234 2332 1333 2366 poena
1356 2320 1503 2354 iubemus
1525 2320 1571 2355 eis
1599 2321 1855 2356 communionem
1885 2320 1985 2355 omni-

1234 2370 1359 2405 modam
1383 2370 1544 2416 denegari.

1281 2421 1300 2467 S
1325 2425 1355 2454 7.
1380 2419 1556 2461 Postremo,
1578 2420 1803 2467 crucesignatis
1841 2427 1870 2454 et
1909 2431 1982 2454 crn-

1231 2470 1433 2516 cesignandis
1448 2470 1565 2504 eisdem
1588 2470 1733 2506 volentes
1756 2470 1879 2517 plenius
1902 2481 1981 2516 pro-

1233 2520 1347 2564 ridere,
1369 2520 1594 2555 dioecesanis
1589 2533 1727 2567 ipsorum
1756 2532 1792 2555 ac
1819 2518 1981 2555 nonnullis

1231 2570 1309 2610 aliis,
1341 2569 1522 2605 absolvendi
1557 2582 1611 2604 eos
1649 2570 1688 2605 ab
1723 2569 1981 2604 excommunica-

1231 2620 1324 2654 tionis
1357 2621 1524 2655 sententiis
1565 2620 1593 2654 iu
1640 2620 1732 2655 variis
1772 2619 1909 2661 casibus,
1942 2619 1980 2654 de

1230 2670 1347 2716 quibus
1369 2670 1547 2705 secundnm
1574 2670 1643 2704 sacti
1668 2670 1856 2716 exigentiam
1887 2678 1981 2716 puta-

2009 279 2060 306 Αιι.
2081 279 2109 306 C.
2124 280 2186 308 129¹

2021 735 2123 757 lnilnltum
2135 738 2187 764 quod

2006 774 2046 787 nun
2080 768 2188 789 trahantur

2006 803 2064 819 extra
2073 800 2187 820 dioecesim

2005 831 2028 850 ud
2046 831 2128 850 indii-ia.

2014 1484 2125 1506 [surarum
2148 1491 2184 1506 re-

2000 1517 2076 1537 taxatio

2011 2431 2106 2451 Pin-unas
2141 2435 2179 2457 p?-

1997 2463 2053 2484 teudi
2063 2462 2098 2482 abs
2102 2462 2182 2482 elutio-

1996 2500 2043 2515 ιιοιιι
2054 2494 2077 2514 ab
2094 2499 2129 2514 ex
2126 2499 2180 2513 -οιιι-

1996 2526 2094 2546 munient.
2129 2529 2179 2545 nn-

1996 2557 2063 2577 tentis
2078 2557 2098 2576 iu
2114 2556 2178 2576 certi·

1995 2587 2085 2608 casibus
