<?xml version="1.0" encoding="UTF-8"?>
<!DOCTYPE html PUBLIC "-//W3C//DTD XHTML 1.0 Transitional//EN"
    "http://www.w3.org/TR/xhtml1/DTD/xhtml1-transitional.dtd">
<html xmlns="http://www.w3.org/1999/xhtml" xml:lang="en" lang="en">
 <head>
  <title>
</title>
<meta http-equiv="Content-Type" content="text/html;charset=utf-8" />
  <meta name='ocr-system' content='tesseract 3.04.00' />
  <meta name='ocr-capabilities' content='ocr_page ocr_carea ocr_par ocr_line ocrx_word'/>
</head>
<body>
  <div class='ocr_page' id='page_1' title='image "./bullarumdiplomat04cath/bullarumdiplomat04cath_0144.png"; bbox 0 0 2274 3265; ppageno 0'>
   <div class='ocr_carea' id='block_1_1' title="bbox 230 258 411 286">
    <p class='ocr_par' dir='ltr' id='par_1_1' title="bbox 230 258 411 286">
     <span class='ocr_line' id='line_1_1' title="bbox 230 258 411 286; baseline -0.011 0"><span class='ocrx_word' id='word_1_1' title='bbox 230 261 279 286; x_wconf 74' lang='lat' dir='ltr'>An.</span> <span class='ocrx_word' id='word_1_2' title='bbox 298 258 326 285; x_wconf 87' lang='lat' dir='ltr'>C.</span> <span class='ocrx_word' id='word_1_3' title='bbox 347 259 411 285; x_wconf 77' lang='lat'>¹297</span> 
     </span>
    </p>
   </div>
   <div class='ocr_carea' id='block_1_2' title="bbox 233 1416 416 1561">
    <p class='ocr_par' dir='ltr' id='par_1_2' title="bbox 233 1416 416 1561">
     <span class='ocr_line' id='line_1_2' title="bbox 249 1416 414 1437; baseline -0.006 0"><span class='ocrx_word' id='word_1_4' title='bbox 249 1417 356 1437; x_wconf 68' lang='lat' dir='ltr'>Exordium</span> <span class='ocrx_word' id='word_1_5' title='bbox 391 1416 414 1436; x_wconf 76' lang='lat' dir='ltr'>ab</span> 
     </span>
     <span class='ocr_line' id='line_1_3' title="bbox 233 1449 415 1468; baseline 0 -1"><span class='ocrx_word' id='word_1_6' title='bbox 233 1449 358 1468; x_wconf 66' lang='lat' dir='ltr'>auctoritate</span> <span class='ocrx_word' id='word_1_7' title='bbox 395 1451 415 1467; x_wconf 76' lang='lat' dir='ltr'>ot</span> 
     </span>
     <span class='ocr_line' id='line_1_4' title="bbox 233 1478 416 1499; baseline 0 -1"><span class='ocrx_word' id='word_1_8' title='bbox 233 1478 346 1499; x_wconf 69' lang='lat' dir='ltr'>stabilitate</span> <span class='ocrx_word' id='word_1_9' title='bbox 357 1478 416 1498; x_wconf 68' lang='lat' dir='ltr'>Sedis</span> 
     </span>
     <span class='ocr_line' id='line_1_5' title="bbox 233 1509 416 1536; baseline 0 -6"><span class='ocrx_word' id='word_1_10' title='bbox 233 1513 289 1536; x_wconf 70' lang='lat' dir='ltr'>Apos</span> <span class='ocrx_word' id='word_1_11' title='bbox 280 1509 367 1530; x_wconf 71' lang='lat' dir='ltr'>talicae</span> <span class='ocrx_word' id='word_1_12' title='bbox 378 1516 416 1536; x_wconf 75' lang='lat' dir='ltr'>pe</span> 
     </span>
     <span class='ocr_line' id='line_1_6' title="bbox 235 1542 293 1561; baseline -0.017 0"><span class='ocrx_word' id='word_1_13' title='bbox 235 1542 293 1561; x_wconf 82' lang='lat' dir='ltr'>titum</span> 
     </span>
    </p>
   </div>
   <div class='ocr_carea' id='block_1_3' title="bbox 239 2360 421 2442">
    <p class='ocr_par' dir='ltr' id='par_1_3' title="bbox 239 2360 421 2442">
     <span class='ocr_line' id='line_1_7' title="bbox 253 2360 421 2386; baseline 0.006 -7"><span class='ocrx_word' id='word_1_14' title='bbox 253 2360 352 2380; x_wconf 46' lang='lat' dir='ltr'>bonifacii</span> <span class='ocrx_word' id='word_1_15' title='bbox 372 2366 421 2386; x_wconf 67' lang='lat' dir='ltr'>erga</span> 
     </span>
     <span class='ocr_line' id='line_1_8' title="bbox 239 2390 419 2417; baseline 0.011 -7"><span class='ocrx_word' id='word_1_16' title='bbox 239 2390 334 2411; x_wconf 59' lang='lat' dir='ltr'>iambum</span> <span class='ocrx_word' id='word_1_17' title='bbox 351 2397 419 2417; x_wconf 62' lang='lat' dir='ltr'>regern</span> 
     </span>
     <span class='ocr_line' id='line_1_9' title="bbox 241 2428 308 2442; baseline -0.015 0"><span class='ocrx_word' id='word_1_18' title='bbox 241 2428 292 2442; x_wconf 52' lang='lat' dir='ltr'>amet</span> <span class='ocrx_word' id='word_1_19' title='bbox 306 2431 308 2441; x_wconf 95' lang='lat'><strong>:</strong></span> 
     </span>
    </p>
   </div>
   <div class='ocr_carea' id='block_1_4' title="bbox 481 246 548 279">
    <p class='ocr_par' dir='ltr' id='par_1_4' title="bbox 481 246 548 279">
     <span class='ocr_line' id='line_1_10' title="bbox 481 246 548 279; baseline 0 0"><span class='ocrx_word' id='word_1_20' title='bbox 481 246 548 279; x_wconf 77' lang='lat'>156</span> 
     </span>
    </p>
   </div>
   <div class='ocr_carea' id='block_1_5' title="bbox 467 313 1181 1100">
    <p class='ocr_par' dir='ltr' id='par_1_5' title="bbox 467 313 1181 1100">
     <span class='ocr_line' id='line_1_11' title="bbox 469 313 1174 353; baseline 0 -10"><span class='ocrx_word' id='word_1_21' title='bbox 469 315 573 344; x_wconf 73' lang='lat' dir='ltr'>standi.</span> <span class='ocrx_word' id='word_1_22' title='bbox 592 331 629 336; x_wconf 92' lang='lat'><strong>—</strong></span> <span class='ocrx_word' id='word_1_23' title='bbox 648 314 725 343; x_wconf 84' lang='lat' dir='ltr'>ldcnt</span> <span class='ocrx_word' id='word_1_24' title='bbox 748 313 941 343; x_wconf 83' lang='lat' dir='ltr'>iuramentum</span> <span class='ocrx_word' id='word_1_25' title='bbox 961 314 1085 353; x_wconf 78' lang='lat' dir='ltr'>singulis</span> <span class='ocrx_word' id='word_1_26' title='bbox 1102 313 1174 344; x_wconf 79' lang='lat' dir='ltr'>Pon-</span> 
     </span>
     <span class='ocr_line' id='line_1_12' title="bbox 469 357 1172 388; baseline -0.001 0"><span class='ocrx_word' id='word_1_27' title='bbox 469 358 596 388; x_wconf 78' lang='lat' dir='ltr'>tificibus</span> <span class='ocrx_word' id='word_1_28' title='bbox 619 357 829 388; x_wconf 89' lang='lat' dir='ltr'>renovandum.</span> <span class='ocrx_word' id='word_1_29' title='bbox 853 374 891 379; x_wconf 91' lang='lat'>—</span> <span class='ocrx_word' id='word_1_30' title='bbox 918 358 1047 388; x_wconf 78' lang='lat' dir='ltr'>Libertas</span> <span class='ocrx_word' id='word_1_31' title='bbox 1071 358 1172 388; x_wconf 84' lang='lat' dir='ltr'>Eccle-</span> 
     </span>
     <span class='ocr_line' id='line_1_13' title="bbox 467 402 1175 433; baseline -0.001 -1"><span class='ocrx_word' id='word_1_32' title='bbox 467 403 576 433; x_wconf 83' lang='lat' dir='ltr'>siarum</span> <span class='ocrx_word' id='word_1_33' title='bbox 595 403 746 432; x_wconf 83' lang='lat' dir='ltr'>servanda.</span> <span class='ocrx_word' id='word_1_34' title='bbox 767 402 1088 432; x_wconf 86' lang='lat' dir='ltr'>—Ecclesiasticorum</span> <span class='ocrx_word' id='word_1_35' title='bbox 1106 412 1175 432; x_wconf 88' lang='lat' dir='ltr'>cau-</span> 
     </span>
     <span class='ocr_line' id='line_1_14' title="bbox 467 446 1176 484; baseline 0 -8"><span class='ocrx_word' id='word_1_36' title='bbox 467 456 516 476; x_wconf 80' lang='lat' dir='ltr'>sae</span> <span class='ocrx_word' id='word_1_37' title='bbox 534 446 570 476; x_wconf 91' lang='lat' dir='ltr'>ab</span> <span class='ocrx_word' id='word_1_38' title='bbox 589 447 746 476; x_wconf 86' lang='lat' dir='ltr'>ordinariis</span> <span class='ocrx_word' id='word_1_39' title='bbox 768 447 998 484; x_wconf 73' lang='lat' dir='ltr'>cognoscendae.</span> <span class='ocrx_word' id='word_1_40' title='bbox 1015 463 1055 469; x_wconf 90' lang='lat'>——</span> <span class='ocrx_word' id='word_1_41' title='bbox 1069 447 1097 476; x_wconf 83' lang='lat'>8.</span> <span class='ocrx_word' id='word_1_42' title='bbox 1118 447 1176 475; x_wconf 86' lang='grc' dir='ltr'>Αιι-</span> 
     </span>
     <span class='ocr_line' id='line_1_15' title="bbox 469 490 1174 530; baseline -0.003 -9"><span class='ocrx_word' id='word_1_43' title='bbox 469 492 564 530; x_wconf 86' lang='lat' dir='ltr'>tiquae</span> <span class='ocrx_word' id='word_1_44' title='bbox 580 491 742 521; x_wconf 82' lang='lat' dir='ltr'><strong>laudabiles</strong></span> <span class='ocrx_word' id='word_1_45' title='bbox 759 490 918 520; x_wconf 84' lang='lat' dir='ltr'>servandae</span> <span class='ocrx_word' id='word_1_46' title='bbox 935 490 1174 520; x_wconf 86' lang='lat' dir='ltr'>consuetudines.</span> 
     </span>
     <span class='ocr_line' id='line_1_16' title="bbox 468 534 1175 574; baseline -0.004 -8"><span class='ocrx_word' id='word_1_47' title='bbox 468 537 540 566; x_wconf 82' lang='grc'>-9,</span> <span class='ocrx_word' id='word_1_48' title='bbox 555 536 644 574; x_wconf 80' lang='lat' dir='ltr'><strong>Leges</strong></span> <span class='ocrx_word' id='word_1_49' title='bbox 655 540 753 566; x_wconf 89' lang='lat' dir='ltr'>contra</span> <span class='ocrx_word' id='word_1_50' title='bbox 765 534 928 565; x_wconf 77' lang='lat' dir='ltr'>libertatem</span> <span class='ocrx_word' id='word_1_51' title='bbox 943 535 1175 565; x_wconf 74' lang='lat' dir='ltr'>ecclesiasticam</span> 
     </span>
     <span class='ocr_line' id='line_1_17' title="bbox 468 579 1176 611; baseline -0.006 0"><span class='ocrx_word' id='word_1_52' title='bbox 468 581 540 611; x_wconf 84' lang='lat' dir='ltr'>latae</span> <span class='ocrx_word' id='word_1_53' title='bbox 562 581 751 611; x_wconf 81' lang='lat' dir='ltr'>revocandae.</span> <span class='ocrx_word' id='word_1_54' title='bbox 768 597 805 602; x_wconf 97' lang='lat'>—</span> <span class='ocrx_word' id='word_1_55' title='bbox 822 580 867 610; x_wconf 89' lang='lat'>10.</span> <span class='ocrx_word' id='word_1_56' title='bbox 885 579 966 609; x_wconf 78' lang='lat' dir='ltr'>Aliae</span> <span class='ocrx_word' id='word_1_57' title='bbox 983 579 1176 609; x_wconf 86' lang='lat' dir='ltr'>conditiones.</span> 
     </span>
     <span class='ocr_line' id='line_1_18' title="bbox 467 623 1177 662; baseline -0.006 -6"><span class='ocrx_word' id='word_1_58' title='bbox 467 643 505 649; x_wconf 90' lang='lat'>—-</span> <span class='ocrx_word' id='word_1_59' title='bbox 529 626 574 656; x_wconf 55' lang='lat'>1¹¹.</span> <span class='ocrx_word' id='word_1_60' title='bbox 599 625 674 655; x_wconf 87' lang='lat' dir='ltr'>Nova</span> <span class='ocrx_word' id='word_1_61' title='bbox 704 625 808 655; x_wconf 87' lang='lat' dir='ltr'>tributa</span> <span class='ocrx_word' id='word_1_62' title='bbox 838 624 978 654; x_wconf 85' lang='lat' dir='ltr'>Ecclesiis</span> <span class='ocrx_word' id='word_1_63' title='bbox 1005 633 1061 653; x_wconf 89' lang='lat' dir='ltr'>non</span> <span class='ocrx_word' id='word_1_64' title='bbox 1086 623 1177 662; x_wconf 86' lang='lat' dir='ltr'>impo-</span> 
     </span>
     <span class='ocr_line' id='line_1_19' title="bbox 468 668 1176 701; baseline -0.004 0"><span class='ocrx_word' id='word_1_65' title='bbox 468 671 574 701; x_wconf 83' lang='lat' dir='ltr'>nenda.</span> <span class='ocrx_word' id='word_1_66' title='bbox 601 687 640 693; x_wconf 86' lang='lat'>—-</span> <span class='ocrx_word' id='word_1_67' title='bbox 662 670 707 700; x_wconf 70' lang='lat'>12.</span> <span class='ocrx_word' id='word_1_68' title='bbox 731 669 794 699; x_wconf 84' lang='lat' dir='ltr'>lura</span> <span class='ocrx_word' id='word_1_69' title='bbox 814 673 841 698; x_wconf 88' lang='lat' dir='ltr'>ct</span> <span class='ocrx_word' id='word_1_70' title='bbox 864 668 1027 698; x_wconf 72' lang='lat' dir='ltr'>laudabiles</span> <span class='ocrx_word' id='word_1_71' title='bbox 1047 678 1176 698; x_wconf 77' lang='lat' dir='ltr'>consue-</span> 
     </span>
     <span class='ocr_line' id='line_1_20' title="bbox 468 712 1177 745; baseline -0.004 0"><span class='ocrx_word' id='word_1_72' title='bbox 468 715 585 745; x_wconf 87' lang='lat' dir='ltr'>tudines</span> <span class='ocrx_word' id='word_1_73' title='bbox 609 715 717 745; x_wconf 86' lang='lat' dir='ltr'>servari</span> <span class='ocrx_word' id='word_1_74' title='bbox 751 713 867 744; x_wconf 83' lang='lat' dir='ltr'>debent.</span> <span class='ocrx_word' id='word_1_75' title='bbox 902 731 939 735; x_wconf 89' lang='lat'>—</span> <span class='ocrx_word' id='word_1_76' title='bbox 974 714 1019 743; x_wconf 75' lang='lat'>13.</span> <span class='ocrx_word' id='word_1_77' title='bbox 1051 712 1177 742; x_wconf 83' lang='lat' dir='ltr'>Obsides</span> 
     </span>
     <span class='ocr_line' id='line_1_21' title="bbox 469 757 1176 790; baseline -0.003 -2"><span class='ocrx_word' id='word_1_78' title='bbox 469 759 589 790; x_wconf 78' lang='lat' dir='ltr'>Romani</span> <span class='ocrx_word' id='word_1_79' title='bbox 617 759 771 789; x_wconf 88' lang='lat' dir='ltr'>liberandi.</span> <span class='ocrx_word' id='word_1_80' title='bbox 804 774 843 779; x_wconf 94' lang='lat'><strong>—</strong></span> <span class='ocrx_word' id='word_1_81' title='bbox 874 759 915 787; x_wconf 74' lang='lat' dir='ltr'>tt.</span> <span class='ocrx_word' id='word_1_82' title='bbox 939 757 1054 787; x_wconf 81' lang='lat' dir='ltr'>Foedus</span> <span class='ocrx_word' id='word_1_83' title='bbox 1078 762 1176 787; x_wconf 87' lang='lat' dir='ltr'>contra</span> 
     </span>
     <span class='ocr_line' id='line_1_22' title="bbox 470 802 1177 834; baseline -0.006 0"><span class='ocrx_word' id='word_1_84' title='bbox 470 803 551 834; x_wconf 76' lang='lat' dir='ltr'>Rom.</span> <span class='ocrx_word' id='word_1_85' title='bbox 574 803 734 833; x_wconf 75' lang='lat' dir='ltr'><strong>Ecclesiam</strong></span> <span class='ocrx_word' id='word_1_86' title='bbox 759 813 815 832; x_wconf 91' lang='lat' dir='ltr'>non</span> <span class='ocrx_word' id='word_1_87' title='bbox 842 802 1016 832; x_wconf 77' lang='lat' dir='ltr'>feriendum.</span> <span class='ocrx_word' id='word_1_88' title='bbox 1032 819 1069 823; x_wconf 97' lang='lat'><strong>—</strong></span> <span class='ocrx_word' id='word_1_89' title='bbox 1086 802 1131 831; x_wconf 60' lang='lat'>115.</span> <span class='ocrx_word' id='word_1_90' title='bbox 1149 802 1177 830; x_wconf 95' lang='lat' dir='ltr'>ln</span> 
     </span>
     <span class='ocr_line' id='line_1_23' title="bbox 469 845 1178 887; baseline -0.006 -9"><span class='ocrx_word' id='word_1_91' title='bbox 469 848 545 878; x_wconf 85' lang='lat' dir='ltr'><strong>Urbe</strong></span> <span class='ocrx_word' id='word_1_92' title='bbox 577 853 626 878; x_wconf 88' lang='lat' dir='ltr'>aut</span> <span class='ocrx_word' id='word_1_93' title='bbox 658 849 723 878; x_wconf 86' lang='lat' dir='ltr'>cius</span> <span class='ocrx_word' id='word_1_94' title='bbox 751 847 909 887; x_wconf 83' lang='lat' dir='ltr'>provinciis</span> <span class='ocrx_word' id='word_1_95' title='bbox 943 846 1022 875; x_wconf 86' lang='lat' dir='ltr'>nulla</span> <span class='ocrx_word' id='word_1_96' title='bbox 1059 845 1178 885; x_wconf 79' lang='lat' dir='ltr'>pracse-</span> 
     </span>
     <span class='ocr_line' id='line_1_24' title="bbox 467 890 1179 923; baseline -0.006 -1"><span class='ocrx_word' id='word_1_97' title='bbox 467 898 548 923; x_wconf 89' lang='lat' dir='ltr'>ctura</span> <span class='ocrx_word' id='word_1_98' title='bbox 579 892 769 922; x_wconf 88' lang='lat' dir='ltr'>admittenda.</span> <span class='ocrx_word' id='word_1_99' title='bbox 800 908 838 913; x_wconf 94' lang='lat'>—</span> <span class='ocrx_word' id='word_1_100' title='bbox 872 891 918 921; x_wconf 72' lang='lat'>16.</span> <span class='ocrx_word' id='word_1_101' title='bbox 950 890 1103 920; x_wconf 77' lang='lat' dir='ltr'>Sardiniae</span> <span class='ocrx_word' id='word_1_102' title='bbox 1132 899 1179 919; x_wconf 82' lang='lat' dir='ltr'>rex</span> 
     </span>
     <span class='ocr_line' id='line_1_25' title="bbox 469 934 1179 976; baseline -0.006 -10"><span class='ocrx_word' id='word_1_103' title='bbox 469 937 550 966; x_wconf 79' lang='lat' dir='ltr'>llom.</span> <span class='ocrx_word' id='word_1_104' title='bbox 573 937 688 976; x_wconf 87' lang='lat' dir='ltr'>imperii</span> <span class='ocrx_word' id='word_1_105' title='bbox 718 945 769 974; x_wconf 87' lang='lat' dir='ltr'>spe</span> <span class='ocrx_word' id='word_1_106' title='bbox 801 935 950 965; x_wconf 82' lang='lat' dir='ltr'>exclusus.</span> <span class='ocrx_word' id='word_1_107' title='bbox 980 951 1018 956; x_wconf 95' lang='lat'>—</span> <span class='ocrx_word' id='word_1_108' title='bbox 1046 934 1179 971; x_wconf 82' lang='lat' dir='ltr'>Regnum</span> 
     </span>
     <span class='ocr_line' id='line_1_26' title="bbox 470 978 1181 1020; baseline -0.004 -9"><span class='ocrx_word' id='word_1_109' title='bbox 470 982 565 1020; x_wconf 86' lang='lat' dir='ltr'>ipsum</span> <span class='ocrx_word' id='word_1_110' title='bbox 590 982 619 1011; x_wconf 92' lang='lat' dir='ltr'>in</span> <span class='ocrx_word' id='word_1_111' title='bbox 642 981 808 1010; x_wconf 86' lang='lat' dir='ltr'>cautionem</span> <span class='ocrx_word' id='word_1_112' title='bbox 825 979 964 1009; x_wconf 86' lang='lat' dir='ltr'>dandum:</span> <span class='ocrx_word' id='word_1_113' title='bbox 987 996 1025 1000; x_wconf 96' lang='lat'><strong>—</strong></span> <span class='ocrx_word' id='word_1_114' title='bbox 1048 979 1090 1008; x_wconf 81' lang='lat'>17.</span> <span class='ocrx_word' id='word_1_115' title='bbox 1106 978 1181 1008; x_wconf 71' lang='lat' dir='ltr'>llan-</span> 
     </span>
     <span class='ocr_line' id='line_1_27' title="bbox 469 1022 1179 1065; baseline -0.004 -10"><span class='ocrx_word' id='word_1_116' title='bbox 469 1025 563 1065; x_wconf 82' lang='lat' dir='ltr'>daque</span> <span class='ocrx_word' id='word_1_117' title='bbox 586 1036 600 1055; x_wconf 93' lang='lat' dir='ltr'>a</span> <span class='ocrx_word' id='word_1_118' title='bbox 623 1034 690 1064; x_wconf 80' lang='lat' dir='ltr'>rege</span> <span class='ocrx_word' id='word_1_119' title='bbox 714 1024 805 1058; x_wconf 86' lang='lat' dir='ltr'>bulla,</span> <span class='ocrx_word' id='word_1_120' title='bbox 827 1027 877 1053; x_wconf 84' lang='lat' dir='ltr'>etc.</span> <span class='ocrx_word' id='word_1_121' title='bbox 895 1041 934 1045; x_wconf 96' lang='lat'><strong>—</strong></span> <span class='ocrx_word' id='word_1_122' title='bbox 961 1024 1005 1053; x_wconf 82' lang='lat'>18.</span> <span class='ocrx_word' id='word_1_123' title='bbox 1030 1022 1061 1053; x_wconf 93' lang='lat' dir='ltr'>ln</span> <span class='ocrx_word' id='word_1_124' title='bbox 1081 1023 1179 1052; x_wconf 90' lang='lat' dir='ltr'>dubiis</span> 
     </span>
     <span class='ocr_line' id='line_1_28' title="bbox 469 1068 1117 1100; baseline -0.005 0"><span class='ocrx_word' id='word_1_125' title='bbox 469 1069 658 1100; x_wconf 79' lang='lat' dir='ltr'>declarationi</span> <span class='ocrx_word' id='word_1_126' title='bbox 686 1069 769 1099; x_wconf 81' lang='lat' dir='ltr'>Rom.</span> <span class='ocrx_word' id='word_1_127' title='bbox 799 1069 948 1099; x_wconf 81' lang='lat' dir='ltr'>Pontiticis</span> <span class='ocrx_word' id='word_1_128' title='bbox 971 1068 1117 1098; x_wconf 86' lang='lat' dir='ltr'>standum.</span> 
     </span>
    </p>
   </div>
   <div class='ocr_carea' id='block_1_6' title="bbox 428 1143 1182 1329">
    <p class='ocr_par' dir='ltr' id='par_1_6' title="bbox 428 1143 1182 1329">
     <span class='ocr_line' id='line_1_29' title="bbox 428 1143 1179 1181; baseline -0.004 -7"><span class='ocrx_word' id='word_1_129' title='bbox 428 1145 580 1174; x_wconf 78' lang='lat' dir='ltr'>Bonifacius</span> <span class='ocrx_word' id='word_1_130' title='bbox 599 1145 740 1181; x_wconf 79' lang='lat' dir='ltr'>episcopus</span> <span class='ocrx_word' id='word_1_131' title='bbox 759 1151 854 1172; x_wconf 79' lang='lat' dir='ltr'>servus</span> <span class='ocrx_word' id='word_1_132' title='bbox 882 1150 1020 1173; x_wconf 82' lang='lat' dir='ltr'>servorum</span> <span class='ocrx_word' id='word_1_133' title='bbox 1039 1143 1095 1176; x_wconf 82' lang='lat' dir='ltr'>Dei,</span> <span class='ocrx_word' id='word_1_134' title='bbox 1119 1143 1179 1171; x_wconf 80' lang='lat' dir='ltr'>cha-</span> 
     </span>
     <span class='ocr_line' id='line_1_30' title="bbox 476 1193 1182 1226; baseline -0.004 -3"><span class='ocrx_word' id='word_1_135' title='bbox 476 1195 586 1224; x_wconf 71' lang='lat' dir='ltr'>rissimo</span> <span class='ocrx_word' id='word_1_136' title='bbox 604 1195 633 1223; x_wconf 81' lang='lat' dir='ltr'>tn</span> <span class='ocrx_word' id='word_1_137' title='bbox 651 1193 759 1223; x_wconf 86' lang='lat' dir='ltr'>Christo</span> <span class='ocrx_word' id='word_1_138' title='bbox 778 1193 834 1222; x_wconf 85' lang='lat' dir='ltr'>fltto</span> <span class='ocrx_word' id='word_1_139' title='bbox 854 1193 958 1226; x_wconf 77' lang='lat' dir='ltr'>tanobo.</span> <span class='ocrx_word' id='word_1_140' title='bbox 990 1193 1129 1221; x_wconf 82' lang='lat' dir='ltr'>sardiniae</span> <span class='ocrx_word' id='word_1_141' title='bbox 1154 1193 1182 1221; x_wconf 79' lang='lat' dir='ltr'>et</span> 
     </span>
     <span class='ocr_line' id='line_1_31' title="bbox 473 1243 1182 1280; baseline -0.004 -7"><span class='ocrx_word' id='word_1_142' title='bbox 473 1244 595 1273; x_wconf 73' lang='lat' dir='ltr'>corsicae</span> <span class='ocrx_word' id='word_1_143' title='bbox 612 1244 673 1280; x_wconf 78' lang='lat' dir='ltr'>regi</span> <span class='ocrx_word' id='word_1_144' title='bbox 691 1243 807 1277; x_wconf 83' lang='lat' dir='ltr'>illustri,</span> <span class='ocrx_word' id='word_1_145' title='bbox 822 1243 939 1271; x_wconf 73' lang='lat' dir='ltr'>satutem</span> <span class='ocrx_word' id='word_1_146' title='bbox 958 1244 988 1271; x_wconf 85' lang='lat' dir='ltr'>et</span> <span class='ocrx_word' id='word_1_147' title='bbox 1004 1243 1182 1278; x_wconf 76' lang='lat' dir='ltr'>apostolicam</span> 
     </span>
     <span class='ocr_line' id='line_1_32' title="bbox 471 1292 1180 1329; baseline -0.004 -6"><span class='ocrx_word' id='word_1_148' title='bbox 471 1294 696 1323; x_wconf 75' lang='lat' dir='ltr'>benedictionem.</span> <span class='ocrx_word' id='word_1_149' title='bbox 717 1293 753 1322; x_wconf 74' lang='lat' dir='ltr'>Ad</span> <span class='ocrx_word' id='word_1_150' title='bbox 770 1294 930 1329; x_wconf 76' lang='lat' dir='ltr'>perpetuam</span> <span class='ocrx_word' id='word_1_151' title='bbox 953 1293 994 1320; x_wconf 78' lang='lat' dir='ltr'>roi</span> <span class='ocrx_word' id='word_1_152' title='bbox 1013 1292 1180 1321; x_wconf 77' lang='lat' dir='ltr'>memoriam.</span> 
     </span>
    </p>
   </div>
   <div class='ocr_carea' id='block_1_7' title="bbox 431 1355 1184 2694">
    <p class='ocr_par' dir='ltr' id='par_1_7' title="bbox 431 1355 1182 2300">
     <span class='ocr_line' id='line_1_33' title="bbox 477 1355 1181 1412; baseline -0.004 -20"><span class='ocrx_word' id='word_1_153' title='bbox 477 1357 581 1412; x_wconf 83' lang='lat' dir='ltr'>Super</span> <span class='ocrx_word' id='word_1_154' title='bbox 601 1369 690 1403; x_wconf 80' lang='lat' dir='ltr'>reges</span> <span class='ocrx_word' id='word_1_155' title='bbox 712 1364 743 1390; x_wconf 75' lang='lat' dir='ltr'>et</span> <span class='ocrx_word' id='word_1_156' title='bbox 765 1368 858 1412; x_wconf 78' lang='lat' dir='ltr'>regna</span> <span class='ocrx_word' id='word_1_157' title='bbox 883 1356 974 1411; x_wconf 84' lang='lat' dir='ltr'>positi</span> <span class='ocrx_word' id='word_1_158' title='bbox 998 1368 1034 1390; x_wconf 79' lang='lat' dir='ltr'>ex</span> <span class='ocrx_word' id='word_1_159' title='bbox 1059 1355 1181 1390; x_wconf 89' lang='lat' dir='ltr'>divinae</span> 
     </span>
     <span class='ocr_line' id='line_1_34' title="bbox 431 1405 1181 1454; baseline -0.004 -12"><span class='ocrx_word' id='word_1_160' title='bbox 431 1406 663 1454; x_wconf 63' lang='lat' dir='ltr'><strong>praeeminentia</strong></span> <span class='ocrx_word' id='word_1_161' title='bbox 692 1407 874 1453; x_wconf 84' lang='lat' dir='ltr'>potestatis</span> <span class='ocrx_word' id='word_1_162' title='bbox 897 1405 936 1440; x_wconf 91' lang='lat' dir='ltr'>de</span> <span class='ocrx_word' id='word_1_163' title='bbox 965 1406 1041 1453; x_wconf 91' lang='lat' dir='ltr'>ipsis</span> <span class='ocrx_word' id='word_1_164' title='bbox 1063 1417 1181 1452; x_wconf 88' lang='lat' dir='ltr'>oppor-</span> 
     </span>
     <span class='ocr_line' id='line_1_35' title="bbox 431 1454 1179 1513; baseline -0.004 -22"><span class='ocrx_word' id='word_1_165' title='bbox 431 1466 505 1492; x_wconf 85' lang='lat' dir='ltr'>tune</span> <span class='ocrx_word' id='word_1_166' title='bbox 536 1456 751 1513; x_wconf 78' lang='lat' dir='ltr'>disponimus,</span> <span class='ocrx_word' id='word_1_167' title='bbox 788 1462 880 1511; x_wconf 87' lang='lat' dir='ltr'>prout</span> <span class='ocrx_word' id='word_1_168' title='bbox 913 1454 1114 1490; x_wconf 81' lang='lat' dir='ltr'>commodius</span> <span class='ocrx_word' id='word_1_169' title='bbox 1143 1467 1179 1489; x_wconf 87' lang='lat' dir='ltr'>ex</span> 
     </span>
     <span class='ocr_line' id='line_1_36' title="bbox 431 1504 1181 1560; baseline -0.004 -19"><span class='ocrx_word' id='word_1_170' title='bbox 431 1506 492 1541; x_wconf 90' lang='lat' dir='ltr'>alto</span> <span class='ocrx_word' id='word_1_171' title='bbox 515 1506 718 1554; x_wconf 72' lang='lat' dir='ltr'>prospicitur,</span> <span class='ocrx_word' id='word_1_172' title='bbox 740 1505 900 1540; x_wconf 88' lang='lat' dir='ltr'>actionum</span> <span class='ocrx_word' id='word_1_173' title='bbox 923 1517 956 1540; x_wconf 85' lang='lat' dir='ltr'>se</span> <span class='ocrx_word' id='word_1_174' title='bbox 977 1504 1141 1560; x_wconf 73' lang='lat' dir='ltr'>qualitas</span> <span class='ocrx_word' id='word_1_175' title='bbox 1135 1517 1181 1538; x_wconf 86' lang='lat' dir='ltr'>in-</span> 
     </span>
     <span class='ocr_line' id='line_1_37' title="bbox 431 1554 1181 1609; baseline -0.004 -18"><span class='ocrx_word' id='word_1_176' title='bbox 431 1557 526 1602; x_wconf 77' lang='lat' dir='ltr'>gerit,</span> <span class='ocrx_word' id='word_1_177' title='bbox 565 1566 596 1591; x_wconf 87' lang='lat' dir='ltr'>et</span> <span class='ocrx_word' id='word_1_178' title='bbox 629 1555 780 1591; x_wconf 89' lang='lat' dir='ltr'>iudicium</span> <span class='ocrx_word' id='word_1_179' title='bbox 808 1554 940 1590; x_wconf 92' lang='lat' dir='ltr'>sanioris</span> <span class='ocrx_word' id='word_1_180' title='bbox 976 1554 1181 1609; x_wconf 77' lang='lat' dir='ltr'>inspectionis</span> 
     </span>
     <span class='ocr_line' id='line_1_38' title="bbox 433 1604 1182 1653; baseline -0.004 -13"><span class='ocrx_word' id='word_1_181' title='bbox 433 1606 563 1640; x_wconf 89' lang='lat' dir='ltr'>inducit.</span> <span class='ocrx_word' id='word_1_182' title='bbox 587 1604 820 1653; x_wconf 80' lang='lat' dir='ltr'>Nonnunquam</span> <span class='ocrx_word' id='word_1_183' title='bbox 842 1604 926 1639; x_wconf 82' lang='lat' dir='ltr'>enirn</span> <span class='ocrx_word' id='word_1_184' title='bbox 950 1604 980 1638; x_wconf 93' lang='lat' dir='ltr'>in</span> <span class='ocrx_word' id='word_1_185' title='bbox 1003 1604 1080 1651; x_wconf 90' lang='lat' dir='ltr'>ipsis</span> <span class='ocrx_word' id='word_1_186' title='bbox 1102 1604 1182 1637; x_wconf 80' lang='lat' dir='ltr'>evel-</span> 
     </span>
     <span class='ocr_line' id='line_1_39' title="bbox 432 1653 1180 1702; baseline -0.004 -12"><span class='ocrx_word' id='word_1_187' title='bbox 432 1656 538 1696; x_wconf 81' lang='lat' dir='ltr'>limus,</span> <span class='ocrx_word' id='word_1_188' title='bbox 568 1655 606 1690; x_wconf 88' lang='lat' dir='ltr'>de</span> <span class='ocrx_word' id='word_1_189' title='bbox 633 1663 725 1702; x_wconf 83' lang='lat' dir='ltr'>gente</span> <span class='ocrx_word' id='word_1_190' title='bbox 754 1656 783 1689; x_wconf 95' lang='lat' dir='ltr'>in</span> <span class='ocrx_word' id='word_1_191' title='bbox 807 1662 932 1700; x_wconf 80' lang='lat' dir='ltr'>gentem</span> <span class='ocrx_word' id='word_1_192' title='bbox 957 1662 1086 1701; x_wconf 89' lang='lat' dir='ltr'>propter</span> <span class='ocrx_word' id='word_1_193' title='bbox 1107 1653 1180 1688; x_wconf 91' lang='lat' dir='ltr'>cul—</span> 
     </span>
     <span class='ocr_line' id='line_1_40' title="bbox 433 1703 1181 1752; baseline -0.003 -13"><span class='ocrx_word' id='word_1_194' title='bbox 433 1717 486 1752; x_wconf 86' lang='lat' dir='ltr'>pas</span> <span class='ocrx_word' id='word_1_195' title='bbox 513 1714 543 1740; x_wconf 90' lang='lat' dir='ltr'>et</span> <span class='ocrx_word' id='word_1_196' title='bbox 573 1705 662 1740; x_wconf 84' lang='lat' dir='ltr'>dolos</span> <span class='ocrx_word' id='word_1_197' title='bbox 689 1706 764 1740; x_wconf 88' lang='lat' dir='ltr'>solia</span> <span class='ocrx_word' id='word_1_198' title='bbox 794 1703 1009 1739; x_wconf 79' lang='lat' dir='ltr'>transferendo</span> <span class='ocrx_word' id='word_1_199' title='bbox 1044 1715 1181 1750; x_wconf 78' lang='lat' dir='ltr'>regnan-</span> 
     </span>
     <span class='ocr_line' id='line_1_41' title="bbox 432 1754 1180 1802; baseline -0.001 -14"><span class='ocrx_word' id='word_1_200' title='bbox 432 1755 526 1790; x_wconf 86' lang='lat' dir='ltr'>tium:</span> <span class='ocrx_word' id='word_1_201' title='bbox 563 1754 720 1790; x_wconf 90' lang='lat' dir='ltr'>interdum</span> <span class='ocrx_word' id='word_1_202' title='bbox 757 1755 932 1802; x_wconf 76' lang='lat' dir='ltr'>plantamus</span> <span class='ocrx_word' id='word_1_203' title='bbox 966 1761 994 1788; x_wconf 90' lang='lat' dir='ltr'>et</span> <span class='ocrx_word' id='word_1_204' title='bbox 1029 1754 1180 1797; x_wconf 62' lang='lat' dir='ltr'>colimus„</span> 
     </span>
     <span class='ocr_line' id='line_1_42' title="bbox 431 1802 1182 1840; baseline -0.004 0"><span class='ocrx_word' id='word_1_205' title='bbox 431 1817 519 1840; x_wconf 80' lang='lat' dir='ltr'>caros</span> <span class='ocrx_word' id='word_1_206' title='bbox 546 1804 625 1840; x_wconf 83' lang='lat' dir='ltr'>filios</span> <span class='ocrx_word' id='word_1_207' title='bbox 647 1813 676 1839; x_wconf 89' lang='lat' dir='ltr'>et</span> <span class='ocrx_word' id='word_1_208' title='bbox 703 1805 832 1839; x_wconf 78' lang='lat' dir='ltr'>devotos</span> <span class='ocrx_word' id='word_1_209' title='bbox 866 1804 965 1838; x_wconf 87' lang='lat' dir='ltr'>almae</span> <span class='ocrx_word' id='word_1_210' title='bbox 998 1802 1104 1837; x_wconf 89' lang='lat' dir='ltr'>Matris</span> <span class='ocrx_word' id='word_1_211' title='bbox 1127 1802 1182 1837; x_wconf 88' lang='lat' dir='ltr'>Ec-</span> 
     </span>
     <span class='ocr_line' id='line_1_43' title="bbox 431 1852 1181 1908; baseline -0.003 -20"><span class='ocrx_word' id='word_1_212' title='bbox 431 1855 545 1890; x_wconf 88' lang='lat' dir='ltr'>clesiae</span> <span class='ocrx_word' id='word_1_213' title='bbox 579 1854 616 1889; x_wconf 90' lang='lat' dir='ltr'>ad</span> <span class='ocrx_word' id='word_1_214' title='bbox 654 1866 733 1889; x_wconf 86' lang='lat' dir='ltr'>nova</span> <span class='ocrx_word' id='word_1_215' title='bbox 771 1865 939 1908; x_wconf 82' lang='lat' dir='ltr'>regnorum</span> <span class='ocrx_word' id='word_1_216' title='bbox 970 1852 1181 1900; x_wconf 84' lang='lat' dir='ltr'>praeficiendo</span> 
     </span>
     <span class='ocr_line' id='line_1_44' title="bbox 431 1902 1181 1950; baseline -0.001 -12"><span class='ocrx_word' id='word_1_217' title='bbox 431 1904 582 1949; x_wconf 77' lang='lat' dir='ltr'>dominia,</span> <span class='ocrx_word' id='word_1_218' title='bbox 610 1912 654 1946; x_wconf 86' lang='lat' dir='ltr'>ut,</span> <span class='ocrx_word' id='word_1_219' title='bbox 681 1903 847 1939; x_wconf 70' lang='lat' dir='ltr'>eradicatis</span> <span class='ocrx_word' id='word_1_220' title='bbox 870 1903 950 1937; x_wconf 65' lang='lat' dir='ltr'>titiis</span> <span class='ocrx_word' id='word_1_221' title='bbox 973 1910 1002 1937; x_wconf 88' lang='lat' dir='ltr'>et</span> <span class='ocrx_word' id='word_1_222' title='bbox 1036 1902 1181 1950; x_wconf 84' lang='lat' dir='ltr'>plantatis</span> 
     </span>
     <span class='ocr_line' id='line_1_45' title="bbox 432 1951 1180 1998; baseline -0.004 -10"><span class='ocrx_word' id='word_1_223' title='bbox 432 1953 619 1998; x_wconf 85' lang='lat' dir='ltr'>virtutihus,</span> <span class='ocrx_word' id='word_1_224' title='bbox 654 1953 800 1988; x_wconf 79' lang='lat' dir='ltr'>laudetur</span> <span class='ocrx_word' id='word_1_225' title='bbox 833 1953 931 1987; x_wconf 69' lang='lat' dir='ltr'>tintus</span> <span class='ocrx_word' id='word_1_226' title='bbox 965 1951 1118 1986; x_wconf 82' lang='lat' dir='ltr'>Altissitni</span> <span class='ocrx_word' id='word_1_227' title='bbox 1151 1965 1180 1985; x_wconf 90' lang='grc' dir='ltr'>ιιι</span> 
     </span>
     <span class='ocr_line' id='line_1_46' title="bbox 432 1982 1182 2050; baseline -0.003 -12"><span class='ocrx_word' id='word_1_228' title='bbox 432 2003 572 2038; x_wconf 84' lang='lat' dir='ltr'>Ecclesia</span> <span class='ocrx_word' id='word_1_229' title='bbox 595 1982 708 2050; x_wconf 69' lang='lat' dir='ltr'>sponsa</span> <span class='ocrx_word' id='word_1_230' title='bbox 735 2015 802 2043; x_wconf 83' lang='lat' dir='ltr'>sua,</span> <span class='ocrx_word' id='word_1_231' title='bbox 825 2015 918 2049; x_wconf 87' lang='lat' dir='ltr'>quam</span> <span class='ocrx_word' id='word_1_232' title='bbox 942 2001 988 2036; x_wconf 87' lang='lat' dir='ltr'>sic</span> <span class='ocrx_word' id='word_1_233' title='bbox 1010 2014 1103 2049; x_wconf 69' lang='lat' dir='ltr'>snpra</span> <span class='ocrx_word' id='word_1_234' title='bbox 1128 2014 1182 2048; x_wconf 86' lang='lat' dir='ltr'>pe—</span> 
     </span>
     <span class='ocr_line' id='line_1_47' title="bbox 432 2051 1182 2091; baseline -0.003 -4"><span class='ocrx_word' id='word_1_235' title='bbox 432 2062 510 2087; x_wconf 87' lang='lat' dir='ltr'>tram</span> <span class='ocrx_word' id='word_1_236' title='bbox 535 2053 604 2088; x_wconf 81' lang='lat' dir='ltr'>fidei</span> <span class='ocrx_word' id='word_1_237' title='bbox 632 2051 790 2088; x_wconf 81' lang='lat' dir='ltr'>soliditate</span> <span class='ocrx_word' id='word_1_238' title='bbox 812 2051 964 2091; x_wconf 73' lang='lat' dir='ltr'>fundavit,</span> <span class='ocrx_word' id='word_1_239' title='bbox 992 2052 1018 2085; x_wconf 90' lang='lat' dir='ltr'>ei</span> <span class='ocrx_word' id='word_1_240' title='bbox 1039 2051 1182 2086; x_wconf 88' lang='lat' dir='ltr'>tribuens</span> 
     </span>
     <span class='ocr_line' id='line_1_48' title="bbox 434 2101 1181 2149; baseline -0.003 -13"><span class='ocrx_word' id='word_1_241' title='bbox 434 2104 464 2137; x_wconf 87' lang='lat' dir='ltr'>in</span> <span class='ocrx_word' id='word_1_242' title='bbox 505 2102 715 2138; x_wconf 82' lang='lat' dir='ltr'>confessionis</span> <span class='ocrx_word' id='word_1_243' title='bbox 761 2101 952 2149; x_wconf 83' lang='lat' dir='ltr'>apostolicae</span> <span class='ocrx_word' id='word_1_244' title='bbox 997 2101 1181 2136; x_wconf 86' lang='lat' dir='ltr'>fortitudine</span> 
     </span>
     <span class='ocr_line' id='line_1_49' title="bbox 433 2151 1182 2199; baseline -0.004 -13"><span class='ocrx_word' id='word_1_245' title='bbox 433 2152 686 2193; x_wconf 77' lang='lat' dir='ltr'>fundamentum,</span> <span class='ocrx_word' id='word_1_246' title='bbox 710 2160 741 2186; x_wconf 90' lang='lat' dir='ltr'>ut</span> <span class='ocrx_word' id='word_1_247' title='bbox 761 2152 859 2199; x_wconf 88' lang='lat' dir='ltr'>ipsam</span> <span class='ocrx_word' id='word_1_248' title='bbox 877 2151 958 2185; x_wconf 87' lang='lat' dir='ltr'>foetu</span> <span class='ocrx_word' id='word_1_249' title='bbox 973 2162 1071 2185; x_wconf 83' lang='lat' dir='ltr'>novae</span> <span class='ocrx_word' id='word_1_250' title='bbox 1087 2151 1182 2196; x_wconf 86' lang='lat' dir='ltr'>prolis</span> 
     </span>
     <span class='ocr_line' id='line_1_50' title="bbox 433 2200 1181 2249; baseline -0.004 -12"><span class='ocrx_word' id='word_1_251' title='bbox 433 2201 621 2249; x_wconf 80' lang='lat' dir='ltr'>amplificet,</span> <span class='ocrx_word' id='word_1_252' title='bbox 659 2210 689 2236; x_wconf 83' lang='lat' dir='ltr'>et</span> <span class='ocrx_word' id='word_1_253' title='bbox 720 2202 746 2236; x_wconf 89' lang='lat' dir='ltr'>ei</span> <span class='ocrx_word' id='word_1_254' title='bbox 777 2213 834 2236; x_wconf 87' lang='lat' dir='ltr'>nec</span> <span class='ocrx_word' id='word_1_255' title='bbox 857 2200 991 2248; x_wconf 90' lang='lat' dir='ltr'>procella</span> <span class='ocrx_word' id='word_1_256' title='bbox 1029 2200 1181 2244; x_wconf 75' lang='lat' dir='ltr'>turbinis,</span> 
     </span>
     <span class='ocr_line' id='line_1_51' title="bbox 435 2250 1180 2300; baseline -0.004 -14"><span class='ocrx_word' id='word_1_257' title='bbox 435 2264 492 2287; x_wconf 91' lang='lat' dir='ltr'>nec</span> <span class='ocrx_word' id='word_1_258' title='bbox 514 2252 690 2300; x_wconf 80' lang='lat' dir='ltr'>praevalere</span> <span class='ocrx_word' id='word_1_259' title='bbox 712 2251 811 2299; x_wconf 88' lang='lat' dir='ltr'>possit</span> <span class='ocrx_word' id='word_1_260' title='bbox 828 2250 958 2298; x_wconf 89' lang='lat' dir='ltr'>spiritus</span> <span class='ocrx_word' id='word_1_261' title='bbox 976 2251 1180 2296; x_wconf 72' lang='lat' dir='ltr'>tempestatis</span> 
     </span>
    </p>

    <p class='ocr_par' dir='ltr' id='par_1_8' title="bbox 435 2301 1184 2694">
     <span class='ocr_line' id='line_1_52' title="bbox 482 2301 1182 2349; baseline -0.004 -12"><span class='ocrx_word' id='word_1_262' title='bbox 482 2302 502 2349; x_wconf 64' lang='lat' dir='ltr'>S</span> <span class='ocrx_word' id='word_1_263' title='bbox 537 2304 567 2336; x_wconf 79' lang='lat' dir='ltr'>l.</span> <span class='ocrx_word' id='word_1_264' title='bbox 599 2302 682 2337; x_wconf 89' lang='lat' dir='ltr'>Sane</span> <span class='ocrx_word' id='word_1_265' title='bbox 709 2301 746 2336; x_wconf 90' lang='lat' dir='ltr'>ad</span> <span class='ocrx_word' id='word_1_266' title='bbox 780 2313 882 2349; x_wconf 82' lang='lat' dir='ltr'>genus</span> <span class='ocrx_word' id='word_1_267' title='bbox 909 2308 1018 2344; x_wconf 72' lang='lat' dir='ltr'>tuum⁷</span> <span class='ocrx_word' id='word_1_268' title='bbox 1057 2312 1092 2334; x_wconf 87' lang='lat' dir='ltr'>ex</span> <span class='ocrx_word' id='word_1_269' title='bbox 1120 2312 1182 2347; x_wconf 85' lang='lat' dir='ltr'>quo</span> 
     </span>
     <span class='ocr_line' id='line_1_53' title="bbox 436 2350 1181 2405; baseline -0.001 -20"><span class='ocrx_word' id='word_1_270' title='bbox 436 2351 621 2398; x_wconf 84' lang='lat' dir='ltr'>prodierunt</span> <span class='ocrx_word' id='word_1_271' title='bbox 654 2351 708 2386; x_wconf 80' lang='lat' dir='ltr'>lilii</span> <span class='ocrx_word' id='word_1_272' title='bbox 742 2350 968 2386; x_wconf 86' lang='lat' dir='ltr'>benedictionis</span> <span class='ocrx_word' id='word_1_273' title='bbox 990 2358 1019 2384; x_wconf 87' lang='lat' dir='ltr'>et</span> <span class='ocrx_word' id='word_1_274' title='bbox 1047 2350 1181 2405; x_wconf 75' lang='lat' dir='ltr'>gratiae,</span> 
     </span>
     <span class='ocr_line' id='line_1_54' title="bbox 435 2399 1183 2448; baseline -0.001 -15"><span class='ocrx_word' id='word_1_275' title='bbox 435 2402 605 2448; x_wconf 78' lang='lat' dir='ltr'>dirigentes</span> <span class='ocrx_word' id='word_1_276' title='bbox 633 2402 779 2436; x_wconf 82' lang='lat' dir='ltr'>intuitum</span> <span class='ocrx_word' id='word_1_277' title='bbox 802 2399 1063 2436; x_wconf 80' lang='lat' dir='ltr'>considerationis</span> <span class='ocrx_word' id='word_1_278' title='bbox 1086 2400 1183 2433; x_wconf 87' lang='lat' dir='ltr'>inter-</span> 
     </span>
     <span class='ocr_line' id='line_1_55' title="bbox 437 2449 1183 2498; baseline -0.004 -12"><span class='ocrx_word' id='word_1_279' title='bbox 437 2464 511 2495; x_wconf 68' lang='lat' dir='ltr'>nae,</span> <span class='ocrx_word' id='word_1_280' title='bbox 534 2451 588 2486; x_wconf 92' lang='lat' dir='ltr'>tibi</span> <span class='ocrx_word' id='word_1_281' title='bbox 621 2451 660 2486; x_wconf 86' lang='lat' dir='ltr'>de</span> <span class='ocrx_word' id='word_1_282' title='bbox 693 2452 820 2498; x_wconf 81' lang='lat' dir='ltr'>regione</span> <span class='ocrx_word' id='word_1_283' title='bbox 848 2449 1183 2486; x_wconf 84' lang='lat' dir='ltr'>dissimilitudiniste—</span> 
     </span>
     <span class='ocr_line' id='line_1_56' title="bbox 436 2480 1183 2548; baseline -0.001 -14"><span class='ocrx_word' id='word_1_284' title='bbox 436 2480 544 2536; x_wconf 75' lang='lat' dir='ltr'>«leuitti</span> <span class='ocrx_word' id='word_1_285' title='bbox 581 2501 717 2537; x_wconf 85' lang='lat' dir='ltr'>bracliiis</span> <span class='ocrx_word' id='word_1_286' title='bbox 748 2510 893 2548; x_wconf 86' lang='lat' dir='ltr'>paternae</span> <span class='ocrx_word' id='word_1_287' title='bbox 923 2500 1098 2535; x_wconf 76' lang='lat' dir='ltr'>affectionis</span> <span class='ocrx_word' id='word_1_288' title='bbox 1131 2512 1183 2534; x_wconf 86' lang='lat' dir='ltr'>ac-</span> 
     </span>
     <span class='ocr_line' id='line_1_57' title="bbox 437 2550 1183 2595; baseline -0.001 -12"><span class='ocrx_word' id='word_1_289' title='bbox 437 2551 633 2595; x_wconf 65' lang='lat' dir='ltr'>mamimus,</span> <span class='ocrx_word' id='word_1_290' title='bbox 669 2559 697 2586; x_wconf 89' lang='lat' dir='ltr'>et</span> <span class='ocrx_word' id='word_1_291' title='bbox 727 2560 756 2586; x_wconf 89' lang='lat' dir='ltr'>te</span> <span class='ocrx_word' id='word_1_292' title='bbox 793 2550 912 2586; x_wconf 85' lang='lat' dir='ltr'>solidae</span> <span class='ocrx_word' id='word_1_293' title='bbox 933 2550 1092 2585; x_wconf 88' lang='lat' dir='ltr'>cbaritatis</span> <span class='ocrx_word' id='word_1_294' title='bbox 1115 2561 1183 2583; x_wconf 89' lang='lat' dir='ltr'>am-</span> 
     </span>
     <span class='ocr_line' id='line_1_58' title="bbox 439 2599 1184 2648; baseline -0.003 -13"><span class='ocrx_word' id='word_1_295' title='bbox 439 2601 529 2646; x_wconf 81' lang='lat' dir='ltr'>plexu</span> <span class='ocrx_word' id='word_1_296' title='bbox 552 2601 691 2648; x_wconf 86' lang='lat' dir='ltr'>pressius</span> <span class='ocrx_word' id='word_1_297' title='bbox 726 2601 942 2638; x_wconf 80' lang='lat' dir='ltr'>obsculamur:</span> <span class='ocrx_word' id='word_1_298' title='bbox 969 2608 998 2635; x_wconf 88' lang='lat' dir='ltr'>et</span> <span class='ocrx_word' id='word_1_299' title='bbox 1024 2612 1086 2646; x_wconf 83' lang='lat' dir='ltr'>quo</span> <span class='ocrx_word' id='word_1_300' title='bbox 1115 2599 1184 2645; x_wconf 85' lang='lat' dir='ltr'>plus</span> 
     </span>
     <span class='ocr_line' id='line_1_59' title="bbox 439 2650 1182 2694; baseline -0.004 -10"><span class='ocrx_word' id='word_1_301' title='bbox 439 2659 508 2685; x_wconf 88' lang='lat' dir='ltr'>tuae</span> <span class='ocrx_word' id='word_1_302' title='bbox 540 2650 684 2685; x_wconf 74' lang='lat' dir='ltr'>ferventis</span> <span class='ocrx_word' id='word_1_303' title='bbox 719 2651 895 2685; x_wconf 83' lang='lat' dir='ltr'>devotionis</span> <span class='ocrx_word' id='word_1_304' title='bbox 932 2650 1075 2685; x_wconf 76' lang='lat' dir='ltr'>affectum</span> <span class='ocrx_word' id='word_1_305' title='bbox 1112 2661 1182 2694; x_wconf 72' lang='lat' dir='ltr'>erga</span> 
     </span>
    </p>
   </div>
   <div class='ocr_carea' id='block_1_8' title="bbox 1012 255 1381 280">
    <p class='ocr_par' dir='ltr' id='par_1_9' title="bbox 1012 255 1381 280">
     <span class='ocr_line' id='line_1_60' title="bbox 1012 255 1381 280; baseline -0.011 0"><span class='ocrx_word' id='word_1_306' title='bbox 1012 257 1148 280; x_wconf 63' lang='lat' dir='ltr'>numm</span> <span class='ocrx_word' id='word_1_307' title='bbox 1155 256 1197 278; x_wconf 71' lang='grc' dir='ltr'>ΠΜ</span> <span class='ocrx_word' id='word_1_308' title='bbox 1223 255 1310 277; x_wconf 76' lang='lat' dir='ltr'>ROMA</span> <span class='ocrx_word' id='word_1_309' title='bbox 1317 255 1381 277; x_wconf 77' lang='lat' dir='ltr'>NUM</span> 
     </span>
    </p>
   </div>
   <div class='ocr_carea' id='block_1_9' title="bbox 1217 308 1969 604">
    <p class='ocr_par' dir='ltr' id='par_1_10' title="bbox 1217 308 1968 542">
     <span class='ocr_line' id='line_1_61' title="bbox 1217 308 1964 356; baseline -0.001 -12"><span class='ocrx_word' id='word_1_310' title='bbox 1217 323 1286 349; x_wconf 84' lang='lat' dir='ltr'>nos,</span> <span class='ocrx_word' id='word_1_311' title='bbox 1320 318 1347 343; x_wconf 75' lang='lat' dir='ltr'>et</span> <span class='ocrx_word' id='word_1_312' title='bbox 1377 310 1474 356; x_wconf 86' lang='lat' dir='ltr'>ipsam</span> <span class='ocrx_word' id='word_1_313' title='bbox 1506 308 1698 346; x_wconf 62' lang='lat' dir='ltr'>Ecclesiamq</span> <span class='ocrx_word' id='word_1_314' title='bbox 1733 321 1749 342; x_wconf 91' lang='lat' dir='ltr'>a</span> <span class='ocrx_word' id='word_1_315' title='bbox 1778 309 1867 343; x_wconf 92' lang='lat' dir='ltr'>cuius</span> <span class='ocrx_word' id='word_1_316' title='bbox 1890 308 1964 343; x_wconf 86' lang='lat' dir='ltr'>olim</span> 
     </span>
     <span class='ocr_line' id='line_1_62' title="bbox 1217 358 1967 398; baseline 0 -5"><span class='ocrx_word' id='word_1_317' title='bbox 1217 361 1337 394; x_wconf 84' lang='lat' dir='ltr'>unitate</span> <span class='ocrx_word' id='word_1_318' title='bbox 1366 370 1551 398; x_wconf 72' lang='lat' dir='ltr'>recesseras,</span> <span class='ocrx_word' id='word_1_319' title='bbox 1575 358 1697 392; x_wconf 88' lang='lat' dir='ltr'>oculate</span> <span class='ocrx_word' id='word_1_320' title='bbox 1712 366 1742 392; x_wconf 90' lang='lat' dir='ltr'>et</span> <span class='ocrx_word' id='word_1_321' title='bbox 1763 366 1879 393; x_wconf 85' lang='lat' dir='ltr'>attente</span> <span class='ocrx_word' id='word_1_322' title='bbox 1895 370 1967 393; x_wconf 90' lang='lat' dir='ltr'>con-</span> 
     </span>
     <span class='ocr_line' id='line_1_63' title="bbox 1217 407 1968 456; baseline 0.001 -15"><span class='ocrx_word' id='word_1_323' title='bbox 1217 410 1384 456; x_wconf 67' lang='lat' dir='ltr'>spicimuS,</span> <span class='ocrx_word' id='word_1_324' title='bbox 1411 421 1448 443; x_wconf 87' lang='lat' dir='ltr'>co</span> <span class='ocrx_word' id='word_1_325' title='bbox 1471 408 1574 455; x_wconf 92' lang='lat' dir='ltr'>potius</span> <span class='ocrx_word' id='word_1_326' title='bbox 1601 419 1671 453; x_wconf 81' lang='lat' dir='ltr'>erga</span> <span class='ocrx_word' id='word_1_327' title='bbox 1696 415 1724 441; x_wconf 86' lang='lat' dir='ltr'>tc</span> <span class='ocrx_word' id='word_1_328' title='bbox 1753 407 1854 454; x_wconf 81' lang='lat' dir='ltr'>ipsius</span> <span class='ocrx_word' id='word_1_329' title='bbox 1881 408 1968 442; x_wconf 88' lang='lat' dir='ltr'>beni-</span> 
     </span>
     <span class='ocr_line' id='line_1_64' title="bbox 1217 457 1967 503; baseline -0.003 -10"><span class='ocrx_word' id='word_1_330' title='bbox 1217 459 1319 503; x_wconf 81' lang='lat' dir='ltr'>gnitas</span> <span class='ocrx_word' id='word_1_331' title='bbox 1341 458 1493 493; x_wconf 80' lang='lat' dir='ltr'>excitatur</span> <span class='ocrx_word' id='word_1_332' title='bbox 1514 457 1693 501; x_wconf 71' lang='lat' dir='ltr'>Ecclesiae,</span> <span class='ocrx_word' id='word_1_333' title='bbox 1716 464 1747 491; x_wconf 87' lang='lat' dir='ltr'>et</span> <span class='ocrx_word' id='word_1_334' title='bbox 1770 464 1894 492; x_wconf 88' lang='lat' dir='ltr'>nostrae</span> <span class='ocrx_word' id='word_1_335' title='bbox 1916 457 1967 492; x_wconf 93' lang='lat' dir='ltr'>di-</span> 
     </span>
     <span class='ocr_line' id='line_1_65' title="bbox 1219 507 1744 542; baseline -0.002 -1"><span class='ocrx_word' id='word_1_336' title='bbox 1219 508 1358 542; x_wconf 87' lang='lat' dir='ltr'>lectionis</span> <span class='ocrx_word' id='word_1_337' title='bbox 1385 508 1549 542; x_wconf 83' lang='lat' dir='ltr'>sinceritas</span> <span class='ocrx_word' id='word_1_338' title='bbox 1572 507 1744 542; x_wconf 79' lang='lat' dir='ltr'>incalescit.</span> 
     </span>
    </p>

    <p class='ocr_par' dir='ltr' id='par_1_11' title="bbox 1266 556 1969 604">
     <span class='ocr_line' id='line_1_66' title="bbox 1266 556 1969 604; baseline -0.001 -11.999"><span class='ocrx_word' id='word_1_339' title='bbox 1266 558 1344 604; x_wconf 65' lang='lat'>§2</span> <span class='ocrx_word' id='word_1_340' title='bbox 1380 558 1426 592; x_wconf 85' lang='lat' dir='ltr'>Ad</span> <span class='ocrx_word' id='word_1_341' title='bbox 1459 558 1609 592; x_wconf 88' lang='lat' dir='ltr'>bonorem</span> <span class='ocrx_word' id='word_1_342' title='bbox 1648 557 1742 604; x_wconf 84' lang='lat' dir='ltr'>igitur</span> <span class='ocrx_word' id='word_1_343' title='bbox 1778 557 1835 591; x_wconf 83' lang='lat' dir='ltr'>Dei</span> <span class='ocrx_word' id='word_1_344' title='bbox 1867 556 1969 591; x_wconf 88' lang='lat' dir='ltr'>Patris</span> 
     </span>
    </p>
   </div>
   <div class='ocr_carea' id='block_1_10' title="bbox 1944 593 2167 614">
    <p class='ocr_par' dir='ltr' id='par_1_12' title="bbox 1944 593 2167 614">
     <span class='ocr_line' id='line_1_67' title="bbox 1944 593 2167 614; baseline 0.004 -2"><span class='ocrx_word' id='word_1_345' title='bbox 1944 607 1949 612; x_wconf 94' lang='lat'>.</span> <span class='ocrx_word' id='word_1_346' title='bbox 1984 593 2109 614; x_wconf 72' lang='lat' dir='ltr'>dintntttlo</span> <span class='ocrx_word' id='word_1_347' title='bbox 2114 595 2167 613; x_wconf 74' lang='lat' dir='ltr'>reice</span> 
     </span>
    </p>
   </div>
   <div class='ocr_carea' id='block_1_11' title="bbox 1219 584 1971 952">
    <p class='ocr_par' dir='ltr' id='par_1_13' title="bbox 1219 584 1971 952">
     <span class='ocr_line' id='line_1_68' title="bbox 1219 584 1967 654; baseline 0 -14"><span class='ocrx_word' id='word_1_348' title='bbox 1219 608 1446 654; x_wconf 85' lang='lat' dir='ltr'>omnipotentis</span> <span class='ocrx_word' id='word_1_349' title='bbox 1468 616 1495 642; x_wconf 87' lang='lat' dir='ltr'>ct</span> <span class='ocrx_word' id='word_1_350' title='bbox 1523 607 1592 641; x_wconf 88' lang='lat' dir='ltr'>Filii</span> <span class='ocrx_word' id='word_1_351' title='bbox 1621 615 1651 641; x_wconf 82' lang='lat' dir='ltr'>et</span> <span class='ocrx_word' id='word_1_352' title='bbox 1659 584 1816 654; x_wconf 58' lang='lat' dir='ltr'>DSpiritus</span> <span class='ocrx_word' id='word_1_353' title='bbox 1844 605 1967 649; x_wconf 79' lang='lat' dir='ltr'>Sancti,</span> 
     </span>
     <span class='ocr_line' id='line_1_69' title="bbox 1219 655 1969 703; baseline -0.001 -11"><span class='ocrx_word' id='word_1_354' title='bbox 1219 670 1254 692; x_wconf 92' lang='lat' dir='ltr'>ac</span> <span class='ocrx_word' id='word_1_355' title='bbox 1281 657 1393 691; x_wconf 78' lang='lat' dir='ltr'>Beatae</span> <span class='ocrx_word' id='word_1_356' title='bbox 1425 666 1456 691; x_wconf 72' lang='lat' dir='ltr'>et</span> <span class='ocrx_word' id='word_1_357' title='bbox 1489 657 1651 692; x_wconf 86' lang='lat' dir='ltr'>Gloriosae</span> <span class='ocrx_word' id='word_1_358' title='bbox 1685 668 1874 703; x_wconf 83' lang='lat' dir='ltr'>semperque</span> <span class='ocrx_word' id='word_1_359' title='bbox 1896 655 1969 691; x_wconf 91' lang='lat' dir='ltr'>Vir·</span> 
     </span>
     <span class='ocr_line' id='line_1_70' title="bbox 1219 707 1971 754; baseline -0.001 -14"><span class='ocrx_word' id='word_1_360' title='bbox 1219 708 1302 754; x_wconf 83' lang='lat' dir='ltr'>ginis</span> <span class='ocrx_word' id='word_1_361' title='bbox 1323 707 1457 751; x_wconf 74' lang='lat' dir='ltr'>Mariae,</span> <span class='ocrx_word' id='word_1_362' title='bbox 1485 707 1646 741; x_wconf 78' lang='lat' dir='ltr'>beatorum</span> <span class='ocrx_word' id='word_1_363' title='bbox 1675 718 1802 753; x_wconf 86' lang='lat' dir='ltr'>quoque</span> <span class='ocrx_word' id='word_1_364' title='bbox 1836 713 1971 754; x_wconf 88' lang='lat' dir='ltr'>aposto-</span> 
     </span>
     <span class='ocr_line' id='line_1_71' title="bbox 1221 756 1970 796; baseline -0.001 -5"><span class='ocrx_word' id='word_1_365' title='bbox 1221 758 1322 791; x_wconf 88' lang='lat' dir='ltr'>lorum</span> <span class='ocrx_word' id='word_1_366' title='bbox 1346 756 1429 790; x_wconf 81' lang='lat' dir='ltr'>Petri</span> <span class='ocrx_word' id='word_1_367' title='bbox 1458 764 1487 790; x_wconf 90' lang='lat' dir='ltr'>et</span> <span class='ocrx_word' id='word_1_368' title='bbox 1510 756 1617 796; x_wconf 80' lang='lat' dir='ltr'>Pauli,</span> <span class='ocrx_word' id='word_1_369' title='bbox 1641 768 1763 791; x_wconf 81' lang='lat' dir='ltr'>necnon</span> <span class='ocrx_word' id='word_1_370' title='bbox 1793 764 1821 790; x_wconf 86' lang='lat' dir='ltr'>et</span> <span class='ocrx_word' id='word_1_371' title='bbox 1845 763 1970 790; x_wconf 88' lang='lat' dir='ltr'>sanctae</span> 
     </span>
     <span class='ocr_line' id='line_1_72' title="bbox 1220 805 1971 846; baseline -0.004 -4"><span class='ocrx_word' id='word_1_372' title='bbox 1220 807 1382 842; x_wconf 79' lang='lat' dir='ltr'>Romanae</span> <span class='ocrx_word' id='word_1_373' title='bbox 1416 805 1586 846; x_wconf 72' lang='lat' dir='ltr'>Ecclesiae,</span> <span class='ocrx_word' id='word_1_374' title='bbox 1615 806 1654 841; x_wconf 88' lang='lat' dir='ltr'>de</span> <span class='ocrx_word' id='word_1_375' title='bbox 1683 806 1810 841; x_wconf 78' lang='lat' dir='ltr'>fratrum</span> <span class='ocrx_word' id='word_1_376' title='bbox 1841 814 1971 840; x_wconf 88' lang='lat' dir='ltr'>nostro-</span> 
     </span>
     <span class='ocr_line' id='line_1_73' title="bbox 1222 855 1971 902; baseline -0.001 -12"><span class='ocrx_word' id='word_1_377' title='bbox 1222 869 1289 890; x_wconf 85' lang='lat' dir='ltr'>rum</span> <span class='ocrx_word' id='word_1_378' title='bbox 1319 855 1450 890; x_wconf 83' lang='lat' dir='ltr'>consilio</span> <span class='ocrx_word' id='word_1_379' title='bbox 1472 864 1500 889; x_wconf 89' lang='lat' dir='ltr'>et</span> <span class='ocrx_word' id='word_1_380' title='bbox 1527 867 1677 899; x_wconf 78' lang='lat' dir='ltr'>assensu,</span> <span class='ocrx_word' id='word_1_381' title='bbox 1703 868 1832 902; x_wconf 78' lang='lat' dir='ltr'>regnum</span> <span class='ocrx_word' id='word_1_382' title='bbox 1862 855 1971 889; x_wconf 88' lang='lat' dir='ltr'>Sardi-</span> 
     </span>
     <span class='ocr_line' id='line_1_74' title="bbox 1223 904 1970 952; baseline 0 -13"><span class='ocrx_word' id='word_1_383' title='bbox 1223 906 1290 939; x_wconf 84' lang='lat' dir='ltr'>niae</span> <span class='ocrx_word' id='word_1_384' title='bbox 1313 913 1343 939; x_wconf 83' lang='lat' dir='ltr'>et</span> <span class='ocrx_word' id='word_1_385' title='bbox 1375 904 1541 947; x_wconf 74' lang='lat' dir='ltr'>Corsicae,</span> <span class='ocrx_word' id='word_1_386' title='bbox 1569 905 1650 952; x_wconf 91' lang='lat' dir='ltr'>quod</span> <span class='ocrx_word' id='word_1_387' title='bbox 1680 905 1778 951; x_wconf 86' lang='lat' dir='ltr'>ipsius</span> <span class='ocrx_word' id='word_1_388' title='bbox 1811 905 1970 940; x_wconf 86' lang='lat' dir='ltr'>Ecclesiae</span> 
     </span>
    </p>
   </div>
   <div class='ocr_carea' id='block_1_12' title="bbox 1223 954 2013 1002">
    <p class='ocr_par' dir='ltr' id='par_1_14' title="bbox 1223 954 2013 1002">
     <span class='ocr_line' id='line_1_75' title="bbox 1223 954 2013 1002; baseline -0.003 -14"><span class='ocrx_word' id='word_1_389' title='bbox 1223 955 1299 989; x_wconf 87' lang='lat' dir='ltr'>iuris</span> <span class='ocrx_word' id='word_1_390' title='bbox 1326 962 1357 988; x_wconf 71' lang='lat' dir='ltr'>et</span> <span class='ocrx_word' id='word_1_391' title='bbox 1381 954 1580 1002; x_wconf 82' lang='lat' dir='ltr'>proprietatis</span> <span class='ocrx_word' id='word_1_392' title='bbox 1603 955 1717 996; x_wconf 83' lang='lat' dir='ltr'>existit,</span> <span class='ocrx_word' id='word_1_393' title='bbox 1745 966 1815 988; x_wconf 87' lang='lat' dir='ltr'>cum</span> <span class='ocrx_word' id='word_1_394' title='bbox 1848 954 1971 988; x_wconf 87' lang='lat' dir='ltr'>iuribus</span> <span class='ocrx_word' id='word_1_395' title='bbox 2004 978 2013 985; x_wconf 50' lang='lat'>2</span> 
     </span>
    </p>
   </div>
   <div class='ocr_carea' id='block_1_13' title="bbox 1222 1003 1975 2694">
    <p class='ocr_par' dir='ltr' id='par_1_15' title="bbox 1222 1003 1975 2694">
     <span class='ocr_line' id='line_1_76' title="bbox 1222 1003 1971 1050; baseline 0 -12"><span class='ocrx_word' id='word_1_396' title='bbox 1222 1004 1370 1039; x_wconf 90' lang='lat' dir='ltr'>omnibus</span> <span class='ocrx_word' id='word_1_397' title='bbox 1392 1012 1421 1038; x_wconf 87' lang='lat' dir='ltr'>ct</span> <span class='ocrx_word' id='word_1_398' title='bbox 1445 1004 1640 1050; x_wconf 85' lang='lat' dir='ltr'>pertinentiis</span> <span class='ocrx_word' id='word_1_399' title='bbox 1667 1004 1731 1038; x_wconf 89' lang='lat' dir='ltr'>suis</span> <span class='ocrx_word' id='word_1_400' title='bbox 1754 1003 1809 1037; x_wconf 90' lang='lat' dir='ltr'>tibi</span> <span class='ocrx_word' id='word_1_401' title='bbox 1844 1011 1874 1039; x_wconf 87' lang='lat' dir='ltr'>et</span> <span class='ocrx_word' id='word_1_402' title='bbox 1911 1004 1971 1038; x_wconf 89' lang='lat' dir='ltr'>tuis</span> 
     </span>
     <span class='ocr_line' id='line_1_77' title="bbox 1224 1053 1971 1100; baseline 0 -13"><span class='ocrx_word' id='word_1_403' title='bbox 1224 1054 1422 1094; x_wconf 78' lang='lat' dir='ltr'>haeredibus,</span> <span class='ocrx_word' id='word_1_404' title='bbox 1445 1065 1481 1088; x_wconf 84' lang='lat' dir='ltr'>ex</span> <span class='ocrx_word' id='word_1_405' title='bbox 1499 1062 1552 1088; x_wconf 93' lang='lat' dir='ltr'>tuo</span> <span class='ocrx_word' id='word_1_406' title='bbox 1575 1061 1604 1087; x_wconf 88' lang='lat' dir='ltr'>et</span> <span class='ocrx_word' id='word_1_407' title='bbox 1624 1054 1763 1100; x_wconf 83' lang='lat' dir='ltr'>ipsorum</span> <span class='ocrx_word' id='word_1_408' title='bbox 1786 1053 1971 1100; x_wconf 88' lang='lat' dir='ltr'>corporibus</span> 
     </span>
     <span class='ocr_line' id='line_1_78' title="bbox 1223 1102 1971 1149; baseline 0 -12"><span class='ocrx_word' id='word_1_409' title='bbox 1223 1103 1360 1149; x_wconf 77' lang='lat' dir='ltr'>legitime</span> <span class='ocrx_word' id='word_1_410' title='bbox 1397 1102 1663 1138; x_wconf 77' lang='lat' dir='ltr'>descendentibus</span> <span class='ocrx_word' id='word_1_411' title='bbox 1691 1102 1854 1148; x_wconf 88' lang='lat' dir='ltr'>utriusque</span> <span class='ocrx_word' id='word_1_412' title='bbox 1876 1113 1971 1137; x_wconf 86' lang='lat' dir='ltr'>sexus</span> 
     </span>
     <span class='ocr_line' id='line_1_79' title="bbox 1223 1151 1973 1199; baseline -0.003 -12"><span class='ocrx_word' id='word_1_413' title='bbox 1223 1154 1303 1187; x_wconf 93' lang='lat' dir='ltr'>natis</span> <span class='ocrx_word' id='word_1_414' title='bbox 1326 1153 1384 1187; x_wconf 88' lang='lat' dir='ltr'>iam</span> <span class='ocrx_word' id='word_1_415' title='bbox 1408 1161 1438 1187; x_wconf 91' lang='lat' dir='ltr'>et</span> <span class='ocrx_word' id='word_1_416' title='bbox 1465 1154 1556 1187; x_wconf 88' lang='lat' dir='ltr'>etiam</span> <span class='ocrx_word' id='word_1_417' title='bbox 1583 1152 1761 1191; x_wconf 86' lang='lat' dir='ltr'>nascituris,</span> <span class='ocrx_word' id='word_1_418' title='bbox 1796 1151 1826 1185; x_wconf 93' lang='lat' dir='ltr'>in</span> <span class='ocrx_word' id='word_1_419' title='bbox 1863 1163 1973 1199; x_wconf 89' lang='lat' dir='ltr'>perpe-</span> 
     </span>
     <span class='ocr_line' id='line_1_80' title="bbox 1222 1201 1971 1248; baseline -0.001 -12"><span class='ocrx_word' id='word_1_420' title='bbox 1222 1210 1310 1236; x_wconf 84' lang='lat' dir='ltr'>tuum</span> <span class='ocrx_word' id='word_1_421' title='bbox 1340 1202 1468 1237; x_wconf 72' lang='lat' dir='ltr'>tendum</span> <span class='ocrx_word' id='word_1_422' title='bbox 1491 1202 1626 1248; x_wconf 81' lang='lat' dir='ltr'>gratiose</span> <span class='ocrx_word' id='word_1_423' title='bbox 1648 1201 1859 1241; x_wconf 78' lang='lat' dir='ltr'>conserimus,</span> <span class='ocrx_word' id='word_1_424' title='bbox 1883 1208 1913 1235; x_wconf 89' lang='lat' dir='ltr'>et</span> <span class='ocrx_word' id='word_1_425' title='bbox 1935 1213 1971 1235; x_wconf 87' lang='lat' dir='ltr'>ex</span> 
     </span>
     <span class='ocr_line' id='line_1_81' title="bbox 1223 1250 1972 1299; baseline -0.003 -13"><span class='ocrx_word' id='word_1_426' title='bbox 1223 1252 1423 1299; x_wconf 84' lang='lat' dir='ltr'>Apostolicae</span> <span class='ocrx_word' id='word_1_427' title='bbox 1441 1252 1534 1287; x_wconf 87' lang='lat' dir='ltr'>Sedis</span> <span class='ocrx_word' id='word_1_428' title='bbox 1563 1251 1745 1286; x_wconf 82' lang='lat' dir='ltr'>liberalitate</span> <span class='ocrx_word' id='word_1_429' title='bbox 1769 1250 1972 1285; x_wconf 85' lang='lat' dir='ltr'>concedimus</span> 
     </span>
     <span class='ocr_line' id='line_1_82' title="bbox 1222 1301 1972 1344; baseline -0.004 -8"><span class='ocrx_word' id='word_1_430' title='bbox 1222 1310 1252 1336; x_wconf 89' lang='lat' dir='ltr'>et</span> <span class='ocrx_word' id='word_1_431' title='bbox 1273 1302 1429 1336; x_wconf 88' lang='lat' dir='ltr'>donamus</span> <span class='ocrx_word' id='word_1_432' title='bbox 1451 1301 1511 1337; x_wconf 92' lang='lat' dir='ltr'>sub</span> <span class='ocrx_word' id='word_1_433' title='bbox 1533 1301 1638 1342; x_wconf 82' lang='lat' dir='ltr'>modo,</span> <span class='ocrx_word' id='word_1_434' title='bbox 1662 1301 1772 1341; x_wconf 84' lang='lat' dir='ltr'>forma,</span> <span class='ocrx_word' id='word_1_435' title='bbox 1799 1308 1921 1344; x_wconf 83' lang='lat' dir='ltr'>tenore,</span> <span class='ocrx_word' id='word_1_436' title='bbox 1943 1306 1972 1333; x_wconf 84' lang='lat' dir='ltr'>et</span> 
     </span>
     <span class='ocr_line' id='line_1_83' title="bbox 1222 1349 1972 1392; baseline -0.004 -6"><span class='ocrx_word' id='word_1_437' title='bbox 1222 1351 1475 1392; x_wconf 78' lang='lat' dir='ltr'>conditionibus,</span> <span class='ocrx_word' id='word_1_438' title='bbox 1511 1363 1566 1386; x_wconf 90' lang='lat' dir='ltr'>seu</span> <span class='ocrx_word' id='word_1_439' title='bbox 1606 1349 1869 1385; x_wconf 88' lang='lat' dir='ltr'>conventionibus</span> <span class='ocrx_word' id='word_1_440' title='bbox 1896 1361 1972 1384; x_wconf 88' lang='lat' dir='ltr'>con-</span> 
     </span>
     <span class='ocr_line' id='line_1_84' title="bbox 1223 1399 1972 1448; baseline -0.004 -13"><span class='ocrx_word' id='word_1_441' title='bbox 1223 1401 1316 1435; x_wconf 86' lang='lat' dir='ltr'>tentis</span> <span class='ocrx_word' id='word_1_442' title='bbox 1343 1400 1572 1448; x_wconf 87' lang='lat' dir='ltr'>praesentibus,</span> <span class='ocrx_word' id='word_1_443' title='bbox 1600 1412 1615 1434; x_wconf 88' lang='lat' dir='ltr'>a</span> <span class='ocrx_word' id='word_1_444' title='bbox 1647 1400 1738 1435; x_wconf 91' lang='lat' dir='ltr'>nobis</span> <span class='ocrx_word' id='word_1_445' title='bbox 1755 1428 1762 1442; x_wconf 90' lang='lat'>‚</span> <span class='ocrx_word' id='word_1_446' title='bbox 1793 1399 1972 1446; x_wconf 86' lang='lat' dir='ltr'>nostrisque</span> 
     </span>
     <span class='ocr_line' id='line_1_85' title="bbox 1222 1449 1971 1493; baseline -0.003 -8"><span class='ocrx_word' id='word_1_447' title='bbox 1222 1451 1459 1486; x_wconf 87' lang='lat' dir='ltr'>successoribus</span> <span class='ocrx_word' id='word_1_448' title='bbox 1498 1451 1650 1485; x_wconf 88' lang='lat' dir='ltr'>canonice</span> <span class='ocrx_word' id='word_1_449' title='bbox 1695 1449 1901 1493; x_wconf 81' lang='lat' dir='ltr'>intrantibus,</span> <span class='ocrx_word' id='word_1_450' title='bbox 1941 1457 1971 1483; x_wconf 82' lang='lat' dir='ltr'>et</span> 
     </span>
     <span class='ocr_line' id='line_1_86' title="bbox 1222 1498 1973 1535; baseline -0.001 -1"><span class='ocrx_word' id='word_1_451' title='bbox 1222 1500 1303 1535; x_wconf 88' lang='lat' dir='ltr'>dicta</span> <span class='ocrx_word' id='word_1_452' title='bbox 1325 1500 1467 1535; x_wconf 86' lang='lat' dir='ltr'>Romana</span> <span class='ocrx_word' id='word_1_453' title='bbox 1497 1500 1640 1535; x_wconf 80' lang='lat' dir='ltr'>Ecclesia</span> <span class='ocrx_word' id='word_1_454' title='bbox 1660 1499 1833 1535; x_wconf 84' lang='lat' dir='ltr'>tenendum</span> <span class='ocrx_word' id='word_1_455' title='bbox 1858 1499 1888 1533; x_wconf 92' lang='lat' dir='ltr'>in</span> <span class='ocrx_word' id='word_1_456' title='bbox 1908 1498 1973 1533; x_wconf 85' lang='lat' dir='ltr'>seu-</span> 
     </span>
     <span class='ocr_line' id='line_1_87' title="bbox 1223 1548 1970 1597; baseline -0.001 -13"><span class='ocrx_word' id='word_1_457' title='bbox 1223 1549 1310 1590; x_wconf 82' lang='lat' dir='ltr'>dum,</span> <span class='ocrx_word' id='word_1_458' title='bbox 1333 1558 1362 1584; x_wconf 91' lang='lat' dir='ltr'>et</span> <span class='ocrx_word' id='word_1_459' title='bbox 1385 1563 1440 1597; x_wconf 88' lang='lat' dir='ltr'>per</span> <span class='ocrx_word' id='word_1_460' title='bbox 1461 1562 1594 1597; x_wconf 88' lang='lat' dir='ltr'>cuppam</span> <span class='ocrx_word' id='word_1_461' title='bbox 1615 1562 1739 1584; x_wconf 85' lang='lat' dir='ltr'>auream</span> <span class='ocrx_word' id='word_1_462' title='bbox 1761 1557 1789 1584; x_wconf 87' lang='lat' dir='ltr'>te</span> <span class='ocrx_word' id='word_1_463' title='bbox 1804 1549 1843 1583; x_wconf 89' lang='lat' dir='ltr'>de</span> <span class='ocrx_word' id='word_1_464' title='bbox 1858 1548 1970 1583; x_wconf 88' lang='lat' dir='ltr'>eodem</span> 
     </span>
     <span class='ocr_line' id='line_1_88' title="bbox 1224 1597 1971 1646; baseline -0.004 -12"><span class='ocrx_word' id='word_1_465' title='bbox 1224 1600 1472 1646; x_wconf 84' lang='lat' dir='ltr'>praesentialiter</span> <span class='ocrx_word' id='word_1_466' title='bbox 1498 1599 1702 1635; x_wconf 81' lang='lat' dir='ltr'>investimus:</span> <span class='ocrx_word' id='word_1_467' title='bbox 1732 1600 1771 1633; x_wconf 92' lang='lat' dir='ltr'>ita</span> <span class='ocrx_word' id='word_1_468' title='bbox 1802 1597 1886 1646; x_wconf 89' lang='lat' dir='ltr'>quod</span> <span class='ocrx_word' id='word_1_469' title='bbox 1910 1605 1971 1632; x_wconf 91' lang='lat' dir='ltr'>tam</span> 
     </span>
     <span class='ocr_line' id='line_1_89' title="bbox 1223 1647 1970 1697; baseline -0.003 -14"><span class='ocrx_word' id='word_1_470' title='bbox 1223 1658 1268 1693; x_wconf 84' lang='lat' dir='ltr'>tu,</span> <span class='ocrx_word' id='word_1_471' title='bbox 1302 1662 1396 1697; x_wconf 89' lang='lat' dir='ltr'>quam</span> <span class='ocrx_word' id='word_1_472' title='bbox 1420 1649 1553 1696; x_wconf 84' lang='lat' dir='ltr'>quilibet</span> <span class='ocrx_word' id='word_1_473' title='bbox 1580 1658 1704 1684; x_wconf 85' lang='lat' dir='ltr'>tuorum</span> <span class='ocrx_word' id='word_1_474' title='bbox 1741 1647 1913 1683; x_wconf 84' lang='lat' dir='ltr'>haeredum</span> <span class='ocrx_word' id='word_1_475' title='bbox 1942 1648 1970 1682; x_wconf 92' lang='lat' dir='ltr'>in</span> 
     </span>
     <span class='ocr_line' id='line_1_90' title="bbox 1222 1697 1969 1747; baseline -0.003 -14"><span class='ocrx_word' id='word_1_476' title='bbox 1222 1699 1306 1734; x_wconf 90' lang='lat' dir='ltr'>dicto</span> <span class='ocrx_word' id='word_1_477' title='bbox 1334 1711 1442 1746; x_wconf 83' lang='lat' dir='ltr'>regno,</span> <span class='ocrx_word' id='word_1_478' title='bbox 1472 1712 1527 1746; x_wconf 90' lang='lat' dir='ltr'>pro</span> <span class='ocrx_word' id='word_1_479' title='bbox 1551 1700 1618 1747; x_wconf 90' lang='lat' dir='ltr'>ipso</span> <span class='ocrx_word' id='word_1_480' title='bbox 1639 1711 1735 1745; x_wconf 82' lang='lat' dir='ltr'>regno</span> <span class='ocrx_word' id='word_1_481' title='bbox 1762 1697 1926 1733; x_wconf 86' lang='lat' dir='ltr'>Sardiniae</span> <span class='ocrx_word' id='word_1_482' title='bbox 1943 1705 1969 1732; x_wconf 88' lang='lat' dir='ltr'>et</span> 
     </span>
     <span class='ocr_line' id='line_1_91' title="bbox 1222 1748 1972 1797; baseline -0.003 -14"><span class='ocrx_word' id='word_1_483' title='bbox 1222 1749 1368 1784; x_wconf 89' lang='lat' dir='ltr'>Corsicae</span> <span class='ocrx_word' id='word_1_484' title='bbox 1393 1749 1483 1784; x_wconf 90' lang='lat' dir='ltr'>nobis</span> <span class='ocrx_word' id='word_1_485' title='bbox 1504 1758 1534 1784; x_wconf 87' lang='lat' dir='ltr'>et</span> <span class='ocrx_word' id='word_1_486' title='bbox 1561 1750 1619 1797; x_wconf 89' lang='lat' dir='ltr'>ipsi</span> <span class='ocrx_word' id='word_1_487' title='bbox 1634 1749 1796 1784; x_wconf 86' lang='lat' dir='ltr'>Romanae</span> <span class='ocrx_word' id='word_1_488' title='bbox 1812 1748 1972 1783; x_wconf 84' lang='lat' dir='ltr'>Ecclesiae</span> 
     </span>
     <span class='ocr_line' id='line_1_92' title="bbox 1224 1797 1970 1846; baseline -0.004 -12"><span class='ocrx_word' id='word_1_489' title='bbox 1224 1799 1418 1846; x_wconf 88' lang='lat' dir='ltr'>praestabitis</span> <span class='ocrx_word' id='word_1_490' title='bbox 1440 1808 1470 1834; x_wconf 86' lang='lat' dir='ltr'>et</span> <span class='ocrx_word' id='word_1_491' title='bbox 1493 1808 1649 1846; x_wconf 87' lang='lat' dir='ltr'>praestare</span> <span class='ocrx_word' id='word_1_492' title='bbox 1665 1798 1847 1834; x_wconf 90' lang='lat' dir='ltr'>tenebimini</span> <span class='ocrx_word' id='word_1_493' title='bbox 1864 1797 1970 1844; x_wconf 84' lang='lat' dir='ltr'>ligium</span> 
     </span>
     <span class='ocr_line' id='line_1_93' title="bbox 1223 1847 1973 1896; baseline -0.001 -13"><span class='ocrx_word' id='word_1_494' title='bbox 1223 1849 1416 1895; x_wconf 81' lang='lat' dir='ltr'>homagium,</span> <span class='ocrx_word' id='word_1_495' title='bbox 1443 1848 1662 1895; x_wconf 80' lang='lat' dir='ltr'>vassallagium</span> <span class='ocrx_word' id='word_1_496' title='bbox 1690 1848 1836 1896; x_wconf 79' lang='lat' dir='ltr'>plenum,</span> <span class='ocrx_word' id='word_1_497' title='bbox 1870 1857 1901 1882; x_wconf 80' lang='lat' dir='ltr'>et</span> <span class='ocrx_word' id='word_1_498' title='bbox 1935 1847 1973 1881; x_wconf 81' lang='lat' dir='ltr'>fi-</span> 
     </span>
     <span class='ocr_line' id='line_1_94' title="bbox 1223 1896 1973 1933; baseline -0.003 0"><span class='ocrx_word' id='word_1_499' title='bbox 1223 1898 1358 1933; x_wconf 88' lang='lat' dir='ltr'>delitatis</span> <span class='ocrx_word' id='word_1_500' title='bbox 1394 1899 1604 1933; x_wconf 89' lang='lat' dir='ltr'>iuramentum</span> <span class='ocrx_word' id='word_1_501' title='bbox 1639 1898 1698 1933; x_wconf 89' lang='lat' dir='ltr'>sub</span> <span class='ocrx_word' id='word_1_502' title='bbox 1722 1898 1819 1933; x_wconf 83' lang='lat' dir='ltr'>forma</span> <span class='ocrx_word' id='word_1_503' title='bbox 1843 1896 1973 1932; x_wconf 81' lang='lat' dir='ltr'>inferius</span> 
     </span>
     <span class='ocr_line' id='line_1_95' title="bbox 1222 1946 1972 1996; baseline -0.005 -13"><span class='ocrx_word' id='word_1_504' title='bbox 1222 1948 1386 1990; x_wconf 74' lang='lat' dir='ltr'>adnotata3</span> <span class='ocrx_word' id='word_1_505' title='bbox 1413 1957 1443 1983; x_wconf 89' lang='lat' dir='ltr'>et</span> <span class='ocrx_word' id='word_1_506' title='bbox 1472 1961 1528 1996; x_wconf 90' lang='lat' dir='ltr'>pro</span> <span class='ocrx_word' id='word_1_507' title='bbox 1555 1948 1665 1983; x_wconf 86' lang='lat' dir='ltr'>eodem</span> <span class='ocrx_word' id='word_1_508' title='bbox 1689 1959 1786 1994; x_wconf 81' lang='lat' dir='ltr'>regno</span> <span class='ocrx_word' id='word_1_509' title='bbox 1808 1946 1972 1982; x_wconf 84' lang='lat' dir='ltr'>Sardiniae</span> 
     </span>
     <span class='ocr_line' id='line_1_96' title="bbox 1223 1996 1972 2046; baseline -0.003 -14"><span class='ocrx_word' id='word_1_510' title='bbox 1223 2006 1253 2032; x_wconf 89' lang='lat' dir='ltr'>et</span> <span class='ocrx_word' id='word_1_511' title='bbox 1279 1998 1427 2034; x_wconf 86' lang='lat' dir='ltr'>Corsicae</span> <span class='ocrx_word' id='word_1_512' title='bbox 1459 1997 1642 2046; x_wconf 88' lang='lat' dir='ltr'>supradicto</span> <span class='ocrx_word' id='word_1_513' title='bbox 1682 1998 1775 2032; x_wconf 90' lang='lat' dir='ltr'>nobis</span> <span class='ocrx_word' id='word_1_514' title='bbox 1813 2005 1842 2032; x_wconf 86' lang='lat' dir='ltr'>et</span> <span class='ocrx_word' id='word_1_515' title='bbox 1869 1996 1972 2031; x_wconf 88' lang='lat' dir='ltr'>eidem</span> 
     </span>
     <span class='ocr_line' id='line_1_97' title="bbox 1223 2046 1974 2083; baseline -0.003 -1"><span class='ocrx_word' id='word_1_516' title='bbox 1223 2048 1382 2083; x_wconf 81' lang='lat' dir='ltr'>Ecclesiae</span> <span class='ocrx_word' id='word_1_517' title='bbox 1410 2048 1525 2083; x_wconf 88' lang='lat' dir='ltr'>servire</span> <span class='ocrx_word' id='word_1_518' title='bbox 1559 2048 1637 2083; x_wconf 74' lang='lat' dir='ltr'>infra</span> <span class='ocrx_word' id='word_1_519' title='bbox 1664 2047 1781 2082; x_wconf 88' lang='lat' dir='ltr'>Italiam</span> <span class='ocrx_word' id='word_1_520' title='bbox 1816 2047 1885 2081; x_wconf 89' lang='lat' dir='ltr'>sitis</span> <span class='ocrx_word' id='word_1_521' title='bbox 1911 2046 1974 2081; x_wconf 84' lang='lat' dir='ltr'>ad-</span> 
     </span>
     <span class='ocr_line' id='line_1_98' title="bbox 1223 2097 1974 2144; baseline -0.001 -13"><span class='ocrx_word' id='word_1_522' title='bbox 1223 2098 1319 2132; x_wconf 90' lang='lat' dir='ltr'>stricti</span> <span class='ocrx_word' id='word_1_523' title='bbox 1343 2097 1382 2132; x_wconf 77' lang='lat' dir='ltr'>de.</span> <span class='ocrx_word' id='word_1_524' title='bbox 1411 2107 1536 2133; x_wconf 85' lang='lat' dir='ltr'>centum</span> <span class='ocrx_word' id='word_1_525' title='bbox 1570 2097 1728 2144; x_wconf 89' lang='lat' dir='ltr'>equitibus</span> <span class='ocrx_word' id='word_1_526' title='bbox 1749 2097 1898 2131; x_wconf 83' lang='lat' dir='ltr'>decenter</span> <span class='ocrx_word' id='word_1_527' title='bbox 1925 2108 1974 2130; x_wconf 86' lang='lat' dir='ltr'>ar—</span> 
     </span>
     <span class='ocr_line' id='line_1_99' title="bbox 1224 2145 1974 2195; baseline -0.003 -14"><span class='ocrx_word' id='word_1_528' title='bbox 1224 2148 1314 2181; x_wconf 89' lang='lat' dir='ltr'>matis</span> <span class='ocrx_word' id='word_1_529' title='bbox 1335 2160 1407 2182; x_wconf 89' lang='lat' dir='ltr'>cnm</span> <span class='ocrx_word' id='word_1_530' title='bbox 1434 2160 1496 2182; x_wconf 89' lang='lat' dir='ltr'>nno</span> <span class='ocrx_word' id='word_1_531' title='bbox 1523 2159 1604 2195; x_wconf 80' lang='lat' dir='ltr'>equo</span> <span class='ocrx_word' id='word_1_532' title='bbox 1626 2147 1662 2182; x_wconf 85' lang='lat' dir='ltr'>ad</span> <span class='ocrx_word' id='word_1_533' title='bbox 1687 2159 1783 2191; x_wconf 66' lang='lat' dir='ltr'>ar7ma</span> <span class='ocrx_word' id='word_1_534' title='bbox 1801 2154 1831 2180; x_wconf 89' lang='lat' dir='ltr'>et</span> <span class='ocrx_word' id='word_1_535' title='bbox 1853 2145 1974 2180; x_wconf 88' lang='lat' dir='ltr'>duabus</span> 
     </span>
     <span class='ocr_line' id='line_1_100' title="bbox 1223 2195 1974 2245; baseline -0.001 -15"><span class='ocrx_word' id='word_1_536' title='bbox 1223 2198 1410 2244; x_wconf 76' lang='lat' dir='ltr'>equitaturis</span> <span class='ocrx_word' id='word_1_537' title='bbox 1436 2197 1472 2231; x_wconf 89' lang='lat' dir='ltr'>ad</span> <span class='ocrx_word' id='word_1_538' title='bbox 1507 2198 1613 2232; x_wconf 85' lang='lat' dir='ltr'>minus</span> <span class='ocrx_word' id='word_1_539' title='bbox 1641 2209 1695 2245; x_wconf 88' lang='lat' dir='ltr'>per</span> <span class='ocrx_word' id='word_1_540' title='bbox 1727 2195 1912 2244; x_wconf 81' lang='lat' dir='ltr'>quemlibet,</span> <span class='ocrx_word' id='word_1_541' title='bbox 1945 2203 1974 2229; x_wconf 89' lang='lat' dir='ltr'>et</span> 
     </span>
     <span class='ocr_line' id='line_1_101' title="bbox 1223 2244 1975 2294; baseline -0.001 -14"><span class='ocrx_word' id='word_1_542' title='bbox 1223 2247 1403 2294; x_wconf 71' lang='lat' dir='ltr'>quingentis</span> <span class='ocrx_word' id='word_1_543' title='bbox 1428 2247 1606 2294; x_wconf 75' lang='lat' dir='ltr'>peditibus,</span> <span class='ocrx_word' id='word_1_544' title='bbox 1630 2247 1709 2281; x_wconf 86' lang='lat' dir='ltr'>intet·</span> <span class='ocrx_word' id='word_1_545' title='bbox 1734 2258 1814 2293; x_wconf 87' lang='lat' dir='ltr'>quos</span> <span class='ocrx_word' id='word_1_546' title='bbox 1836 2244 1975 2280; x_wconf 85' lang='lat' dir='ltr'>sintsal-</span> 
     </span>
     <span class='ocr_line' id='line_1_102' title="bbox 1224 2295 1975 2332; baseline -0.003 -2"><span class='ocrx_word' id='word_1_547' title='bbox 1224 2305 1285 2331; x_wconf 88' lang='lat' dir='ltr'>tem</span> <span class='ocrx_word' id='word_1_548' title='bbox 1318 2306 1444 2332; x_wconf 79' lang='lat' dir='ltr'>centurn</span> <span class='ocrx_word' id='word_1_549' title='bbox 1478 2297 1626 2332; x_wconf 84' lang='lat' dir='ltr'>balistarii</span> <span class='ocrx_word' id='word_1_550' title='bbox 1663 2297 1701 2331; x_wconf 87' lang='lat' dir='ltr'>de</span> <span class='ocrx_word' id='word_1_551' title='bbox 1729 2295 1819 2330; x_wconf 87' lang='lat' dir='ltr'>bonis</span> <span class='ocrx_word' id='word_1_552' title='bbox 1854 2295 1975 2330; x_wconf 83' lang='lat' dir='ltr'>balistis</span> 
     </span>
     <span class='ocr_line' id='line_1_103' title="bbox 1223 2345 1974 2401; baseline -0.001 -21"><span class='ocrx_word' id='word_1_553' title='bbox 1223 2347 1332 2381; x_wconf 87' lang='lat' dir='ltr'>armati</span> <span class='ocrx_word' id='word_1_554' title='bbox 1356 2356 1385 2382; x_wconf 87' lang='lat' dir='ltr'>ct</span> <span class='ocrx_word' id='word_1_555' title='bbox 1413 2348 1544 2389; x_wconf 71' lang='lat' dir='ltr'>muniti,</span> <span class='ocrx_word' id='word_1_556' title='bbox 1573 2356 1603 2381; x_wconf 79' lang='lat' dir='ltr'>et</span> <span class='ocrx_word' id='word_1_557' title='bbox 1631 2346 1740 2394; x_wconf 75' lang='lat' dir='ltr'>reliqui</span> <span class='ocrx_word' id='word_1_558' title='bbox 1770 2345 1890 2401; x_wconf 86' lang='lat' dir='ltr'>pedites</span> <span class='ocrx_word' id='word_1_559' title='bbox 1917 2357 1974 2379; x_wconf 89' lang='lat' dir='ltr'>sno</span> 
     </span>
     <span class='ocr_line' id='line_1_104' title="bbox 1226 2396 1972 2432; baseline -0.001 -2"><span class='ocrx_word' id='word_1_560' title='bbox 1226 2396 1319 2431; x_wconf 88' lang='lat' dir='ltr'>modo</span> <span class='ocrx_word' id='word_1_561' title='bbox 1341 2398 1403 2432; x_wconf 88' lang='lat' dir='ltr'>sint</span> <span class='ocrx_word' id='word_1_562' title='bbox 1437 2398 1661 2432; x_wconf 80' lang='lat' dir='ltr'>convenienter</span> <span class='ocrx_word' id='word_1_563' title='bbox 1687 2396 1818 2431; x_wconf 83' lang='lat' dir='ltr'>armati:</span> <span class='ocrx_word' id='word_1_564' title='bbox 1847 2403 1877 2430; x_wconf 84' lang='lat' dir='ltr'>ct</span> <span class='ocrx_word' id='word_1_565' title='bbox 1912 2404 1972 2429; x_wconf 84' lang='lat' dir='ltr'>tam</span> 
     </span>
     <span class='ocr_line' id='line_1_105' title="bbox 1224 2445 1973 2495; baseline -0.004 -14"><span class='ocrx_word' id='word_1_566' title='bbox 1224 2447 1345 2493; x_wconf 79' lang='lat' dir='ltr'>equites</span> <span class='ocrx_word' id='word_1_567' title='bbox 1366 2460 1457 2495; x_wconf 86' lang='lat' dir='ltr'>qnam</span> <span class='ocrx_word' id='word_1_568' title='bbox 1487 2448 1609 2494; x_wconf 81' lang='lat' dir='ltr'>pedites</span> <span class='ocrx_word' id='word_1_569' title='bbox 1632 2448 1694 2481; x_wconf 86' lang='lat' dir='ltr'>sint</span> <span class='ocrx_word' id='word_1_570' title='bbox 1728 2445 1847 2480; x_wconf 86' lang='lat' dir='ltr'>incolae</span> <span class='ocrx_word' id='word_1_571' title='bbox 1875 2453 1973 2479; x_wconf 77' lang='lat' dir='ltr'>terrae</span> 
     </span>
     <span class='ocr_line' id='line_1_106' title="bbox 1226 2494 1972 2543; baseline 0 -15"><span class='ocrx_word' id='word_1_572' title='bbox 1226 2505 1361 2538; x_wconf 81' lang='lat' dir='ltr'>vestrae,</span> <span class='ocrx_word' id='word_1_573' title='bbox 1386 2511 1415 2532; x_wconf 84' lang='lat' dir='ltr'>in</span> <span class='ocrx_word' id='word_1_574' title='bbox 1442 2497 1618 2543; x_wconf 77' lang='lat' dir='ltr'>Aragoniae</span> <span class='ocrx_word' id='word_1_575' title='bbox 1637 2497 1681 2531; x_wconf 65' lang='lat' dir='ltr'>tel</span> <span class='ocrx_word' id='word_1_576' title='bbox 1698 2495 1903 2531; x_wconf 84' lang='lat' dir='ltr'>Catlialoniae</span> <span class='ocrx_word' id='word_1_577' title='bbox 1927 2494 1972 2528; x_wconf 63' lang='lat' dir='ltr'>tel</span> 
     </span>
     <span class='ocr_line' id='line_1_107' title="bbox 1224 2526 1974 2594; baseline -0.005 -12"><span class='ocrx_word' id='word_1_578' title='bbox 1224 2547 1294 2582; x_wconf 85' lang='lat' dir='ltr'>aliis</span> <span class='ocrx_word' id='word_1_579' title='bbox 1317 2548 1457 2594; x_wconf 88' lang='lat' dir='ltr'>partibus</span> <span class='ocrx_word' id='word_1_580' title='bbox 1491 2526 1608 2581; x_wconf 81' lang='lat' dir='ltr'>‹isdein</span> <span class='ocrx_word' id='word_1_581' title='bbox 1645 2545 1863 2582; x_wconf 86' lang='lat' dir='ltr'>adiacentibus</span> <span class='ocrx_word' id='word_1_582' title='bbox 1891 2557 1974 2579; x_wconf 92' lang='lat' dir='ltr'>con-</span> 
     </span>
     <span class='ocr_line' id='line_1_108' title="bbox 1225 2595 1975 2644; baseline -0.003 -13"><span class='ocrx_word' id='word_1_583' title='bbox 1225 2598 1360 2638; x_wconf 82' lang='lat' dir='ltr'>stitutae,</span> <span class='ocrx_word' id='word_1_584' title='bbox 1389 2610 1459 2632; x_wconf 76' lang='lat' dir='ltr'>cuni</span> <span class='ocrx_word' id='word_1_585' title='bbox 1484 2597 1683 2644; x_wconf 74' lang='lat' dir='ltr'>sumptibnS,</span> <span class='ocrx_word' id='word_1_586' title='bbox 1718 2595 1831 2642; x_wconf 54' lang='lat' dir='ltr'>gagiisq</span> <span class='ocrx_word' id='word_1_587' title='bbox 1866 2603 1895 2630; x_wconf 90' lang='lat' dir='ltr'>et</span> <span class='ocrx_word' id='word_1_588' title='bbox 1918 2607 1975 2630; x_wconf 88' lang='lat' dir='ltr'>ex-</span> 
     </span>
     <span class='ocr_line' id='line_1_109' title="bbox 1227 2646 1975 2694; baseline -0.003 -13"><span class='ocrx_word' id='word_1_589' title='bbox 1227 2648 1332 2694; x_wconf 81' lang='lat' dir='ltr'>pensis</span> <span class='ocrx_word' id='word_1_590' title='bbox 1372 2648 1481 2682; x_wconf 82' lang='lat' dir='ltr'>vestris</span> <span class='ocrx_word' id='word_1_591' title='bbox 1524 2659 1578 2694; x_wconf 82' lang='lat' dir='ltr'>per</span> <span class='ocrx_word' id='word_1_592' title='bbox 1619 2646 1783 2681; x_wconf 77' lang='lat' dir='ltr'>trimestris</span> <span class='ocrx_word' id='word_1_593' title='bbox 1823 2646 1975 2692; x_wconf 85' lang='lat' dir='ltr'>temporis</span> 
     </span>
    </p>
   </div>
   <div class='ocr_carea' id='block_1_14' title="bbox 1982 253 2159 280">
    <p class='ocr_par' dir='ltr' id='par_1_16' title="bbox 1982 253 2159 280">
     <span class='ocr_line' id='line_1_110' title="bbox 1982 253 2159 280; baseline 0 0"><span class='ocrx_word' id='word_1_594' title='bbox 1982 254 2030 280; x_wconf 91' lang='grc' dir='ltr'>Αιι.</span> <span class='ocrx_word' id='word_1_595' title='bbox 2049 253 2159 280; x_wconf 66' lang='lat'>01297</span> 
     </span>
    </p>
   </div>
   <div class='ocr_carea' id='block_1_15' title="bbox 1997 562 2167 583">
    <p class='ocr_par' dir='ltr' id='par_1_17' title="bbox 1997 562 2167 583">
     <span class='ocr_line' id='line_1_111' title="bbox 1997 562 2167 583; baseline -0.006 0"><span class='ocrx_word' id='word_1_596' title='bbox 1997 562 2044 583; x_wconf 87' lang='lat' dir='ltr'>Eun</span> <span class='ocrx_word' id='word_1_597' title='bbox 2070 564 2093 583; x_wconf 79' lang='lat' dir='ltr'>de</span> <span class='ocrx_word' id='word_1_598' title='bbox 2117 563 2142 582; x_wconf 70' lang='lat' dir='ltr'>Sa</span> <span class='ocrx_word' id='word_1_599' title='bbox 2133 569 2167 582; x_wconf 70' lang='lat' dir='ltr'>ar-</span> 
     </span>
    </p>
   </div>
   <div class='ocr_carea' id='block_1_16' title="bbox 1984 624 2168 706">
    <p class='ocr_par' dir='ltr' id='par_1_18' title="bbox 1984 624 2166 706">
     <span class='ocr_line' id='line_1_112' title="bbox 1985 624 2166 644; baseline -0.006 0"><span class='ocrx_word' id='word_1_600' title='bbox 1985 625 2070 644; x_wconf 74' lang='lat' dir='ltr'>investit</span> <span class='ocrx_word' id='word_1_601' title='bbox 2131 624 2166 643; x_wconf 76' lang='lat' dir='ltr'>sula</span> 
     </span>
     <span class='ocr_line' id='line_1_113' title="bbox 1984 655 2168 675; baseline -0.006 0"><span class='ocrx_word' id='word_1_602' title='bbox 1984 655 2091 675; x_wconf 77' lang='lat' dir='ltr'>nonnullis</span> <span class='ocrx_word' id='word_1_603' title='bbox 2116 660 2139 674; x_wconf 79' lang='lat' dir='ltr'>eu</span> <span class='ocrx_word' id='word_1_604' title='bbox 2143 661 2168 674; x_wconf 89' lang='lat' dir='ltr'>n-</span> 
     </span>
     <span class='ocr_line' id='line_1_114' title="bbox 1985 687 2098 706; baseline 0 0"><span class='ocrx_word' id='word_1_605' title='bbox 1985 687 2004 706; x_wconf 79' lang='lat' dir='ltr'>dt</span> <span class='ocrx_word' id='word_1_606' title='bbox 2007 687 2098 706; x_wconf 73' lang='lat' dir='ltr'>tlontbus</span> 
     </span>
    </p>
   </div>
   <div class='ocr_carea' id='block_1_17' title="bbox 1987 1952 2171 2068">
    <p class='ocr_par' dir='ltr' id='par_1_19' title="bbox 1987 1952 2171 2068">
     <span class='ocr_line' id='line_1_115' title="bbox 2000 1952 2170 1974; baseline 0 -1"><span class='ocrx_word' id='word_1_607' title='bbox 2000 1952 2086 1974; x_wconf 76' lang='lat' dir='ltr'>Militum</span> <span class='ocrx_word' id='word_1_608' title='bbox 2096 1960 2170 1974; x_wconf 63' lang='lat' dir='ltr'>nume&lt;</span> 
     </span>
     <span class='ocr_line' id='line_1_116' title="bbox 1987 1984 2169 2005; baseline 0 0"><span class='ocrx_word' id='word_1_609' title='bbox 1987 1990 2022 2005; x_wconf 76' lang='lat' dir='ltr'>run</span> <span class='ocrx_word' id='word_1_610' title='bbox 2038 1986 2057 2005; x_wconf 82' lang='lat' dir='ltr'>in</span> <span class='ocrx_word' id='word_1_611' title='bbox 2070 1984 2169 2005; x_wconf 65' lang='lat' dir='ltr'>Ecclesiae</span> 
     </span>
     <span class='ocr_line' id='line_1_117' title="bbox 1987 2016 2171 2043; baseline -0.005 -6"><span class='ocrx_word' id='word_1_612' title='bbox 1987 2016 2088 2043; x_wconf 80' lang='lat' dir='ltr'>olnequio</span> <span class='ocrx_word' id='word_1_613' title='bbox 2120 2016 2171 2036; x_wconf 76' lang='lat' dir='ltr'>snb-</span> 
     </span>
     <span class='ocr_line' id='line_1_118' title="bbox 1987 2047 2111 2068; baseline -0.008 0"><span class='ocrx_word' id='word_1_614' title='bbox 1987 2047 2111 2068; x_wconf 66' lang='lat' dir='ltr'>stent-udus</span> 
     </span>
    </p>
   </div>
   <div class='ocr_carea' id='block_1_18' title="bbox 2249 0 2274 2259">
    <p class='ocr_par' dir='ltr' id='par_1_20' title="bbox 2249 0 2274 2259">
     <span class='ocr_line' id='line_1_119' title="bbox 2249 0 2274 2259; baseline 0 0"><span class='ocrx_word' id='word_1_615' title='bbox 2249 0 2274 2259; x_wconf 95' lang='lat' dir='ltr'> </span> 
     </span>
    </p>
   </div>
  </div>
 </body>
</html>
