<?xml version="1.0" encoding="UTF-8"?>
<!DOCTYPE html PUBLIC "-//W3C//DTD XHTML 1.0 Transitional//EN"
    "http://www.w3.org/TR/xhtml1/DTD/xhtml1-transitional.dtd">
<html xmlns="http://www.w3.org/1999/xhtml" xml:lang="en" lang="en">
 <head>
  <title>
</title>
<meta http-equiv="Content-Type" content="text/html;charset=utf-8" />
  <meta name='ocr-system' content='tesseract 3.04.00' />
  <meta name='ocr-capabilities' content='ocr_page ocr_carea ocr_par ocr_line ocrx_word'/>
</head>
<body>
  <div class='ocr_page' id='page_1' title='image "./bullarumdiplomat04cath_0150.png"; bbox 0 0 2274 3265; ppageno 0'>
   <div class='ocr_carea' id='block_1_1' title="bbox 208 249 391 278">
    <p class='ocr_par' dir='ltr' id='par_1_1' title="bbox 208 249 391 278">
     <span class='ocr_line' id='line_1_1' title="bbox 208 249 391 278; baseline 0.011 -2"><span class='ocrx_word' id='word_1_1' title='bbox 208 250 256 276; x_wconf 79' lang='grc' dir='ltr'>Αη.</span> <span class='ocrx_word' id='word_1_2' title='bbox 275 249 305 275; x_wconf 71' lang='lat' dir='ltr'>C.</span> <span class='ocrx_word' id='word_1_3' title='bbox 328 251 391 278; x_wconf 73' lang='lat'>¹297</span> 
     </span>
    </p>
   </div>
   <div class='ocr_carea' id='block_1_2' title="bbox 453 243 516 274">
    <p class='ocr_par' dir='ltr' id='par_1_2' title="bbox 453 243 516 274">
     <span class='ocr_line' id='line_1_2' title="bbox 453 243 516 274; baseline 0 0"><span class='ocrx_word' id='word_1_4' title='bbox 453 243 516 274; x_wconf 68' lang='grc'>112</span> 
     </span>
    </p>
   </div>
   <div class='ocr_carea' id='block_1_3' title="bbox 391 307 1147 1349">
    <p class='ocr_par' dir='ltr' id='par_1_3' title="bbox 391 307 1147 1349">
     <span class='ocr_line' id='line_1_3' title="bbox 399 307 1145 359; baseline 0.008 -18"><span class='ocrx_word' id='word_1_5' title='bbox 399 316 443 345; x_wconf 76' lang='grc' dir='ltr'>ω,</span> <span class='ocrx_word' id='word_1_6' title='bbox 481 308 529 342; x_wconf 83' lang='lat' dir='ltr'>vel</span> <span class='ocrx_word' id='word_1_7' title='bbox 576 307 658 342; x_wconf 84' lang='lat' dir='ltr'>idem</span> <span class='ocrx_word' id='word_1_8' title='bbox 707 308 825 343; x_wconf 85' lang='lat' dir='ltr'>electus</span> <span class='ocrx_word' id='word_1_9' title='bbox 870 318 921 344; x_wconf 88' lang='lat' dir='ltr'>aut</span> <span class='ocrx_word' id='word_1_10' title='bbox 961 320 1145 359; x_wconf 87' lang='lat' dir='ltr'>assumptus</span> 
     </span>
     <span class='ocr_line' id='line_1_4' title="bbox 399 357 1147 408; baseline 0.007 -17"><span class='ocrx_word' id='word_1_11' title='bbox 399 357 496 392; x_wconf 83' lang='lat' dir='ltr'>filium</span> <span class='ocrx_word' id='word_1_12' title='bbox 525 357 635 392; x_wconf 87' lang='lat' dir='ltr'>habeat</span> <span class='ocrx_word' id='word_1_13' title='bbox 671 369 892 394; x_wconf 87' lang='lat' dir='ltr'>successurum</span> <span class='ocrx_word' id='word_1_14' title='bbox 915 359 974 395; x_wconf 93' lang='lat' dir='ltr'>sibi</span> <span class='ocrx_word' id='word_1_15' title='bbox 997 361 1028 396; x_wconf 88' lang='lat' dir='ltr'>in</span> <span class='ocrx_word' id='word_1_16' title='bbox 1050 374 1147 408; x_wconf 87' lang='lat' dir='ltr'>regno</span> 
     </span>
     <span class='ocr_line' id='line_1_5' title="bbox 398 406 1146 458; baseline 0.007 -17"><span class='ocrx_word' id='word_1_17' title='bbox 398 406 590 453; x_wconf 76' lang='lat' dir='ltr'>Aragoniae3</span> <span class='ocrx_word' id='word_1_18' title='bbox 613 419 720 454; x_wconf 91' lang='lat' dir='ltr'>quem,</span> <span class='ocrx_word' id='word_1_19' title='bbox 742 407 767 442; x_wconf 90' lang='lat' dir='ltr'>si</span> <span class='ocrx_word' id='word_1_20' title='bbox 788 407 919 444; x_wconf 88' lang='lat' dir='ltr'>voluerit</span> <span class='ocrx_word' id='word_1_21' title='bbox 937 411 1146 458; x_wconf 73' lang='lat' dir='ltr'>emancipare,</span> 
     </span>
     <span class='ocr_line' id='line_1_6' title="bbox 398 456 1147 503; baseline 0.008 -14"><span class='ocrx_word' id='word_1_22' title='bbox 398 456 535 503; x_wconf 77' lang='lat' dir='ltr'>legitime</span> <span class='ocrx_word' id='word_1_23' title='bbox 562 457 688 503; x_wconf 89' lang='lat' dir='ltr'>poterit,</span> <span class='ocrx_word' id='word_1_24' title='bbox 710 458 778 492; x_wconf 89' lang='lat' dir='ltr'>sine</span> <span class='ocrx_word' id='word_1_25' title='bbox 800 458 909 494; x_wconf 81' lang='lat' dir='ltr'>fraude</span> <span class='ocrx_word' id='word_1_26' title='bbox 932 460 1147 496; x_wconf 89' lang='lat' dir='ltr'>renunciando</span> 
     </span>
     <span class='ocr_line' id='line_1_7' title="bbox 397 505 1144 554; baseline 0.007 -15"><span class='ocrx_word' id='word_1_27' title='bbox 397 505 481 540; x_wconf 90' lang='lat' dir='ltr'>dicto</span> <span class='ocrx_word' id='word_1_28' title='bbox 508 517 605 552; x_wconf 83' lang='lat' dir='ltr'>regno</span> <span class='ocrx_word' id='word_1_29' title='bbox 634 506 794 541; x_wconf 81' lang='lat' dir='ltr'>Sardiniae</span> <span class='ocrx_word' id='word_1_30' title='bbox 825 515 857 542; x_wconf 88' lang='lat' dir='ltr'>et</span> <span class='ocrx_word' id='word_1_31' title='bbox 883 508 1041 554; x_wconf 89' lang='lat' dir='ltr'>Corsicae,</span> <span class='ocrx_word' id='word_1_32' title='bbox 1069 510 1144 545; x_wconf 90' lang='lat' dir='ltr'>nihil</span> 
     </span>
     <span class='ocr_line' id='line_1_8' title="bbox 398 556 1144 606; baseline 0.009 -19"><span class='ocrx_word' id='word_1_33' title='bbox 398 567 546 602; x_wconf 86' lang='lat' dir='ltr'>umquam</span> <span class='ocrx_word' id='word_1_34' title='bbox 588 556 666 590; x_wconf 90' lang='lat' dir='ltr'>iuris</span> <span class='ocrx_word' id='word_1_35' title='bbox 699 556 862 591; x_wconf 88' lang='lat' dir='ltr'>habiturus</span> <span class='ocrx_word' id='word_1_36' title='bbox 898 558 927 592; x_wconf 90' lang='lat' dir='ltr'>in</span> <span class='ocrx_word' id='word_1_37' title='bbox 957 571 994 594; x_wconf 90' lang='lat' dir='ltr'>eo</span> <span class='ocrx_word' id='word_1_38' title='bbox 1021 559 1144 606; x_wconf 85' lang='lat' dir='ltr'>publice</span> 
     </span>
     <span class='ocr_line' id='line_1_9' title="bbox 397 604 1144 654; baseline 0.008 -17"><span class='ocrx_word' id='word_1_39' title='bbox 397 604 442 639; x_wconf 87' lang='lat' dir='ltr'>vel</span> <span class='ocrx_word' id='word_1_40' title='bbox 465 605 603 644; x_wconf 87' lang='lat' dir='ltr'>occulte,</span> <span class='ocrx_word' id='word_1_41' title='bbox 631 613 661 639; x_wconf 89' lang='lat' dir='ltr'>et</span> <span class='ocrx_word' id='word_1_42' title='bbox 695 606 777 640; x_wconf 90' lang='lat' dir='ltr'>dicta</span> <span class='ocrx_word' id='word_1_43' title='bbox 809 619 901 654; x_wconf 81' lang='lat' dir='ltr'>regna</span> <span class='ocrx_word' id='word_1_44' title='bbox 930 607 1144 643; x_wconf 84' lang='lat' dir='ltr'>Romanorum</span> 
     </span>
     <span class='ocr_line' id='line_1_10' title="bbox 395 654 1141 703; baseline 0.005 -15"><span class='ocrx_word' id='word_1_45' title='bbox 395 666 448 689; x_wconf 84' lang='lat' dir='ltr'>seu</span> <span class='ocrx_word' id='word_1_46' title='bbox 485 654 680 690; x_wconf 86' lang='lat' dir='ltr'>Theutoniae</span> <span class='ocrx_word' id='word_1_47' title='bbox 717 668 752 690; x_wconf 89' lang='lat' dir='ltr'>ac</span> <span class='ocrx_word' id='word_1_48' title='bbox 787 656 955 703; x_wconf 89' lang='lat' dir='ltr'>imperinm</span> <span class='ocrx_word' id='word_1_49' title='bbox 997 658 1141 693; x_wconf 86' lang='lat' dir='ltr'>retinere.</span> 
     </span>
     <span class='ocr_line' id='line_1_11' title="bbox 394 703 1144 753; baseline 0.007 -16"><span class='ocrx_word' id='word_1_50' title='bbox 394 703 487 745; x_wconf 83' lang='lat' dir='ltr'>Quod</span> <span class='ocrx_word' id='word_1_51' title='bbox 516 704 540 738; x_wconf 90' lang='lat' dir='ltr'>si</span> <span class='ocrx_word' id='word_1_52' title='bbox 563 712 670 739; x_wconf 86' lang='lat' dir='ltr'>contra</span> <span class='ocrx_word' id='word_1_53' title='bbox 702 712 734 739; x_wconf 90' lang='lat' dir='ltr'>tu</span> <span class='ocrx_word' id='word_1_54' title='bbox 781 706 827 741; x_wconf 85' lang='lat' dir='ltr'>vel</span> <span class='ocrx_word' id='word_1_55' title='bbox 855 707 899 741; x_wconf 93' lang='lat' dir='ltr'>tui</span> <span class='ocrx_word' id='word_1_56' title='bbox 925 707 955 741; x_wconf 89' lang='lat' dir='ltr'>in</span> <span class='ocrx_word' id='word_1_57' title='bbox 985 707 1144 753; x_wconf 87' lang='lat' dir='ltr'>praedicto</span> 
     </span>
     <span class='ocr_line' id='line_1_12' title="bbox 395 753 1145 800; baseline 0.007 -14"><span class='ocrx_word' id='word_1_58' title='bbox 395 765 491 800; x_wconf 83' lang='lat' dir='ltr'>regno</span> <span class='ocrx_word' id='word_1_59' title='bbox 512 753 676 789; x_wconf 83' lang='lat' dir='ltr'>Sardiniae</span> <span class='ocrx_word' id='word_1_60' title='bbox 699 763 729 789; x_wconf 89' lang='lat' dir='ltr'>et</span> <span class='ocrx_word' id='word_1_61' title='bbox 751 754 900 790; x_wconf 81' lang='lat' dir='ltr'>Corsicae</span> <span class='ocrx_word' id='word_1_62' title='bbox 924 756 1085 796; x_wconf 75' lang='lat' dir='ltr'>haeredes,</span> <span class='ocrx_word' id='word_1_63' title='bbox 1106 757 1145 791; x_wconf 74' lang='lat' dir='ltr'>le—</span> 
     </span>
     <span class='ocr_line' id='line_1_13' title="bbox 393 803 1142 852; baseline 0.005 -15"><span class='ocrx_word' id='word_1_64' title='bbox 393 803 508 843; x_wconf 83' lang='lat' dir='ltr'>ceritis,</span> <span class='ocrx_word' id='word_1_65' title='bbox 531 812 561 838; x_wconf 93' lang='lat' dir='ltr'>et</span> <span class='ocrx_word' id='word_1_66' title='bbox 589 804 696 838; x_wconf 91' lang='lat' dir='ltr'>moniti</span> <span class='ocrx_word' id='word_1_67' title='bbox 732 805 770 838; x_wconf 89' lang='lat' dir='ltr'>ab</span> <span class='ocrx_word' id='word_1_68' title='bbox 798 805 864 852; x_wconf 91' lang='lat' dir='ltr'>ipsa</span> <span class='ocrx_word' id='word_1_69' title='bbox 901 805 1051 846; x_wconf 73' lang='lat' dir='ltr'>Ecclesia,</span> <span class='ocrx_word' id='word_1_70' title='bbox 1081 818 1142 841; x_wconf 90' lang='lat' dir='ltr'>non</span> 
     </span>
     <span class='ocr_line' id='line_1_14' title="bbox 393 852 1144 900; baseline 0.005 -14"><span class='ocrx_word' id='word_1_71' title='bbox 393 852 590 892; x_wconf 72' lang='lat' dir='ltr'>destiteritis,</span> <span class='ocrx_word' id='word_1_72' title='bbox 614 866 629 888; x_wconf 93' lang='lat' dir='ltr'>a</span> <span class='ocrx_word' id='word_1_73' title='bbox 662 854 728 888; x_wconf 87' lang='lat' dir='ltr'>iure</span> <span class='ocrx_word' id='word_1_74' title='bbox 751 854 823 888; x_wconf 90' lang='lat' dir='ltr'>dicti</span> <span class='ocrx_word' id='word_1_75' title='bbox 858 855 945 900; x_wconf 80' lang='lat' dir='ltr'>regni</span> <span class='ocrx_word' id='word_1_76' title='bbox 980 854 1144 891; x_wconf 82' lang='lat' dir='ltr'>Sardiniae</span> 
     </span>
     <span class='ocr_line' id='line_1_15' title="bbox 393 902 1141 951; baseline 0.005 -16"><span class='ocrx_word' id='word_1_77' title='bbox 393 909 421 936; x_wconf 84' lang='lat' dir='ltr'>et</span> <span class='ocrx_word' id='word_1_78' title='bbox 444 902 592 938; x_wconf 80' lang='lat' dir='ltr'>Corsicae</span> <span class='ocrx_word' id='word_1_79' title='bbox 625 904 694 950; x_wconf 91' lang='lat' dir='ltr'>ipso</span> <span class='ocrx_word' id='word_1_80' title='bbox 713 903 793 938; x_wconf 86' lang='lat' dir='ltr'>sacto</span> <span class='ocrx_word' id='word_1_81' title='bbox 812 903 941 943; x_wconf 85' lang='lat' dir='ltr'>cadatis,</span> <span class='ocrx_word' id='word_1_82' title='bbox 961 913 991 938; x_wconf 90' lang='lat' dir='ltr'>et</span> <span class='ocrx_word' id='word_1_83' title='bbox 1011 917 1141 951; x_wconf 83' lang='lat' dir='ltr'>regnum</span> 
     </span>
     <span class='ocr_line' id='line_1_16' title="bbox 394 952 1142 999; baseline 0.004 -13"><span class='ocrx_word' id='word_1_84' title='bbox 394 964 499 999; x_wconf 79' lang='lat' dir='ltr'>ipsum</span> <span class='ocrx_word' id='word_1_85' title='bbox 518 952 554 986; x_wconf 94' lang='lat' dir='ltr'>ad</span> <span class='ocrx_word' id='word_1_86' title='bbox 579 952 754 987; x_wconf 84' lang='lat' dir='ltr'>Romanam</span> <span class='ocrx_word' id='word_1_87' title='bbox 778 953 953 988; x_wconf 89' lang='lat' dir='ltr'>Ecclesiam</span> <span class='ocrx_word' id='word_1_88' title='bbox 974 953 1072 989; x_wconf 86' lang='lat' dir='ltr'>libere</span> <span class='ocrx_word' id='word_1_89' title='bbox 1094 955 1142 989; x_wconf 92' lang='lat' dir='ltr'>de-</span> 
     </span>
     <span class='ocr_line' id='line_1_17' title="bbox 393 1001 1142 1051; baseline 0.005 -16"><span class='ocrx_word' id='word_1_90' title='bbox 393 1001 541 1036; x_wconf 81' lang='lat' dir='ltr'>volvatur.</span> <span class='ocrx_word' id='word_1_91' title='bbox 570 1001 618 1036; x_wconf 78' lang='lat' dir='ltr'>Ad</span> <span class='ocrx_word' id='word_1_92' title='bbox 648 1002 737 1043; x_wconf 77' lang='lat' dir='ltr'>haec,</span> <span class='ocrx_word' id='word_1_93' title='bbox 761 1010 793 1036; x_wconf 90' lang='lat' dir='ltr'>ut</span> <span class='ocrx_word' id='word_1_94' title='bbox 816 1003 870 1036; x_wconf 89' lang='lat' dir='ltr'>tibi</span> <span class='ocrx_word' id='word_1_95' title='bbox 895 1003 966 1050; x_wconf 91' lang='lat' dir='ltr'>plus</span> <span class='ocrx_word' id='word_1_96' title='bbox 994 1004 1142 1051; x_wconf 89' lang='lat' dir='ltr'>praesidii</span> 
     </span>
     <span class='ocr_line' id='line_1_18' title="bbox 391 1050 1143 1099; baseline 0.005 -15"><span class='ocrx_word' id='word_1_97' title='bbox 391 1059 419 1084; x_wconf 86' lang='lat' dir='ltr'>et</span> <span class='ocrx_word' id='word_1_98' title='bbox 443 1050 556 1085; x_wconf 77' lang='lat' dir='ltr'>favoris</span> <span class='ocrx_word' id='word_1_99' title='bbox 588 1060 756 1095; x_wconf 72' lang='lat' dir='ltr'>accrescat,</span> <span class='ocrx_word' id='word_1_100' title='bbox 794 1059 838 1095; x_wconf 88' lang='lat' dir='ltr'>te,</span> <span class='ocrx_word' id='word_1_101' title='bbox 875 1065 968 1099; x_wconf 84' lang='lat' dir='ltr'>regna</span> <span class='ocrx_word' id='word_1_102' title='bbox 1004 1061 1033 1088; x_wconf 90' lang='lat' dir='ltr'>et</span> <span class='ocrx_word' id='word_1_103' title='bbox 1062 1053 1143 1089; x_wconf 90' lang='lat' dir='ltr'>bona</span> 
     </span>
     <span class='ocr_line' id='line_1_19' title="bbox 392 1100 1141 1138; baseline 0.007 -5"><span class='ocrx_word' id='word_1_104' title='bbox 392 1109 442 1134; x_wconf 87' lang='lat' dir='ltr'>tua</span> <span class='ocrx_word' id='word_1_105' title='bbox 465 1100 586 1135; x_wconf 86' lang='lat' dir='ltr'>stabilia</span> <span class='ocrx_word' id='word_1_106' title='bbox 625 1100 757 1136; x_wconf 75' lang='lat' dir='ltr'>ubilibet</span> <span class='ocrx_word' id='word_1_107' title='bbox 784 1102 952 1137; x_wconf 89' lang='lat' dir='ltr'>constituta</span> <span class='ocrx_word' id='word_1_108' title='bbox 975 1102 1036 1137; x_wconf 92' lang='lat' dir='ltr'>sub</span> <span class='ocrx_word' id='word_1_109' title='bbox 1060 1103 1141 1138; x_wconf 88' lang='lat' dir='ltr'>beati</span> 
     </span>
     <span class='ocr_line' id='line_1_20' title="bbox 392 1149 1143 1200; baseline 0.005 -17"><span class='ocrx_word' id='word_1_110' title='bbox 392 1149 477 1184; x_wconf 85' lang='lat' dir='ltr'>Petri</span> <span class='ocrx_word' id='word_1_111' title='bbox 503 1158 533 1184; x_wconf 89' lang='lat' dir='ltr'>et</span> <span class='ocrx_word' id='word_1_112' title='bbox 565 1158 670 1185; x_wconf 87' lang='lat' dir='ltr'>nostra</span> <span class='ocrx_word' id='word_1_113' title='bbox 700 1151 894 1198; x_wconf 88' lang='lat' dir='ltr'>protectione</span> <span class='ocrx_word' id='word_1_114' title='bbox 923 1152 1143 1200; x_wconf 58' lang='lat' dir='ltr'>suscepimus,</span> 
     </span>
     <span class='ocr_line' id='line_1_21' title="bbox 391 1199 1141 1249; baseline 0.007 -17"><span class='ocrx_word' id='word_1_115' title='bbox 391 1199 607 1246; x_wconf 76' lang='lat' dir='ltr'>disponentes,</span> <span class='ocrx_word' id='word_1_116' title='bbox 634 1207 664 1235; x_wconf 92' lang='lat' dir='ltr'>te</span> <span class='ocrx_word' id='word_1_117' title='bbox 692 1209 722 1235; x_wconf 89' lang='lat' dir='ltr'>et</span> <span class='ocrx_word' id='word_1_118' title='bbox 750 1201 815 1248; x_wconf 88' lang='lat' dir='ltr'>ipsa</span> <span class='ocrx_word' id='word_1_119' title='bbox 850 1201 954 1248; x_wconf 83' lang='lat' dir='ltr'>gladio</span> <span class='ocrx_word' id='word_1_120' title='bbox 988 1202 1141 1249; x_wconf 78' lang='lat' dir='ltr'>spirituali</span> 
     </span>
     <span class='ocr_line' id='line_1_22' title="bbox 391 1248 1143 1299; baseline 0.005 -16"><span class='ocrx_word' id='word_1_121' title='bbox 391 1248 559 1284; x_wconf 83' lang='lat' dir='ltr'>defendere</span> <span class='ocrx_word' id='word_1_122' title='bbox 581 1261 617 1284; x_wconf 89' lang='lat' dir='ltr'>ac</span> <span class='ocrx_word' id='word_1_123' title='bbox 644 1251 735 1291; x_wconf 86' lang='lat' dir='ltr'>tueri,</span> <span class='ocrx_word' id='word_1_124' title='bbox 759 1259 852 1298; x_wconf 90' lang='lat' dir='ltr'>prout</span> <span class='ocrx_word' id='word_1_125' title='bbox 874 1251 1047 1299; x_wconf 84' lang='lat' dir='ltr'>expediens</span> <span class='ocrx_word' id='word_1_126' title='bbox 1075 1265 1143 1287; x_wconf 89' lang='lat' dir='ltr'>esse</span> 
     </span>
     <span class='ocr_line' id='line_1_23' title="bbox 393 1298 1141 1349; baseline 0.005 -17"><span class='ocrx_word' id='word_1_127' title='bbox 393 1298 585 1343; x_wconf 83' lang='lat' dir='ltr'>videbimus,</span> <span class='ocrx_word' id='word_1_128' title='bbox 621 1307 651 1334; x_wconf 89' lang='lat' dir='ltr'>et</span> <span class='ocrx_word' id='word_1_129' title='bbox 691 1300 746 1334; x_wconf 86' lang='lat' dir='ltr'>tibi</span> <span class='ocrx_word' id='word_1_130' title='bbox 787 1299 880 1336; x_wconf 83' lang='lat' dir='ltr'>l&#39;uerit</span> <span class='ocrx_word' id='word_1_131' title='bbox 915 1310 1141 1349; x_wconf 90' lang='lat' dir='ltr'>opportunum.</span> 
     </span>
    </p>
   </div>
   <div class='ocr_carea' id='block_1_4' title="bbox 975 257 1350 281">
    <p class='ocr_par' dir='ltr' id='par_1_4' title="bbox 975 257 1350 281">
     <span class='ocr_line' id='line_1_24' title="bbox 975 257 1350 281; baseline 0.008 -3"><span class='ocrx_word' id='word_1_132' title='bbox 975 257 1027 278; x_wconf 75' lang='lat' dir='ltr'>fll’l</span> <span class='ocrx_word' id='word_1_133' title='bbox 1036 257 1160 279; x_wconf 68' lang='lat' dir='ltr'>[Attium</span> <span class='ocrx_word' id='word_1_134' title='bbox 1191 258 1350 281; x_wconf 58' lang='lat' dir='ltr'>honustat</span> 
     </span>
    </p>
   </div>
   <div class='ocr_carea' id='block_1_5' title="bbox 1186 371 1941 1339">
    <p class='ocr_par' dir='ltr' id='par_1_5' title="bbox 1186 371 1941 1339">
     <span class='ocr_line' id='line_1_25' title="bbox 1190 371 1938 422; baseline 0.011 -18"><span class='ocrx_word' id='word_1_135' title='bbox 1190 371 1324 406; x_wconf 80' lang='lat' dir='ltr'>feceritis</span> <span class='ocrx_word' id='word_1_136' title='bbox 1342 379 1372 406; x_wconf 89' lang='lat' dir='ltr'>et</span> <span class='ocrx_word' id='word_1_137' title='bbox 1399 373 1616 419; x_wconf 86' lang='lat' dir='ltr'>praestiteritis</span> <span class='ocrx_word' id='word_1_138' title='bbox 1640 374 1869 422; x_wconf 80' lang='lat' dir='ltr'>vassallagium,</span> <span class='ocrx_word' id='word_1_139' title='bbox 1885 378 1938 412; x_wconf 87' lang='lat' dir='ltr'>ho-</span> 
     </span>
     <span class='ocr_line' id='line_1_26' title="bbox 1189 426 1937 477; baseline 0.005 -17"><span class='ocrx_word' id='word_1_140' title='bbox 1189 426 1327 472; x_wconf 78' lang='lat' dir='ltr'>magium</span> <span class='ocrx_word' id='word_1_141' title='bbox 1364 435 1394 461; x_wconf 87' lang='lat' dir='ltr'>et</span> <span class='ocrx_word' id='word_1_142' title='bbox 1435 426 1592 461; x_wconf 85' lang='lat' dir='ltr'>fidelitatis</span> <span class='ocrx_word' id='word_1_143' title='bbox 1631 427 1841 463; x_wconf 88' lang='lat' dir='ltr'>iuramentum</span> <span class='ocrx_word' id='word_1_144' title='bbox 1882 443 1937 477; x_wconf 89' lang='lat' dir='ltr'>pro</span> 
     </span>
     <span class='ocr_line' id='line_1_27' title="bbox 1189 480 1937 527; baseline 0.007 -13"><span class='ocrx_word' id='word_1_145' title='bbox 1189 480 1298 514; x_wconf 87' lang='lat' dir='ltr'>eodem</span> <span class='ocrx_word' id='word_1_146' title='bbox 1323 493 1420 527; x_wconf 87' lang='lat' dir='ltr'>regno</span> <span class='ocrx_word' id='word_1_147' title='bbox 1448 481 1610 516; x_wconf 86' lang='lat' dir='ltr'>Sardiniae</span> <span class='ocrx_word' id='word_1_148' title='bbox 1638 492 1668 516; x_wconf 87' lang='lat' dir='ltr'>et</span> <span class='ocrx_word' id='word_1_149' title='bbox 1697 481 1853 522; x_wconf 83' lang='lat' dir='ltr'>Corsicae,</span> <span class='ocrx_word' id='word_1_150' title='bbox 1881 483 1937 519; x_wconf 90' lang='lat' dir='ltr'>da-</span> 
     </span>
     <span class='ocr_line' id='line_1_28' title="bbox 1189 533 1934 584; baseline 0.007 -17"><span class='ocrx_word' id='word_1_151' title='bbox 1189 533 1272 577; x_wconf 90' lang='lat' dir='ltr'>bitis,</span> <span class='ocrx_word' id='word_1_152' title='bbox 1301 534 1379 569; x_wconf 84' lang='lat' dir='ltr'>inl&#39;ra</span> <span class='ocrx_word' id='word_1_153' title='bbox 1402 547 1541 570; x_wconf 87' lang='lat' dir='ltr'>mensem</span> <span class='ocrx_word' id='word_1_154' title='bbox 1567 544 1647 582; x_wconf 85' lang='lat' dir='ltr'>post,</span> <span class='ocrx_word' id='word_1_155' title='bbox 1664 537 1861 584; x_wconf 86' lang='lat' dir='ltr'>privilegium</span> <span class='ocrx_word' id='word_1_156' title='bbox 1881 550 1934 572; x_wconf 88' lang='lat' dir='ltr'>seu</span> 
     </span>
     <span class='ocr_line' id='line_1_29' title="bbox 1189 587 1936 639; baseline 0.007 -18"><span class='ocrx_word' id='word_1_157' title='bbox 1189 587 1292 623; x_wconf 87' lang='lat' dir='ltr'>literas</span> <span class='ocrx_word' id='word_1_158' title='bbox 1319 601 1413 624; x_wconf 88' lang='lat' dir='ltr'>aurea</span> <span class='ocrx_word' id='word_1_159' title='bbox 1449 589 1531 624; x_wconf 90' lang='lat' dir='ltr'>hulla</span> <span class='ocrx_word' id='word_1_160' title='bbox 1563 591 1715 630; x_wconf 78' lang='lat' dir='ltr'>bullatas,</span> <span class='ocrx_word' id='word_1_161' title='bbox 1750 592 1779 626; x_wconf 94' lang='lat' dir='ltr'>in</span> <span class='ocrx_word' id='word_1_162' title='bbox 1803 605 1867 639; x_wconf 88' lang='lat' dir='ltr'>quo</span> <span class='ocrx_word' id='word_1_163' title='bbox 1890 592 1936 626; x_wconf 90' lang='lat' dir='ltr'>vel</span> 
     </span>
     <span class='ocr_line' id='line_1_30' title="bbox 1187 642 1937 692; baseline 0.008 -17"><span class='ocrx_word' id='word_1_164' title='bbox 1187 642 1304 688; x_wconf 89' lang='lat' dir='ltr'>quibus</span> <span class='ocrx_word' id='word_1_165' title='bbox 1336 643 1509 679; x_wconf 78' lang='lat' dir='ltr'>fatebimini</span> <span class='ocrx_word' id='word_1_166' title='bbox 1546 654 1575 679; x_wconf 88' lang='lat' dir='ltr'>et</span> <span class='ocrx_word' id='word_1_167' title='bbox 1611 648 1843 692; x_wconf 80' lang='lat' dir='ltr'>recognoscetis</span> <span class='ocrx_word' id='word_1_168' title='bbox 1883 659 1937 681; x_wconf 81' lang='lat' dir='ltr'>ex—</span> 
     </span>
     <span class='ocr_line' id='line_1_31' title="bbox 1188 697 1937 742; baseline 0.008 -13"><span class='ocrx_word' id='word_1_169' title='bbox 1188 708 1295 742; x_wconf 86' lang='lat' dir='ltr'>presse</span> <span class='ocrx_word' id='word_1_170' title='bbox 1323 697 1441 732; x_wconf 90' lang='lat' dir='ltr'>dictum</span> <span class='ocrx_word' id='word_1_171' title='bbox 1464 698 1631 733; x_wconf 88' lang='lat' dir='ltr'>Sardiniae</span> <span class='ocrx_word' id='word_1_172' title='bbox 1654 708 1684 734; x_wconf 91' lang='lat' dir='ltr'>et</span> <span class='ocrx_word' id='word_1_173' title='bbox 1707 700 1856 736; x_wconf 83' lang='lat' dir='ltr'>Corsicae</span> <span class='ocrx_word' id='word_1_174' title='bbox 1886 714 1937 735; x_wconf 90' lang='lat' dir='ltr'>re-</span> 
     </span>
     <span class='ocr_line' id='line_1_32' title="bbox 1187 751 1937 796; baseline 0.011 -13"><span class='ocrx_word' id='word_1_175' title='bbox 1187 762 1284 796; x_wconf 79' lang='lat' dir='ltr'>gnum</span> <span class='ocrx_word' id='word_1_176' title='bbox 1308 764 1323 785; x_wconf 92' lang='lat' dir='ltr'>a</span> <span class='ocrx_word' id='word_1_177' title='bbox 1353 751 1442 786; x_wconf 89' lang='lat' dir='ltr'>nobis</span> <span class='ocrx_word' id='word_1_178' title='bbox 1469 762 1498 787; x_wconf 91' lang='lat' dir='ltr'>et</span> <span class='ocrx_word' id='word_1_179' title='bbox 1525 752 1666 789; x_wconf 87' lang='lat' dir='ltr'>Romana</span> <span class='ocrx_word' id='word_1_180' title='bbox 1691 755 1830 790; x_wconf 85' lang='lat' dir='ltr'>Ecclesia</span> <span class='ocrx_word' id='word_1_181' title='bbox 1855 767 1937 791; x_wconf 87' lang='lat' dir='ltr'>rece-</span> 
     </span>
     <span class='ocr_line' id='line_1_33' title="bbox 1188 804 1938 851; baseline 0.012 -14"><span class='ocrx_word' id='word_1_182' title='bbox 1188 804 1269 850; x_wconf 80' lang='lat' dir='ltr'>pisse</span> <span class='ocrx_word' id='word_1_183' title='bbox 1292 805 1322 839; x_wconf 90' lang='lat' dir='ltr'>in</span> <span class='ocrx_word' id='word_1_184' title='bbox 1346 805 1488 851; x_wconf 83' lang='lat' dir='ltr'>seudum,</span> <span class='ocrx_word' id='word_1_185' title='bbox 1511 807 1571 842; x_wconf 88' lang='lat' dir='ltr'>sub</span> <span class='ocrx_word' id='word_1_186' title='bbox 1592 809 1837 851; x_wconf 88' lang='lat' dir='ltr'>conditionibus,</span> <span class='ocrx_word' id='word_1_187' title='bbox 1861 823 1938 846; x_wconf 90' lang='lat' dir='ltr'>con-</span> 
     </span>
     <span class='ocr_line' id='line_1_34' title="bbox 1189 859 1936 911; baseline 0.013 -20"><span class='ocrx_word' id='word_1_188' title='bbox 1189 859 1398 901; x_wconf 80' lang='lat' dir='ltr'>ventionibuS,</span> <span class='ocrx_word' id='word_1_189' title='bbox 1419 861 1512 896; x_wconf 89' lang='lat' dir='ltr'>modo</span> <span class='ocrx_word' id='word_1_190' title='bbox 1529 869 1559 896; x_wconf 90' lang='lat' dir='ltr'>et</span> <span class='ocrx_word' id='word_1_191' title='bbox 1579 862 1688 904; x_wconf 79' lang='lat' dir='ltr'>forma,</span> <span class='ocrx_word' id='word_1_192' title='bbox 1707 872 1801 911; x_wconf 87' lang='lat' dir='ltr'>atque</span> <span class='ocrx_word' id='word_1_193' title='bbox 1818 873 1936 905; x_wconf 80' lang='lat' dir='ltr'>tenore,</span> 
     </span>
     <span class='ocr_line' id='line_1_35' title="bbox 1187 913 1936 961; baseline 0.013 -16"><span class='ocrx_word' id='word_1_194' title='bbox 1187 924 1265 959; x_wconf 88' lang='lat' dir='ltr'>quae</span> <span class='ocrx_word' id='word_1_195' title='bbox 1289 913 1318 947; x_wconf 89' lang='lat' dir='ltr'>in</span> <span class='ocrx_word' id='word_1_196' title='bbox 1352 916 1571 961; x_wconf 87' lang='lat' dir='ltr'>praesentibus</span> <span class='ocrx_word' id='word_1_197' title='bbox 1594 918 1710 953; x_wconf 88' lang='lat' dir='ltr'>nostris</span> <span class='ocrx_word' id='word_1_198' title='bbox 1736 918 1833 954; x_wconf 88' lang='lat' dir='ltr'>literis</span> <span class='ocrx_word' id='word_1_199' title='bbox 1855 931 1936 955; x_wconf 89' lang='lat' dir='ltr'>con-</span> 
     </span>
     <span class='ocr_line' id='line_1_36' title="bbox 1187 968 1938 1015; baseline 0.013 -16"><span class='ocrx_word' id='word_1_200' title='bbox 1187 968 1340 1002; x_wconf 88' lang='lat' dir='ltr'>tinentur:</span> <span class='ocrx_word' id='word_1_201' title='bbox 1365 980 1445 1014; x_wconf 90' lang='lat' dir='ltr'>quos</span> <span class='ocrx_word' id='word_1_202' title='bbox 1473 978 1625 1015; x_wconf 88' lang='lat' dir='ltr'>tenorem,</span> <span class='ocrx_word' id='word_1_203' title='bbox 1651 972 1793 1014; x_wconf 80' lang='lat' dir='ltr'>moduni,</span> <span class='ocrx_word' id='word_1_204' title='bbox 1821 973 1938 1008; x_wconf 82' lang='lat' dir='ltr'>condi-</span> 
     </span>
     <span class='ocr_line' id='line_1_37' title="bbox 1187 1020 1939 1074; baseline 0.012 -20"><span class='ocrx_word' id='word_1_205' title='bbox 1187 1020 1298 1062; x_wconf 80' lang='lat' dir='ltr'>tiones,</span> <span class='ocrx_word' id='word_1_206' title='bbox 1331 1023 1558 1058; x_wconf 79' lang='lat' dir='ltr'>conventiones</span> <span class='ocrx_word' id='word_1_207' title='bbox 1585 1033 1614 1058; x_wconf 89' lang='lat' dir='ltr'>et</span> <span class='ocrx_word' id='word_1_208' title='bbox 1642 1024 1772 1060; x_wconf 84' lang='lat' dir='ltr'>sormam</span> <span class='ocrx_word' id='word_1_209' title='bbox 1808 1027 1939 1074; x_wconf 85' lang='lat' dir='ltr'>promit-</span> 
     </span>
     <span class='ocr_line' id='line_1_38' title="bbox 1187 1075 1938 1128; baseline 0.009 -19"><span class='ocrx_word' id='word_1_210' title='bbox 1187 1075 1257 1109; x_wconf 88' lang='lat' dir='ltr'>tetis</span> <span class='ocrx_word' id='word_1_211' title='bbox 1298 1087 1351 1110; x_wconf 89' lang='lat' dir='ltr'>vos</span> <span class='ocrx_word' id='word_1_212' title='bbox 1392 1076 1613 1113; x_wconf 86' lang='lat' dir='ltr'>inviolabiliter</span> <span class='ocrx_word' id='word_1_213' title='bbox 1651 1088 1842 1115; x_wconf 87' lang='lat' dir='ltr'>servaturos:</span> <span class='ocrx_word' id='word_1_214' title='bbox 1884 1095 1938 1128; x_wconf 89' lang='lat' dir='ltr'>pro</span> 
     </span>
     <span class='ocr_line' id='line_1_39' title="bbox 1186 1130 1941 1180; baseline 0.009 -17"><span class='ocrx_word' id='word_1_215' title='bbox 1186 1141 1320 1176; x_wconf 89' lang='lat' dir='ltr'>quorum</span> <span class='ocrx_word' id='word_1_216' title='bbox 1357 1130 1554 1166; x_wconf 85' lang='lat' dir='ltr'>observantia</span> <span class='ocrx_word' id='word_1_217' title='bbox 1598 1133 1780 1180; x_wconf 81' lang='lat' dir='ltr'>obligabitis</span> <span class='ocrx_word' id='word_1_218' title='bbox 1822 1147 1876 1169; x_wconf 87' lang='lat' dir='ltr'>vos</span> <span class='ocrx_word' id='word_1_219' title='bbox 1910 1143 1941 1170; x_wconf 92' lang='lat' dir='ltr'>et</span> 
     </span>
     <span class='ocr_line' id='line_1_40' title="bbox 1186 1183 1938 1234; baseline 0.011 -17"><span class='ocrx_word' id='word_1_220' title='bbox 1186 1183 1305 1218; x_wconf 90' lang='lat' dir='ltr'>dictum</span> <span class='ocrx_word' id='word_1_221' title='bbox 1345 1183 1510 1220; x_wconf 83' lang='lat' dir='ltr'>Sardiniae</span> <span class='ocrx_word' id='word_1_222' title='bbox 1547 1195 1576 1220; x_wconf 84' lang='lat' dir='ltr'>et</span> <span class='ocrx_word' id='word_1_223' title='bbox 1612 1186 1758 1223; x_wconf 87' lang='lat' dir='ltr'>Corsicae</span> <span class='ocrx_word' id='word_1_224' title='bbox 1796 1201 1938 1234; x_wconf 76' lang='lat' dir='ltr'>regnum,</span> 
     </span>
     <span class='ocr_line' id='line_1_41' title="bbox 1187 1238 1940 1288; baseline 0.009 -17"><span class='ocrx_word' id='word_1_225' title='bbox 1187 1238 1252 1272; x_wconf 88' lang='lat' dir='ltr'>iura</span> <span class='ocrx_word' id='word_1_226' title='bbox 1281 1246 1311 1272; x_wconf 90' lang='lat' dir='ltr'>et</span> <span class='ocrx_word' id='word_1_227' title='bbox 1339 1238 1418 1273; x_wconf 90' lang='lat' dir='ltr'>bona</span> <span class='ocrx_word' id='word_1_228' title='bbox 1447 1239 1533 1274; x_wconf 90' lang='lat' dir='ltr'>vohis</span> <span class='ocrx_word' id='word_1_229' title='bbox 1556 1242 1765 1288; x_wconf 86' lang='lat' dir='ltr'>competentia</span> <span class='ocrx_word' id='word_1_230' title='bbox 1793 1251 1822 1277; x_wconf 90' lang='lat' dir='ltr'>et</span> <span class='ocrx_word' id='word_1_231' title='bbox 1850 1256 1940 1278; x_wconf 86' lang='lat' dir='ltr'>com-</span> 
     </span>
     <span class='ocr_line' id='line_1_42' title="bbox 1187 1293 1446 1339; baseline 0.008 -13"><span class='ocrx_word' id='word_1_232' title='bbox 1187 1293 1320 1339; x_wconf 86' lang='lat' dir='ltr'>petitura</span> <span class='ocrx_word' id='word_1_233' title='bbox 1343 1293 1374 1327; x_wconf 93' lang='lat' dir='ltr'>in</span> <span class='ocrx_word' id='word_1_234' title='bbox 1398 1305 1446 1328; x_wconf 87' lang='lat' dir='ltr'>eo.</span> 
     </span>
    </p>
   </div>
   <div class='ocr_carea' id='block_1_6' title="bbox 1952 266 2135 293">
    <p class='ocr_par' dir='ltr' id='par_1_6' title="bbox 1952 266 2135 293">
     <span class='ocr_line' id='line_1_43' title="bbox 1952 266 2135 293; baseline 0 0"><span class='ocrx_word' id='word_1_235' title='bbox 1952 267 2002 293; x_wconf 78' lang='lat' dir='ltr'>An.</span> <span class='ocrx_word' id='word_1_236' title='bbox 2022 266 2048 293; x_wconf 91' lang='lat' dir='ltr'>C.</span> <span class='ocrx_word' id='word_1_237' title='bbox 2070 266 2135 293; x_wconf 69' lang='lat'>¹297</span> 
     </span>
    </p>
   </div>
   <div class='ocr_carea' id='block_1_7' title="bbox 1191 315 2134 385">
    <p class='ocr_par' dir='ltr' id='par_1_7' title="bbox 1191 315 2134 385">
     <span class='ocr_line' id='line_1_44' title="bbox 1191 315 2134 385; baseline 0.011 -37"><span class='ocrx_word' id='word_1_238' title='bbox 1191 315 1258 350; x_wconf 85' lang='lat' dir='ltr'>niae</span> <span class='ocrx_word' id='word_1_239' title='bbox 1280 323 1307 350; x_wconf 89' lang='lat' dir='ltr'>et</span> <span class='ocrx_word' id='word_1_240' title='bbox 1333 315 1492 357; x_wconf 84' lang='lat' dir='ltr'>Corsicae,</span> <span class='ocrx_word' id='word_1_241' title='bbox 1516 317 1575 352; x_wconf 85' lang='lat' dir='ltr'>illis</span> <span class='ocrx_word' id='word_1_242' title='bbox 1594 319 1799 366; x_wconf 84' lang='lat' dir='ltr'>temporibus,</span> <span class='ocrx_word' id='word_1_243' title='bbox 1821 322 1937 370; x_wconf 89' lang='lat' dir='ltr'>quibus</span> <span class='ocrx_word' id='word_1_244' title='bbox 1952 328 2134 385; x_wconf 50' lang='lat' dir='ltr'>ggffiwgge-</span> 
     </span>
    </p>
   </div>
   <div class='ocr_carea' id='block_1_8' title="bbox 1185 1346 2138 1452">
    <p class='ocr_par' dir='ltr' id='par_1_8' title="bbox 1185 1346 2138 1452">
     <span class='ocr_line' id='line_1_45' title="bbox 1234 1346 2138 1398; baseline 0.01 -18"><span class='ocrx_word' id='word_1_245' title='bbox 1234 1347 1253 1393; x_wconf 59' lang='lat' dir='ltr'>g</span> <span class='ocrx_word' id='word_1_246' title='bbox 1290 1350 1344 1381; x_wconf 85' lang='lat'>18.</span> <span class='ocrx_word' id='word_1_247' title='bbox 1373 1346 1524 1383; x_wconf 87' lang='lat' dir='ltr'>Omnium</span> <span class='ocrx_word' id='word_1_248' title='bbox 1557 1357 1662 1384; x_wconf 86' lang='lat' dir='ltr'>autem</span> <span class='ocrx_word' id='word_1_249' title='bbox 1696 1351 1938 1398; x_wconf 85' lang='lat' dir='ltr'>praedictorum,</span> <span class='ocrx_word' id='word_1_250' title='bbox 1967 1360 1988 1381; x_wconf 76' lang='lat'>¹⁷¹</span> <span class='ocrx_word' id='word_1_251' title='bbox 2010 1363 2076 1398; x_wconf 54' lang='lat' dir='ltr'>auras</span> <span class='ocrx_word' id='word_1_252' title='bbox 2099 1364 2138 1383; x_wconf 70' lang='lat' dir='ltr'>de-</span> 
     </span>
     <span class='ocr_line' id='line_1_46' title="bbox 1185 1392 2138 1452; baseline 0.009 -15"><span class='ocrx_word' id='word_1_253' title='bbox 1185 1412 1215 1438; x_wconf 83' lang='lat' dir='ltr'>et</span> <span class='ocrx_word' id='word_1_254' title='bbox 1249 1417 1330 1451; x_wconf 87' lang='lat' dir='ltr'>quae</span> <span class='ocrx_word' id='word_1_255' title='bbox 1366 1405 1395 1438; x_wconf 92' lang='lat' dir='ltr'>in</span> <span class='ocrx_word' id='word_1_256' title='bbox 1431 1406 1649 1452; x_wconf 86' lang='lat' dir='ltr'>praesentibus</span> <span class='ocrx_word' id='word_1_257' title='bbox 1689 1407 1787 1442; x_wconf 87' lang='lat' dir='ltr'>literis</span> <span class='ocrx_word' id='word_1_258' title='bbox 1820 1409 1938 1442; x_wconf 86' lang='lat' dir='ltr'>nostris</span> <span class='ocrx_word' id='word_1_259' title='bbox 1952 1392 2063 1445; x_wconf 49' lang='lat' dir='ltr'>iiiiii-igi}</span> <span class='ocrx_word' id='word_1_260' title='bbox 2076 1393 2138 1445; x_wconf 59' lang='lat' dir='ltr'>22?ss</span> 
     </span>
    </p>
   </div>
   <div class='ocr_carea' id='block_1_9' title="bbox 1186 1458 1999 1509">
    <p class='ocr_par' dir='ltr' id='par_1_9' title="bbox 1186 1458 1999 1509">
     <span class='ocr_line' id='line_1_47' title="bbox 1186 1458 1999 1509; baseline 0.004 -17"><span class='ocrx_word' id='word_1_261' title='bbox 1186 1459 1387 1493; x_wconf 80' lang='lat' dir='ltr'>continentur</span> <span class='ocrx_word' id='word_1_262' title='bbox 1423 1459 1593 1494; x_wconf 87' lang='lat' dir='ltr'>declaratio</span> <span class='ocrx_word' id='word_1_263' title='bbox 1633 1469 1661 1495; x_wconf 89' lang='lat' dir='ltr'>et</span> <span class='ocrx_word' id='word_1_264' title='bbox 1704 1458 1999 1509; x_wconf 80' lang='lat' dir='ltr'>interpretati0,‘¹¹¹&#39;&#39;¹</span> 
     </span>
    </p>
   </div>
   <div class='ocr_carea' id='block_1_10' title="bbox 391 1347 1144 1487">
    <p class='ocr_par' dir='ltr' id='par_1_10' title="bbox 391 1347 1144 1487">
     <span class='ocr_line' id='line_1_48' title="bbox 392 1347 1144 1396; baseline 0.007 -14"><span class='ocrx_word' id='word_1_265' title='bbox 392 1347 528 1383; x_wconf 84' lang='lat' dir='ltr'>Demum</span> <span class='ocrx_word' id='word_1_266' title='bbox 551 1349 581 1383; x_wconf 90' lang='lat' dir='ltr'>in</span> <span class='ocrx_word' id='word_1_267' title='bbox 614 1357 718 1385; x_wconf 89' lang='lat' dir='ltr'>nostra</span> <span class='ocrx_word' id='word_1_268' title='bbox 742 1351 915 1396; x_wconf 88' lang='lat' dir='ltr'>praesentia</span> <span class='ocrx_word' id='word_1_269' title='bbox 943 1351 1144 1387; x_wconf 86' lang='lat' dir='ltr'>confiteberis</span> 
     </span>
     <span class='ocr_line' id='line_1_49' title="bbox 391 1406 1143 1447; baseline 0.005 -15"><span class='ocrx_word' id='word_1_270' title='bbox 391 1406 420 1432; x_wconf 85' lang='lat' dir='ltr'>et</span> <span class='ocrx_word' id='word_1_271' title='bbox 454 1411 664 1444; x_wconf 83' lang='lat' dir='ltr'>recognosces</span> <span class='ocrx_word' id='word_1_272' title='bbox 707 1412 871 1447; x_wconf 80' lang='lat' dir='ltr'>expresse.</span> <span class='ocrx_word' id='word_1_273' title='bbox 903 1413 940 1435; x_wconf 79' lang='lat' dir='ltr'>ex</span> <span class='ocrx_word' id='word_1_274' title='bbox 970 1410 1068 1447; x_wconf 85' lang='lat' dir='ltr'>gratia</span> <span class='ocrx_word' id='word_1_275' title='bbox 1112 1410 1143 1437; x_wconf 87' lang='lat' dir='ltr'>et</span> 
     </span>
     <span class='ocr_line' id='line_1_50' title="bbox 392 1448 1142 1487; baseline 0.005 -5"><span class='ocrx_word' id='word_1_276' title='bbox 392 1448 573 1483; x_wconf 86' lang='lat' dir='ltr'>liberalitate</span> <span class='ocrx_word' id='word_1_277' title='bbox 601 1458 704 1484; x_wconf 88' lang='lat' dir='ltr'>nostra</span> <span class='ocrx_word' id='word_1_278' title='bbox 729 1458 759 1484; x_wconf 87' lang='lat' dir='ltr'>et</span> <span class='ocrx_word' id='word_1_279' title='bbox 786 1450 888 1486; x_wconf 89' lang='lat' dir='ltr'>dictae</span> <span class='ocrx_word' id='word_1_280' title='bbox 910 1450 1072 1487; x_wconf 89' lang='lat' dir='ltr'>Ecclesiae</span> <span class='ocrx_word' id='word_1_281' title='bbox 1094 1452 1142 1486; x_wconf 94' lang='lat' dir='ltr'>di-</span> 
     </span>
    </p>
   </div>
   <div class='ocr_carea' id='block_1_11' title="bbox 193 1898 376 1982">
    <p class='ocr_par' dir='ltr' id='par_1_11' title="bbox 193 1898 376 1982">
     <span class='ocr_line' id='line_1_51' title="bbox 207 1898 376 1925; baseline 0 -7"><span class='ocrx_word' id='word_1_282' title='bbox 207 1898 296 1924; x_wconf 67' lang='lat' dir='ltr'>Hegnum</span> <span class='ocrx_word' id='word_1_283' title='bbox 310 1905 376 1925; x_wconf 72' lang='lat' dir='ltr'>ipnum</span> 
     </span>
     <span class='ocr_line' id='line_1_52' title="bbox 193 1931 375 1950; baseline 0 0"><span class='ocrx_word' id='word_1_284' title='bbox 193 1936 213 1950; x_wconf 82' lang='lat' dir='ltr'>m</span> <span class='ocrx_word' id='word_1_285' title='bbox 256 1931 375 1950; x_wconf 76' lang='lat' dir='ltr'>cautionem</span> 
     </span>
     <span class='ocr_line' id='line_1_53' title="bbox 194 1962 295 1982; baseline -0.01 0"><span class='ocrx_word' id='word_1_286' title='bbox 194 1962 295 1982; x_wconf 72' lang='lat' dir='ltr'>dandum:</span> 
     </span>
    </p>
   </div>
   <div class='ocr_carea' id='block_1_12' title="bbox 391 1498 1145 2701">
    <p class='ocr_par' dir='ltr' id='par_1_12' title="bbox 391 1498 1144 2602">
     <span class='ocr_line' id='line_1_54' title="bbox 391 1498 1143 1546; baseline 0.005 -14"><span class='ocrx_word' id='word_1_287' title='bbox 391 1506 476 1532; x_wconf 88' lang='lat' dir='ltr'>ctum</span> <span class='ocrx_word' id='word_1_288' title='bbox 505 1510 637 1545; x_wconf 87' lang='lat' dir='ltr'>regnum</span> <span class='ocrx_word' id='word_1_289' title='bbox 660 1498 826 1535; x_wconf 88' lang='lat' dir='ltr'>Sardiniae</span> <span class='ocrx_word' id='word_1_290' title='bbox 848 1508 877 1535; x_wconf 88' lang='lat' dir='ltr'>et</span> <span class='ocrx_word' id='word_1_291' title='bbox 900 1500 1047 1537; x_wconf 87' lang='lat' dir='ltr'>Corsicae</span> <span class='ocrx_word' id='word_1_292' title='bbox 1076 1502 1143 1546; x_wconf 91' lang='lat' dir='ltr'>tibi,</span> 
     </span>
     <span class='ocr_line' id='line_1_55' title="bbox 392 1547 1142 1595; baseline 0.007 -14"><span class='ocrx_word' id='word_1_293' title='bbox 392 1547 516 1595; x_wconf 83' lang='lat' dir='ltr'>tuisque</span> <span class='ocrx_word' id='word_1_294' title='bbox 534 1548 723 1584; x_wconf 83' lang='lat' dir='ltr'>haeredibus</span> <span class='ocrx_word' id='word_1_295' title='bbox 739 1549 804 1584; x_wconf 83' lang='lat' dir='ltr'>fore</span> <span class='ocrx_word' id='word_1_296' title='bbox 823 1562 1010 1585; x_wconf 84' lang='lat' dir='ltr'>concessum</span> <span class='ocrx_word' id='word_1_297' title='bbox 1031 1552 1061 1586; x_wconf 92' lang='lat' dir='ltr'>in</span> <span class='ocrx_word' id='word_1_298' title='bbox 1081 1552 1142 1586; x_wconf 81' lang='lat' dir='ltr'>feu-</span> 
     </span>
     <span class='ocr_line' id='line_1_56' title="bbox 391 1597 1143 1649; baseline 0.007 -18"><span class='ocrx_word' id='word_1_299' title='bbox 391 1597 483 1638; x_wconf 63' lang='lat' dir='ltr'>dum,</span> <span class='ocrx_word' id='word_1_300' title='bbox 500 1598 589 1633; x_wconf 85' lang='lat' dir='ltr'>etsie</span> <span class='ocrx_word' id='word_1_301' title='bbox 608 1606 636 1632; x_wconf 91' lang='lat' dir='ltr'>te</span> <span class='ocrx_word' id='word_1_302' title='bbox 652 1598 728 1633; x_wconf 90' lang='lat' dir='ltr'>illud</span> <span class='ocrx_word' id='word_1_303' title='bbox 749 1600 898 1646; x_wconf 84' lang='lat' dir='ltr'>recipere,</span> <span class='ocrx_word' id='word_1_304' title='bbox 915 1600 960 1635; x_wconf 81' lang='lat' dir='ltr'>vel</span> <span class='ocrx_word' id='word_1_305' title='bbox 984 1603 1143 1649; x_wconf 88' lang='lat' dir='ltr'>recepisse</span> 
     </span>
     <span class='ocr_line' id='line_1_57' title="bbox 391 1647 1143 1691; baseline 0.009 -12"><span class='ocrx_word' id='word_1_306' title='bbox 391 1647 453 1682; x_wconf 77' lang='lat' dir='ltr'>sub</span> <span class='ocrx_word' id='word_1_307' title='bbox 481 1647 733 1689; x_wconf 72' lang='lat' dir='ltr'>conditionibus,</span> <span class='ocrx_word' id='word_1_308' title='bbox 767 1650 1041 1691; x_wconf 82' lang='lat' dir='ltr'>conventionibus,</span> <span class='ocrx_word' id='word_1_309' title='bbox 1078 1651 1143 1686; x_wconf 82' lang='lat' dir='ltr'>sive</span> 
     </span>
     <span class='ocr_line' id='line_1_58' title="bbox 393 1697 1142 1748; baseline 0.007 -17"><span class='ocrx_word' id='word_1_310' title='bbox 393 1697 504 1744; x_wconf 87' lang='lat' dir='ltr'>pactis,</span> <span class='ocrx_word' id='word_1_311' title='bbox 526 1697 631 1739; x_wconf 92' lang='lat' dir='ltr'>modo,</span> <span class='ocrx_word' id='word_1_312' title='bbox 656 1706 764 1734; x_wconf 89' lang='lat' dir='ltr'>tenore</span> <span class='ocrx_word' id='word_1_313' title='bbox 790 1711 824 1734; x_wconf 90' lang='lat' dir='ltr'>ac</span> <span class='ocrx_word' id='word_1_314' title='bbox 852 1699 968 1744; x_wconf 84' lang='lat' dir='ltr'>forma,</span> <span class='ocrx_word' id='word_1_315' title='bbox 1004 1713 1084 1748; x_wconf 86' lang='lat' dir='ltr'>qnae</span> <span class='ocrx_word' id='word_1_316' title='bbox 1112 1702 1142 1736; x_wconf 88' lang='lat' dir='ltr'>in</span> 
     </span>
     <span class='ocr_line' id='line_1_59' title="bbox 393 1747 1142 1793; baseline 0.005 -12"><span class='ocrx_word' id='word_1_317' title='bbox 393 1747 611 1793; x_wconf 87' lang='lat' dir='ltr'>praesentibus</span> <span class='ocrx_word' id='word_1_318' title='bbox 646 1749 760 1784; x_wconf 89' lang='lat' dir='ltr'>nostris</span> <span class='ocrx_word' id='word_1_319' title='bbox 793 1749 892 1784; x_wconf 84' lang='lat' dir='ltr'>literis</span> <span class='ocrx_word' id='word_1_320' title='bbox 923 1752 1142 1786; x_wconf 88' lang='lat' dir='ltr'>continentur:</span> 
     </span>
     <span class='ocr_line' id='line_1_60' title="bbox 392 1797 1143 1848; baseline 0.007 -17"><span class='ocrx_word' id='word_1_321' title='bbox 392 1809 472 1844; x_wconf 86' lang='lat' dir='ltr'>quos</span> <span class='ocrx_word' id='word_1_322' title='bbox 499 1810 554 1844; x_wconf 91' lang='lat' dir='ltr'>per</span> <span class='ocrx_word' id='word_1_323' title='bbox 588 1797 824 1845; x_wconf 88' lang='lat' dir='ltr'>stipulationem</span> <span class='ocrx_word' id='word_1_324' title='bbox 854 1800 1029 1835; x_wconf 86' lang='lat' dir='ltr'>solemnem</span> <span class='ocrx_word' id='word_1_325' title='bbox 1063 1814 1143 1848; x_wconf 89' lang='lat' dir='ltr'>pro—</span> 
     </span>
     <span class='ocr_line' id='line_1_61' title="bbox 393 1848 1144 1887; baseline 0.005 -5"><span class='ocrx_word' id='word_1_326' title='bbox 393 1848 496 1883; x_wconf 87' lang='lat' dir='ltr'>mittes</span> <span class='ocrx_word' id='word_1_327' title='bbox 518 1856 547 1882; x_wconf 86' lang='lat' dir='ltr'>et</span> <span class='ocrx_word' id='word_1_328' title='bbox 576 1848 692 1884; x_wconf 88' lang='lat' dir='ltr'>iurabis</span> <span class='ocrx_word' id='word_1_329' title='bbox 732 1857 759 1884; x_wconf 91' lang='lat' dir='ltr'>te</span> <span class='ocrx_word' id='word_1_330' title='bbox 794 1850 1014 1886; x_wconf 87' lang='lat' dir='ltr'>inviolabiliter</span> <span class='ocrx_word' id='word_1_331' title='bbox 1038 1864 1144 1887; x_wconf 88' lang='lat' dir='ltr'>serva-</span> 
     </span>
     <span class='ocr_line' id='line_1_62' title="bbox 393 1898 1142 1946; baseline 0.007 -14"><span class='ocrx_word' id='word_1_332' title='bbox 393 1907 510 1939; x_wconf 78' lang='lat' dir='ltr'>turum3</span> <span class='ocrx_word' id='word_1_333' title='bbox 526 1911 583 1945; x_wconf 91' lang='lat' dir='ltr'>pro</span> <span class='ocrx_word' id='word_1_334' title='bbox 597 1898 713 1946; x_wconf 86' lang='lat' dir='ltr'>quihus</span> <span class='ocrx_word' id='word_1_335' title='bbox 731 1901 824 1934; x_wconf 88' lang='lat' dir='ltr'>etiam</span> <span class='ocrx_word' id='word_1_336' title='bbox 844 1901 1005 1936; x_wconf 72' lang='lat' dir='ltr'>servandis</span> <span class='ocrx_word' id='word_1_337' title='bbox 1025 1902 1142 1937; x_wconf 85' lang='lat' dir='ltr'>dictum</span> 
     </span>
     <span class='ocr_line' id='line_1_63' title="bbox 392 1952 1142 1999; baseline 0.005 -12"><span class='ocrx_word' id='word_1_338' title='bbox 392 1965 523 1999; x_wconf 84' lang='lat' dir='ltr'>regnum</span> <span class='ocrx_word' id='word_1_339' title='bbox 543 1952 708 1990; x_wconf 89' lang='lat' dir='ltr'>Sardiniae</span> <span class='ocrx_word' id='word_1_340' title='bbox 725 1963 755 1989; x_wconf 92' lang='lat' dir='ltr'>et</span> <span class='ocrx_word' id='word_1_341' title='bbox 774 1954 932 1999; x_wconf 80' lang='lat' dir='ltr'>Corsicae,</span> <span class='ocrx_word' id='word_1_342' title='bbox 947 1955 1012 1990; x_wconf 91' lang='lat' dir='ltr'>iura</span> <span class='ocrx_word' id='word_1_343' title='bbox 1033 1956 1087 1990; x_wconf 89' lang='lat' dir='ltr'>tihi</span> <span class='ocrx_word' id='word_1_344' title='bbox 1113 1958 1142 1991; x_wconf 90' lang='lat' dir='ltr'>in</span> 
     </span>
     <span class='ocr_line' id='line_1_64' title="bbox 392 2004 1143 2052; baseline 0.005 -15"><span class='ocrx_word' id='word_1_345' title='bbox 392 2015 430 2038; x_wconf 91' lang='lat' dir='ltr'>eo</span> <span class='ocrx_word' id='word_1_346' title='bbox 456 2004 666 2050; x_wconf 85' lang='lat' dir='ltr'>competentia</span> <span class='ocrx_word' id='word_1_347' title='bbox 695 2013 723 2039; x_wconf 92' lang='lat' dir='ltr'>et</span> <span class='ocrx_word' id='word_1_348' title='bbox 751 2005 970 2052; x_wconf 81' lang='lat' dir='ltr'>competitura,</span> <span class='ocrx_word' id='word_1_349' title='bbox 998 2015 1026 2040; x_wconf 91' lang='lat' dir='ltr'>et</span> <span class='ocrx_word' id='word_1_350' title='bbox 1063 2006 1143 2041; x_wconf 89' lang='lat' dir='ltr'>bona</span> 
     </span>
     <span class='ocr_line' id='line_1_65' title="bbox 393 2053 1143 2103; baseline 0.005 -17"><span class='ocrx_word' id='word_1_351' title='bbox 393 2060 456 2093; x_wconf 85' lang='lat' dir='ltr'>tua,</span> <span class='ocrx_word' id='word_1_352' title='bbox 479 2065 560 2100; x_wconf 88' lang='lat' dir='ltr'>quae</span> <span class='ocrx_word' id='word_1_353' title='bbox 579 2053 694 2089; x_wconf 85' lang='lat' dir='ltr'>ibidem</span> <span class='ocrx_word' id='word_1_354' title='bbox 718 2054 903 2098; x_wconf 87' lang='lat' dir='ltr'>consistent,</span> <span class='ocrx_word' id='word_1_355' title='bbox 923 2055 1012 2090; x_wconf 90' lang='lat' dir='ltr'>nobis</span> <span class='ocrx_word' id='word_1_356' title='bbox 1034 2065 1062 2090; x_wconf 89' lang='lat' dir='ltr'>et</span> <span class='ocrx_word' id='word_1_357' title='bbox 1086 2057 1143 2103; x_wconf 88' lang='lat' dir='ltr'>ipsi</span> 
     </span>
     <span class='ocr_line' id='line_1_66' title="bbox 392 2102 1144 2151; baseline 0.005 -15"><span class='ocrx_word' id='word_1_358' title='bbox 392 2102 552 2137; x_wconf 87' lang='lat' dir='ltr'>Ecclesiae</span> <span class='ocrx_word' id='word_1_359' title='bbox 566 2102 737 2151; x_wconf 75' lang='lat' dir='ltr'>obligabis3</span> <span class='ocrx_word' id='word_1_360' title='bbox 752 2113 781 2139; x_wconf 87' lang='lat' dir='ltr'>et</span> <span class='ocrx_word' id='word_1_361' title='bbox 801 2104 962 2151; x_wconf 90' lang='lat' dir='ltr'>promittes</span> <span class='ocrx_word' id='word_1_362' title='bbox 983 2105 1144 2140; x_wconf 87' lang='lat' dir='ltr'>nihilomi-</span> 
     </span>
     <span class='ocr_line' id='line_1_67' title="bbox 393 2153 1142 2200; baseline 0.005 -14"><span class='ocrx_word' id='word_1_363' title='bbox 393 2165 464 2196; x_wconf 85' lang='lat' dir='ltr'>nus,</span> <span class='ocrx_word' id='word_1_364' title='bbox 494 2153 579 2200; x_wconf 90' lang='lat' dir='ltr'>quod</span> <span class='ocrx_word' id='word_1_365' title='bbox 608 2166 810 2190; x_wconf 88' lang='lat' dir='ltr'>successores</span> <span class='ocrx_word' id='word_1_366' title='bbox 845 2154 901 2195; x_wconf 91' lang='lat' dir='ltr'>tui,</span> <span class='ocrx_word' id='word_1_367' title='bbox 932 2154 1082 2190; x_wconf 84' lang='lat' dir='ltr'>haeredes</span> <span class='ocrx_word' id='word_1_368' title='bbox 1113 2155 1142 2190; x_wconf 92' lang='lat' dir='ltr'>in</span> 
     </span>
     <span class='ocr_line' id='line_1_68' title="bbox 393 2203 1144 2249; baseline 0.004 -12"><span class='ocrx_word' id='word_1_369' title='bbox 393 2203 477 2238; x_wconf 87' lang='lat' dir='ltr'>dicto</span> <span class='ocrx_word' id='word_1_370' title='bbox 516 2214 614 2249; x_wconf 82' lang='lat' dir='ltr'>regno</span> <span class='ocrx_word' id='word_1_371' title='bbox 646 2203 813 2239; x_wconf 86' lang='lat' dir='ltr'>Sardiniae</span> <span class='ocrx_word' id='word_1_372' title='bbox 848 2214 879 2239; x_wconf 89' lang='lat' dir='ltr'>et</span> <span class='ocrx_word' id='word_1_373' title='bbox 911 2203 1074 2245; x_wconf 86' lang='lat' dir='ltr'>Corsicae,</span> <span class='ocrx_word' id='word_1_374' title='bbox 1108 2218 1144 2240; x_wconf 93' lang='lat' dir='ltr'>eo</span> 
     </span>
     <span class='ocr_line' id='line_1_69' title="bbox 393 2254 1143 2302; baseline 0.003 -15"><span class='ocrx_word' id='word_1_375' title='bbox 393 2261 545 2300; x_wconf 86' lang='lat' dir='ltr'>tempore,</span> <span class='ocrx_word' id='word_1_376' title='bbox 573 2266 635 2302; x_wconf 87' lang='lat' dir='ltr'>quo</span> <span class='ocrx_word' id='word_1_377' title='bbox 658 2254 770 2289; x_wconf 82' lang='lat' dir='ltr'>sacient</span> <span class='ocrx_word' id='word_1_378' title='bbox 797 2262 829 2289; x_wconf 88' lang='lat' dir='ltr'>et</span> <span class='ocrx_word' id='word_1_379' title='bbox 852 2254 1054 2302; x_wconf 87' lang='lat' dir='ltr'>praestabunt</span> <span class='ocrx_word' id='word_1_380' title='bbox 1077 2268 1143 2290; x_wconf 86' lang='lat' dir='ltr'>vas-</span> 
     </span>
     <span class='ocr_line' id='line_1_70' title="bbox 392 2303 1144 2350; baseline 0.004 -14"><span class='ocrx_word' id='word_1_381' title='bbox 392 2303 570 2349; x_wconf 83' lang='lat' dir='ltr'>sallagium,</span> <span class='ocrx_word' id='word_1_382' title='bbox 598 2303 779 2350; x_wconf 81' lang='lat' dir='ltr'>homagium</span> <span class='ocrx_word' id='word_1_383' title='bbox 806 2312 835 2339; x_wconf 90' lang='lat' dir='ltr'>et</span> <span class='ocrx_word' id='word_1_384' title='bbox 865 2303 1024 2340; x_wconf 86' lang='lat' dir='ltr'>fidelitatis</span> <span class='ocrx_word' id='word_1_385' title='bbox 1058 2306 1144 2339; x_wconf 89' lang='lat' dir='ltr'>iura-</span> 
     </span>
     <span class='ocr_line' id='line_1_71' title="bbox 394 2353 1142 2402; baseline 0.004 -16"><span class='ocrx_word' id='word_1_386' title='bbox 394 2360 534 2387; x_wconf 85' lang='lat' dir='ltr'>mentum</span> <span class='ocrx_word' id='word_1_387' title='bbox 577 2353 637 2388; x_wconf 91' lang='lat' dir='ltr'>sub</span> <span class='ocrx_word' id='word_1_388' title='bbox 674 2354 772 2389; x_wconf 85' lang='lat' dir='ltr'>forma</span> <span class='ocrx_word' id='word_1_389' title='bbox 815 2354 990 2402; x_wconf 90' lang='lat' dir='ltr'>praedicta,</span> <span class='ocrx_word' id='word_1_390' title='bbox 1032 2355 1142 2389; x_wconf 84' lang='lat' dir='ltr'>similia</span> 
     </span>
     <span class='ocr_line' id='line_1_72' title="bbox 393 2401 1144 2451; baseline 0.004 -15"><span class='ocrx_word' id='word_1_391' title='bbox 393 2401 620 2447; x_wconf 76' lang='lat' dir='ltr'>confessiones,</span> <span class='ocrx_word' id='word_1_392' title='bbox 639 2404 883 2450; x_wconf 83' lang='lat' dir='ltr'>recognitiones,</span> <span class='ocrx_word' id='word_1_393' title='bbox 907 2404 1144 2451; x_wconf 76' lang='lat' dir='ltr'>promissioneS,</span> 
     </span>
     <span class='ocr_line' id='line_1_73' title="bbox 395 2452 1143 2500; baseline 0.001 -14"><span class='ocrx_word' id='word_1_394' title='bbox 395 2452 605 2487; x_wconf 87' lang='lat' dir='ltr'>iuramentum</span> <span class='ocrx_word' id='word_1_395' title='bbox 645 2462 675 2488; x_wconf 85' lang='lat' dir='ltr'>et</span> <span class='ocrx_word' id='word_1_396' title='bbox 714 2454 922 2500; x_wconf 83' lang='lat' dir='ltr'>obligationes</span> <span class='ocrx_word' id='word_1_397' title='bbox 962 2453 1075 2489; x_wconf 88' lang='lat' dir='ltr'>facient</span> <span class='ocrx_word' id='word_1_398' title='bbox 1116 2463 1143 2488; x_wconf 83' lang='lat' dir='ltr'>et</span> 
     </span>
     <span class='ocr_line' id='line_1_74' title="bbox 397 2502 1144 2551; baseline 0.003 -15"><span class='ocrx_word' id='word_1_399' title='bbox 397 2502 598 2548; x_wconf 86' lang='lat' dir='ltr'>praestabunt</span> <span class='ocrx_word' id='word_1_400' title='bbox 629 2502 773 2538; x_wconf 88' lang='lat' dir='ltr'>Romano</span> <span class='ocrx_word' id='word_1_401' title='bbox 804 2503 964 2544; x_wconf 87' lang='lat' dir='ltr'>Pontilici,</span> <span class='ocrx_word' id='word_1_402' title='bbox 998 2504 1052 2551; x_wconf 92' lang='lat' dir='ltr'>qui</span> <span class='ocrx_word' id='word_1_403' title='bbox 1087 2504 1144 2539; x_wconf 90' lang='lat' dir='ltr'>erit</span> 
     </span>
     <span class='ocr_line' id='line_1_75' title="bbox 397 2553 1098 2602; baseline 0.003 -16"><span class='ocrx_word' id='word_1_404' title='bbox 397 2564 452 2598; x_wconf 90' lang='lat' dir='ltr'>pro</span> <span class='ocrx_word' id='word_1_405' title='bbox 479 2560 631 2600; x_wconf 89' lang='lat' dir='ltr'>tempore,</span> <span class='ocrx_word' id='word_1_406' title='bbox 653 2562 684 2589; x_wconf 88' lang='lat' dir='ltr'>et</span> <span class='ocrx_word' id='word_1_407' title='bbox 705 2553 866 2589; x_wconf 85' lang='lat' dir='ltr'>Ecclesiae</span> <span class='ocrx_word' id='word_1_408' title='bbox 889 2554 1098 2602; x_wconf 86' lang='lat' dir='ltr'>supradictae.</span> 
     </span>
    </p>

    <p class='ocr_par' dir='ltr' id='par_1_13' title="bbox 397 2602 1145 2701">
     <span class='ocr_line' id='line_1_76' title="bbox 445 2602 1143 2652; baseline 0.003 -16"><span class='ocrx_word' id='word_1_409' title='bbox 445 2602 464 2649; x_wconf 68' lang='grc'>5</span> <span class='ocrx_word' id='word_1_410' title='bbox 494 2604 550 2636; x_wconf 83' lang='lat'>17.</span> <span class='ocrx_word' id='word_1_411' title='bbox 572 2602 707 2651; x_wconf 88' lang='lat' dir='ltr'>Insuper</span> <span class='ocrx_word' id='word_1_412' title='bbox 729 2611 789 2638; x_wconf 87' lang='lat' dir='ltr'>tam</span> <span class='ocrx_word' id='word_1_413' title='bbox 813 2612 862 2645; x_wconf 89' lang='lat' dir='ltr'>tu,</span> <span class='ocrx_word' id='word_1_414' title='bbox 896 2616 990 2652; x_wconf 92' lang='lat' dir='ltr'>quam</span> <span class='ocrx_word' id='word_1_415' title='bbox 1013 2604 1143 2651; x_wconf 87' lang='lat' dir='ltr'>quilibet</span> 
     </span>
     <span class='ocr_line' id='line_1_77' title="bbox 397 2651 1145 2701; baseline 0.003 -15"><span class='ocrx_word' id='word_1_416' title='bbox 397 2651 565 2686; x_wconf 85' lang='lat' dir='ltr'>haeredum</span> <span class='ocrx_word' id='word_1_417' title='bbox 590 2660 713 2688; x_wconf 84' lang='lat' dir='ltr'>tuorum</span> <span class='ocrx_word' id='word_1_418' title='bbox 738 2653 767 2688; x_wconf 89' lang='lat' dir='ltr'>in</span> <span class='ocrx_word' id='word_1_419' title='bbox 791 2653 875 2688; x_wconf 82' lang='lat' dir='ltr'>dicto</span> <span class='ocrx_word' id='word_1_420' title='bbox 909 2666 1006 2701; x_wconf 81' lang='lat' dir='ltr'>regno</span> <span class='ocrx_word' id='word_1_421' title='bbox 1034 2653 1145 2688; x_wconf 83' lang='lat' dir='ltr'>Sardi-</span> 
     </span>
    </p>
   </div>
   <div class='ocr_carea' id='block_1_13' title="bbox 1185 1514 1943 2705">
    <p class='ocr_par' dir='ltr' id='par_1_14' title="bbox 1185 1514 1943 2478">
     <span class='ocr_line' id='line_1_78' title="bbox 1185 1514 1940 1561; baseline 0.008 -14"><span class='ocrx_word' id='word_1_422' title='bbox 1185 1514 1309 1561; x_wconf 86' lang='lat' dir='ltr'>quoties</span> <span class='ocrx_word' id='word_1_423' title='bbox 1333 1527 1414 1561; x_wconf 90' lang='lat' dir='ltr'>opus</span> <span class='ocrx_word' id='word_1_424' title='bbox 1442 1514 1568 1559; x_wconf 78' lang='lat' dir='ltr'>fuerint,</span> <span class='ocrx_word' id='word_1_425' title='bbox 1595 1515 1771 1555; x_wconf 86' lang='lat' dir='ltr'>faciendae,</span> <span class='ocrx_word' id='word_1_426' title='bbox 1802 1518 1839 1552; x_wconf 90' lang='lat' dir='ltr'>ad</span> <span class='ocrx_word' id='word_1_427' title='bbox 1871 1516 1940 1553; x_wconf 84' lang='lat' dir='ltr'>Ro—</span> 
     </span>
     <span class='ocr_line' id='line_1_79' title="bbox 1187 1568 1938 1611; baseline 0.007 -9"><span class='ocrx_word' id='word_1_428' title='bbox 1187 1581 1313 1603; x_wconf 92' lang='lat' dir='ltr'>manum</span> <span class='ocrx_word' id='word_1_429' title='bbox 1351 1568 1557 1611; x_wconf 78' lang='lat' dir='ltr'>Pontificem,</span> <span class='ocrx_word' id='word_1_430' title='bbox 1595 1583 1648 1605; x_wconf 89' lang='lat' dir='ltr'>seu</span> <span class='ocrx_word' id='word_1_431' title='bbox 1686 1571 1722 1605; x_wconf 90' lang='lat' dir='ltr'>ad</span> <span class='ocrx_word' id='word_1_432' title='bbox 1762 1570 1938 1607; x_wconf 88' lang='lat' dir='ltr'>Romanam</span> 
     </span>
     <span class='ocr_line' id='line_1_80' title="bbox 1186 1623 1940 1673; baseline 0.003 -15"><span class='ocrx_word' id='word_1_433' title='bbox 1186 1623 1358 1658; x_wconf 82' lang='lat' dir='ltr'>Ecclesiam</span> <span class='ocrx_word' id='word_1_434' title='bbox 1380 1624 1591 1670; x_wconf 88' lang='lat' dir='ltr'>pertinebunt,</span> <span class='ocrx_word' id='word_1_435' title='bbox 1608 1625 1871 1673; x_wconf 89' lang='lat' dir='ltr'>quotiescumque</span> <span class='ocrx_word' id='word_1_436' title='bbox 1885 1639 1940 1662; x_wconf 89' lang='lat' dir='ltr'>su-</span> 
     </span>
     <span class='ocr_line' id='line_1_81' title="bbox 1188 1678 1940 1727; baseline 0.004 -16"><span class='ocrx_word' id='word_1_437' title='bbox 1188 1690 1242 1724; x_wconf 89' lang='lat' dir='ltr'>per</span> <span class='ocrx_word' id='word_1_438' title='bbox 1274 1678 1351 1724; x_wconf 86' lang='lat' dir='ltr'>ipsis</span> <span class='ocrx_word' id='word_1_439' title='bbox 1376 1678 1421 1712; x_wconf 89' lang='lat' dir='ltr'>vel</span> <span class='ocrx_word' id='word_1_440' title='bbox 1445 1691 1553 1713; x_wconf 90' lang='lat' dir='ltr'>eorum</span> <span class='ocrx_word' id='word_1_441' title='bbox 1577 1679 1683 1726; x_wconf 90' lang='lat' dir='ltr'>aliquo</span> <span class='ocrx_word' id='word_1_442' title='bbox 1712 1680 1757 1714; x_wconf 88' lang='lat' dir='ltr'>vel</span> <span class='ocrx_word' id='word_1_443' title='bbox 1780 1680 1940 1727; x_wconf 84' lang='lat' dir='ltr'>aliquibus</span> 
     </span>
     <span class='ocr_line' id='line_1_82' title="bbox 1187 1732 1940 1780; baseline 0.007 -15"><span class='ocrx_word' id='word_1_444' title='bbox 1187 1732 1398 1778; x_wconf 82' lang='lat' dir='ltr'>ambiguitatis</span> <span class='ocrx_word' id='word_1_445' title='bbox 1425 1732 1543 1780; x_wconf 84' lang='lat' dir='ltr'>aliquid</span> <span class='ocrx_word' id='word_1_446' title='bbox 1579 1733 1625 1767; x_wconf 86' lang='lat' dir='ltr'>vel</span> <span class='ocrx_word' id='word_1_447' title='bbox 1648 1734 1734 1768; x_wconf 90' lang='lat' dir='ltr'>dubii</span> <span class='ocrx_word' id='word_1_448' title='bbox 1764 1735 1836 1769; x_wconf 90' lang='lat' dir='ltr'>oriri</span> <span class='ocrx_word' id='word_1_449' title='bbox 1860 1748 1940 1770; x_wconf 88' lang='lat' dir='ltr'>con-</span> 
     </span>
     <span class='ocr_line' id='line_1_83' title="bbox 1186 1787 1938 1833; baseline 0.004 -12"><span class='ocrx_word' id='word_1_450' title='bbox 1186 1787 1298 1833; x_wconf 85' lang='lat' dir='ltr'>tinget:</span> <span class='ocrx_word' id='word_1_451' title='bbox 1326 1788 1415 1821; x_wconf 88' lang='lat' dir='ltr'>cuius</span> <span class='ocrx_word' id='word_1_452' title='bbox 1434 1787 1568 1822; x_wconf 87' lang='lat' dir='ltr'>Romani</span> <span class='ocrx_word' id='word_1_453' title='bbox 1593 1788 1770 1828; x_wconf 84' lang='lat' dir='ltr'>Pontificis,</span> <span class='ocrx_word' id='word_1_454' title='bbox 1794 1790 1839 1824; x_wconf 83' lang='lat' dir='ltr'>vel</span> <span class='ocrx_word' id='word_1_455' title='bbox 1867 1789 1938 1824; x_wconf 80' lang='lat' dir='ltr'>Ro-</span> 
     </span>
     <span class='ocr_line' id='line_1_84' title="bbox 1188 1841 1939 1889; baseline 0.005 -13"><span class='ocrx_word' id='word_1_456' title='bbox 1188 1854 1297 1876; x_wconf 87' lang='lat' dir='ltr'>manae</span> <span class='ocrx_word' id='word_1_457' title='bbox 1319 1841 1480 1877; x_wconf 87' lang='lat' dir='ltr'>Ecclesiae</span> <span class='ocrx_word' id='word_1_458' title='bbox 1503 1843 1751 1889; x_wconf 80' lang='lat' dir='ltr'>interpretationi</span> <span class='ocrx_word' id='word_1_459' title='bbox 1780 1853 1809 1879; x_wconf 88' lang='lat' dir='ltr'>et</span> <span class='ocrx_word' id='word_1_460' title='bbox 1831 1845 1939 1880; x_wconf 88' lang='lat' dir='ltr'>decla-</span> 
     </span>
     <span class='ocr_line' id='line_1_85' title="bbox 1188 1897 1940 1945; baseline 0.003 -14"><span class='ocrx_word' id='word_1_461' title='bbox 1188 1897 1298 1932; x_wconf 87' lang='lat' dir='ltr'>rationi</span> <span class='ocrx_word' id='word_1_462' title='bbox 1328 1897 1459 1931; x_wconf 87' lang='lat' dir='ltr'>stabitur</span> <span class='ocrx_word' id='word_1_463' title='bbox 1494 1897 1590 1932; x_wconf 87' lang='lat' dir='ltr'>verbo</span> <span class='ocrx_word' id='word_1_464' title='bbox 1617 1910 1671 1932; x_wconf 90' lang='lat' dir='ltr'>seu</span> <span class='ocrx_word' id='word_1_465' title='bbox 1701 1898 1814 1941; x_wconf 88' lang='lat' dir='ltr'>literis,</span> <span class='ocrx_word' id='word_1_466' title='bbox 1848 1909 1940 1945; x_wconf 85' lang='lat' dir='ltr'>prout</span> 
     </span>
     <span class='ocr_line' id='line_1_86' title="bbox 1188 1950 1943 1999; baseline 0.005 -15"><span class='ocrx_word' id='word_1_467' title='bbox 1188 1951 1265 1998; x_wconf 89' lang='lat' dir='ltr'>ipsis</span> <span class='ocrx_word' id='word_1_468' title='bbox 1283 1950 1427 1986; x_wconf 89' lang='lat' dir='ltr'>Romano</span> <span class='ocrx_word' id='word_1_469' title='bbox 1450 1951 1594 1986; x_wconf 83' lang='lat' dir='ltr'>Pontifici</span> <span class='ocrx_word' id='word_1_470' title='bbox 1627 1952 1673 1986; x_wconf 86' lang='lat' dir='ltr'>vel</span> <span class='ocrx_word' id='word_1_471' title='bbox 1696 1952 1858 1988; x_wconf 84' lang='lat' dir='ltr'>Ecclesiae</span> <span class='ocrx_word' id='word_1_472' title='bbox 1879 1954 1943 1999; x_wconf 88' lang='lat' dir='ltr'>pla-</span> 
     </span>
     <span class='ocr_line' id='line_1_87' title="bbox 1186 2005 1941 2054; baseline 0.004 -14"><span class='ocrx_word' id='word_1_473' title='bbox 1186 2006 1287 2040; x_wconf 84' lang='lat' dir='ltr'>cuerit</span> <span class='ocrx_word' id='word_1_474' title='bbox 1309 2005 1471 2041; x_wconf 79' lang='lat' dir='ltr'>saciendis.</span> <span class='ocrx_word' id='word_1_475' title='bbox 1507 2005 1592 2041; x_wconf 91' lang='lat' dir='ltr'>Nulli</span> <span class='ocrx_word' id='word_1_476' title='bbox 1628 2019 1702 2054; x_wconf 78' lang='lat' dir='ltr'>ergo</span> <span class='ocrx_word' id='word_1_477' title='bbox 1724 2007 1855 2042; x_wconf 90' lang='lat' dir='ltr'>omnino</span> <span class='ocrx_word' id='word_1_478' title='bbox 1883 2008 1941 2043; x_wconf 92' lang='lat' dir='ltr'>ho-</span> 
     </span>
     <span class='ocr_line' id='line_1_88' title="bbox 1188 2061 1937 2109; baseline 0.004 -14"><span class='ocrx_word' id='word_1_479' title='bbox 1188 2061 1308 2096; x_wconf 86' lang='lat' dir='ltr'>minum</span> <span class='ocrx_word' id='word_1_480' title='bbox 1346 2061 1437 2096; x_wconf 88' lang='lat' dir='ltr'>liceat</span> <span class='ocrx_word' id='word_1_481' title='bbox 1470 2061 1550 2096; x_wconf 91' lang='lat' dir='ltr'>hanc</span> <span class='ocrx_word' id='word_1_482' title='bbox 1579 2062 1724 2109; x_wconf 82' lang='lat' dir='ltr'>paginam</span> <span class='ocrx_word' id='word_1_483' title='bbox 1760 2071 1937 2098; x_wconf 87' lang='lat' dir='ltr'>nostrarum</span> 
     </span>
     <span class='ocr_line' id='line_1_89' title="bbox 1187 2115 1941 2158; baseline 0.004 -9"><span class='ocrx_word' id='word_1_484' title='bbox 1187 2115 1373 2155; x_wconf 85' lang='lat' dir='ltr'>collationis,</span> <span class='ocrx_word' id='word_1_485' title='bbox 1402 2115 1632 2156; x_wconf 89' lang='lat' dir='ltr'>concessionis,</span> <span class='ocrx_word' id='word_1_486' title='bbox 1668 2116 1862 2158; x_wconf 90' lang='lat' dir='ltr'>donationis,</span> <span class='ocrx_word' id='word_1_487' title='bbox 1891 2118 1941 2152; x_wconf 91' lang='lat' dir='ltr'>in-</span> 
     </span>
     <span class='ocr_line' id='line_1_90' title="bbox 1187 2169 1939 2216; baseline 0.005 -13"><span class='ocrx_word' id='word_1_488' title='bbox 1187 2169 1370 2208; x_wconf 84' lang='lat' dir='ltr'>vestiturae,</span> <span class='ocrx_word' id='word_1_489' title='bbox 1405 2169 1668 2216; x_wconf 82' lang='lat' dir='ltr'>promulgationis</span> <span class='ocrx_word' id='word_1_490' title='bbox 1703 2179 1732 2206; x_wconf 89' lang='lat' dir='ltr'>et</span> <span class='ocrx_word' id='word_1_491' title='bbox 1770 2171 1939 2207; x_wconf 86' lang='lat' dir='ltr'>voluntatis</span> 
     </span>
     <span class='ocr_line' id='line_1_91' title="bbox 1188 2223 1939 2270; baseline 0.007 -13"><span class='ocrx_word' id='word_1_492' title='bbox 1188 2223 1369 2270; x_wconf 81' lang='lat' dir='ltr'>infringere,</span> <span class='ocrx_word' id='word_1_493' title='bbox 1405 2223 1453 2257; x_wconf 82' lang='lat' dir='ltr'>vel</span> <span class='ocrx_word' id='word_1_494' title='bbox 1489 2224 1515 2258; x_wconf 91' lang='lat' dir='ltr'>ei</span> <span class='ocrx_word' id='word_1_495' title='bbox 1558 2236 1636 2259; x_wconf 91' lang='lat' dir='ltr'>ausu</span> <span class='ocrx_word' id='word_1_496' title='bbox 1666 2227 1833 2261; x_wconf 84' lang='lat' dir='ltr'>temerario</span> <span class='ocrx_word' id='word_1_497' title='bbox 1860 2239 1939 2262; x_wconf 87' lang='lat' dir='ltr'>con-</span> 
     </span>
     <span class='ocr_line' id='line_1_92' title="bbox 1187 2277 1938 2328; baseline 0.007 -17"><span class='ocrx_word' id='word_1_498' title='bbox 1187 2277 1289 2311; x_wconf 85' lang='lat' dir='ltr'>traire.</span> <span class='ocrx_word' id='word_1_499' title='bbox 1317 2277 1350 2312; x_wconf 91' lang='lat' dir='ltr'>Si</span> <span class='ocrx_word' id='word_1_500' title='bbox 1374 2278 1443 2324; x_wconf 89' lang='lat' dir='ltr'>quis</span> <span class='ocrx_word' id='word_1_501' title='bbox 1464 2287 1568 2313; x_wconf 89' lang='lat' dir='ltr'>autem</span> <span class='ocrx_word' id='word_1_502' title='bbox 1593 2278 1653 2313; x_wconf 88' lang='lat' dir='ltr'>hoc</span> <span class='ocrx_word' id='word_1_503' title='bbox 1674 2287 1826 2315; x_wconf 89' lang='lat' dir='ltr'>attentare</span> <span class='ocrx_word' id='word_1_504' title='bbox 1849 2293 1938 2328; x_wconf 90' lang='lat' dir='ltr'>prae-</span> 
     </span>
     <span class='ocr_line' id='line_1_93' title="bbox 1186 2332 1938 2382; baseline 0.005 -16"><span class='ocrx_word' id='word_1_505' title='bbox 1186 2332 1374 2379; x_wconf 85' lang='lat' dir='ltr'>sumpserit,</span> <span class='ocrx_word' id='word_1_506' title='bbox 1422 2332 1670 2378; x_wconf 81' lang='lat' dir='ltr'>indignationem</span> <span class='ocrx_word' id='word_1_507' title='bbox 1711 2335 1938 2382; x_wconf 87' lang='lat' dir='ltr'>omnipotentis</span> 
     </span>
     <span class='ocr_line' id='line_1_94' title="bbox 1187 2386 1937 2436; baseline 0.007 -16"><span class='ocrx_word' id='word_1_508' title='bbox 1187 2386 1256 2424; x_wconf 79' lang='lat' dir='ltr'>Dei,</span> <span class='ocrx_word' id='word_1_509' title='bbox 1284 2399 1319 2421; x_wconf 87' lang='lat' dir='ltr'>ac</span> <span class='ocrx_word' id='word_1_510' title='bbox 1342 2386 1505 2422; x_wconf 91' lang='lat' dir='ltr'>beatorum</span> <span class='ocrx_word' id='word_1_511' title='bbox 1529 2387 1612 2422; x_wconf 90' lang='lat' dir='ltr'>Petri</span> <span class='ocrx_word' id='word_1_512' title='bbox 1640 2396 1670 2422; x_wconf 89' lang='lat' dir='ltr'>et</span> <span class='ocrx_word' id='word_1_513' title='bbox 1693 2388 1780 2423; x_wconf 89' lang='lat' dir='ltr'>Pauli</span> <span class='ocrx_word' id='word_1_514' title='bbox 1804 2398 1937 2436; x_wconf 88' lang='lat' dir='ltr'>aposto—</span> 
     </span>
     <span class='ocr_line' id='line_1_95' title="bbox 1188 2440 1826 2478; baseline 0.005 -4"><span class='ocrx_word' id='word_1_515' title='bbox 1188 2440 1288 2474; x_wconf 91' lang='lat' dir='ltr'>lorum</span> <span class='ocrx_word' id='word_1_516' title='bbox 1317 2442 1385 2475; x_wconf 87' lang='lat' dir='ltr'>eins</span> <span class='ocrx_word' id='word_1_517' title='bbox 1412 2454 1445 2475; x_wconf 89' lang='lat' dir='ltr'>se</span> <span class='ocrx_word' id='word_1_518' title='bbox 1474 2443 1593 2478; x_wconf 89' lang='lat' dir='ltr'>noverit</span> <span class='ocrx_word' id='word_1_519' title='bbox 1616 2443 1826 2478; x_wconf 86' lang='lat' dir='ltr'>incursurum.</span> 
     </span>
    </p>

    <p class='ocr_par' dir='ltr' id='par_1_15' title="bbox 1187 2494 1936 2640">
     <span class='ocr_line' id='line_1_96' title="bbox 1238 2494 1936 2542; baseline 0.007 -14"><span class='ocrx_word' id='word_1_520' title='bbox 1238 2494 1352 2530; x_wconf 89' lang='lat' dir='ltr'>Datum</span> <span class='ocrx_word' id='word_1_521' title='bbox 1381 2495 1500 2530; x_wconf 87' lang='lat' dir='ltr'>Romae</span> <span class='ocrx_word' id='word_1_522' title='bbox 1522 2496 1605 2542; x_wconf 86' lang='lat' dir='ltr'>apud</span> <span class='ocrx_word' id='word_1_523' title='bbox 1628 2496 1778 2532; x_wconf 84' lang='lat' dir='ltr'>Sanctum</span> <span class='ocrx_word' id='word_1_524' title='bbox 1808 2497 1936 2533; x_wconf 86' lang='lat' dir='ltr'>Petrum</span> 
     </span>
     <span class='ocr_line' id='line_1_97' title="bbox 1187 2550 1936 2599; baseline 0.005 -16"><span class='ocrx_word' id='word_1_525' title='bbox 1187 2550 1326 2585; x_wconf 89' lang='lat' dir='ltr'>secundo</span> <span class='ocrx_word' id='word_1_526' title='bbox 1349 2563 1447 2586; x_wconf 88' lang='lat' dir='ltr'>nonas</span> <span class='ocrx_word' id='word_1_527' title='bbox 1469 2552 1590 2599; x_wconf 90' lang='lat' dir='ltr'>aprilis,</span> <span class='ocrx_word' id='word_1_528' title='bbox 1613 2551 1812 2599; x_wconf 81' lang='lat' dir='ltr'>pontificatus</span> <span class='ocrx_word' id='word_1_529' title='bbox 1840 2555 1936 2588; x_wconf 89' lang='lat' dir='ltr'>nostri</span> 
     </span>
     <span class='ocr_line' id='line_1_98' title="bbox 1187 2607 1393 2640; baseline 0.005 -1"><span class='ocrx_word' id='word_1_530' title='bbox 1187 2616 1269 2639; x_wconf 89' lang='lat' dir='ltr'>anno</span> <span class='ocrx_word' id='word_1_531' title='bbox 1292 2607 1393 2640; x_wconf 87' lang='lat' dir='ltr'>tertio.</span> 
     </span>
    </p>

    <p class='ocr_par' dir='ltr' id='par_1_16' title="bbox 1238 2661 1889 2705">
     <span class='ocr_line' id='line_1_99' title="bbox 1238 2661 1889 2705; baseline 0.003 -14"><span class='ocrx_word' id='word_1_532' title='bbox 1238 2661 1296 2692; x_wconf 80' lang='lat' dir='ltr'>Dat.</span> <span class='ocrx_word' id='word_1_533' title='bbox 1318 2663 1364 2692; x_wconf 77' lang='lat' dir='ltr'>die</span> <span class='ocrx_word' id='word_1_534' title='bbox 1386 2664 1397 2693; x_wconf 81' lang='lat' dir='ltr'>l</span> <span class='ocrx_word' id='word_1_535' title='bbox 1419 2664 1518 2704; x_wconf 83' lang='lat' dir='ltr'>aprilis</span> <span class='ocrx_word' id='word_1_536' title='bbox 1538 2664 1620 2697; x_wconf 64' lang='lat'>1297,</span> <span class='ocrx_word' id='word_1_537' title='bbox 1633 2664 1735 2705; x_wconf 83' lang='lat' dir='ltr'>pontis.</span> <span class='ocrx_word' id='word_1_538' title='bbox 1755 2674 1830 2694; x_wconf 87' lang='lat' dir='ltr'>anno</span> <span class='ocrx_word' id='word_1_539' title='bbox 1850 2674 1889 2695; x_wconf 74' lang='grc' dir='ltr'>ιιι.</span> 
     </span>
    </p>
   </div>
  </div>
 </body>
</html>
