2274 3265
101 270 146 298 ht.
165 270 193 297 C.
213 272 278 298 ists

115 1559 197 1580 Tertius
213 1563 286 1578 error:

105 1591 244 1610 iuramentum
277 1596 288 1609 a

105 1623 193 1647 peccato
204 1626 244 1640 non
256 1626 266 1640 e

104 1656 127 1671 se
155 1652 288 1675 seiunctum,

106 1683 160 1709 quod
178 1683 260 1708 impugn
265 1688 289 1701 a-

106 1716 138 1733 tur

799 270 935 293 lOANNES
963 270 1016 292 xxi
1046 260 1151 300 [dictus
1180 263 1258 300 xxii)
1288 270 1335 291 ιψ,

295 325 398 360 feriret
425 332 456 359 et
479 324 581 371 legum
611 325 806 372 publicarum
835 325 953 359 sanctio
988 336 1042 357 cx-

295 384 393 409 ti·emo
410 374 524 409 iudicio
548 374 796 422 praedamnaret.
810 373 891 416 Quia
911 374 1041 419 dignum

294 432 358 458 erat
379 432 410 457 et
437 436 569 471 equum,
593 431 625 458 ut
646 431 753 458 contra
782 423 851 457 illos
878 423 1043 469 utriusque

294 473 388 519 gladii
403 482 540 520 potestas
552 480 748 519 exsurgeret,
760 472 812 519 qui
826 473 1041 506 anctoritatem

294 523 537 557 ecclesiasticam
566 535 582 557 a
610 522 677 556 solo
703 522 770 556 Deo
794 521 937 556 traditam
961 528 991 555 et
1015 521 1042 554 in

295 580 482 619 perpetuum
518 571 699 607 duraturam
729 570 866 616 profanis
893 571 1045 605 assertio-

297 621 391 656 nibus
406 621 607 666 abnegarent.
622 620 728 654 Manet
744 620 837 666 igitur
855 620 961 661 etiam,
979 620 1046 654 istis

297 669 551 714 ieclainantilnis,
573 677 604 704 et
627 669 779 716 usquead
809 669 901 704 finem
927 669 1045 703 saeculi

297 720 492 766 permanebit
519 718 602 766 apud
635 718 815 753 Romanum
839 719 1047 763 praesulem,

296 769 381 803 sicut
403 780 528 803 summa
550 768 732 811 auctoritas
751 769 796 803 sie
819 769 972 803 immensa
998 781 1049 815 po-

297 825 405 858 test-¹³5,
435 829 529 865 quam
559 817 640 851 sicut
667 817 763 863 gratis
785 818 918 865 accepit,
948 818 993 852 sic
1018 818 1046 852 in

296 879 360 910 ρος,
388 879 470 914 quos
493 867 523 900 in
552 874 670 912 partem
693 866 904 901 solicitudinis
930 875 1049 911 evocat

297 916 326 949 in
353 917 469 950 unitate
503 914 573 949 {idei
602 922 632 950 et
659 915 821 951 Romanae
852 916 946 951 Sedis
971 916 1050 951 obe-

297 965 412 999 dientia
447 972 690 1012 permanentes,
723 964 860 1012 benigne
891 965 1050 1004 refundit,

297 1024 358 1048 tam
390 1014 512 1049 fortiter
551 1024 644 1061 atque
671 1014 808 1050 suaviter
837 1015 1050 1049 moderamina

298 1062 439 1098 indultae
468 1064 631 1110 potestatis
660 1075 823 1104 exercens,
853 1072 883 1098 ut
913 1065 942 1098 in
973 1076 1052 1098 cor-

298 1125 374 1158 pore
396 1112 527 1151 Christi,
549 1112 633 1160 quod
650 1121 696 1146 est
708 1112 863 1151 Ecclesia,
887 1125 901 1146 a
925 1124 1052 1148 summo

299 1162 413 1196 vertice
442 1173 543 1208 usque
570 1161 607 1196 ad
639 1170 779 1196 extrema
809 1162 950 1208 vestigia,
974 1161 1050 1196 niliil

301 1222 356 1257 per
384 1210 632 1246 inobedientiam
662 1210 866 1251 dissolutum,
893 1210 970 1245 nihil
995 1222 1052 1245 re-

298 1260 418 1307 linquat
431 1259 555 1295 ordinis
567 1258 755 1294 confusione
767 1259 940 1294 turbatum.
953 1259 1054 1294 Cuius

298 1309 523 1343 suavissimum
550 1308 605 1343 sed
625 1308 854 1343 validissimum
876 1309 986 1355 iugum
1000 1309 1056 1342 im-

299 1357 353 1404 pii
368 1358 440 1405 quia
455 1357 618 1392 humiliter
640 1365 763 1404 gestare
779 1357 953 1404 refugiunt,
970 1357 1054 1404 quod

300 1406 394 1442 rebus
430 1419 490 1442 non
515 1415 668 1462 possunt
695 1387 869 1442 lacessere0
879 1407 1056 1442 maledictis

302 1464 395 1503 atque
417 1457 566 1491 convitiis
587 1469 650 1491 non
673 1455 842 1491 desistunt.

350 1505 370 1552 ἓ
399 1507 453 1541 (8
481 1505 608 1540 Tertius
638 1505 768 1540 istorum
803 1517 891 1540 error
922 1505 951 1539 in
981 1504 1058 1539 Val-

303 1555 449 1589 densium
478 1567 584 1590 errore
611 1555 777 1598 coniurat,
800 1555 949 1602 quoniam
979 1554 1056 1589 ethi

270 1612 333 1640 ..et
362 1604 405 1638 illi
436 1605 467 1639 in
496 1605 618 1639 nullum
648 1612 796 1639 eventum
825 1612 971 1639 asserunt
994 1604 1059 1638 fore

305 1653 486 1698 iurandum,
501 1654 749 1699 dogmatizantes
763 1654 903 1688 mortalis
917 1653 1059 1688 criminis

304 1703 492 1750 contagione
517 1703 614 1751 pollui
652 1712 681 1738 et
711 1715 810 1750 poena
840 1704 957 1743 teneri,
980 1715 1060 1750 quos

304 1753 470 1800 contigerit
492 1753 660 1788 iuramenti
681 1753 832 1799 religione
847 1753 1033 1798 constringi.

353 1802 373 1849 S
397 1805 452 1838 19.
468 1802 612 1844 Quorum
631 1802 844 1849 blasphemias
860 1803 959 1849 pietas
974 1788 1060 1837 cliri-

304 1851 404 1887 stiana
426 1852 644 1886 condemnans
660 1864 722 1887 non
744 1851 869 1886 levitate
893 1860 988 1895 mota,
1006 1851 1060 1886 sed

307 1900 437 1936 utilitate
464 1909 517 1935 aut
540 1901 726 1937 necessitate
748 1908 854 1935 coacta
870 1928 878 1941 ,
902 1901 1061 1935 veritatem

307 1950 547 1997 praeteritorum
566 1958 659 1997 atque
678 1950 906 1997 praesentium,
921 1959 951 1985 et
968 1951 1063 1985 certi-

307 1999 450 2034 tudinem
478 1999 670 2040 futurorum,
687 1998 890 2034 iurisiurandi
911 1999 1063 2045 religione

306 2048 484 2093 confirmat,
499 2049 676 2084 certissime
693 2057 816 2089 tenens,
832 2049 906 2095 quia
929 2049 1063 2083 nullate-

308 2109 367 2131 nus
389 2097 428 2132 de
450 2110 510 2133 suo
536 2110 653 2144 genere
679 2108 784 2144 posset
806 2109 875 2132 esse
900 2106 1062 2144 peccatum

308 2146 391 2193 quod
409 2145 559 2181 Christus
580 2148 732 2186 exercuit,
748 2147 800 2194 qui
819 2157 982 2194 peccatum
1000 2159 1062 2181 non

309 2196 404 2236 fecit,
431 2195 486 2230 sed
521 2204 684 2243 peccatum
710 2208 803 2231 omne
831 2209 887 2230 sua
921 2197 1065 2243 passione

309 2245 481 2285 damnaviu
501 2245 611 2279 iuravit
627 2246 743 2280 etenim
767 2245 934 2285 Dominus,
956 2246 1065 2280 inravit

310 2303 340 2329 et
353 2295 514 2341 apostolus
524 2294 656 2335 Paulus,
671 2307 745 2330 suae
758 2295 951 2341 operationis
965 2306 1064 2329 exem-

312 2343 363 2390 plo
389 2352 599 2378 monstrantes
625 2344 662 2378 ad
692 2344 750 2378 hoc
772 2352 893 2378 tantum
911 2344 1066 2378 iuramen-

313 2402 378 2427 tum
389 2405 457 2427 esse
467 2393 673 2439 prohibitum,
686 2406 724 2427 ne
738 2393 1000 2428 iurandifacnltas
1010 2393 1067 2427 fr-e

312 2442 484 2489 quentiam,
509 2441 683 2497 frequentia
701 2442 977 2483 cousuetudinem
991 2454 1068 2477 con-

313 2491 449 2526 suetudo
476 2504 647 2538 periurium
666 2491 854 2526 introducat.
878 2491 1003 2526 Bonum
1021 2500 1068 2526 est

313 2552 387 2586 ergo
414 2541 638 2585 iuramentum⁷
655 2552 712 2587 per
730 2540 815 2587 quod
832 2541 944 2575 veritas
962 2553 1066 2575 rerum

314 2589 420 2625 divino
447 2590 626 2625 testimonio
645 2589 861 2634 confirmatur,
875 2590 931 2625 sed
952 2591 1068 2625 malum

314 2647 359 2673 est
388 2638 444 2683 illi,
466 2639 518 2686 qui
534 2651 571 2673 eo
594 2639 674 2674 male
689 2639 798 2683 utitur,
821 2647 850 2673 et
878 2651 894 2673 a
917 2639 998 2674 malo
1020 2639 1071 2674 in—

396 2696 469 2726 Bull.
486 2695 562 2726 nom.
585 2695 639 2725 t'ul.
659 2695 703 2725 ΙΥ.
892 2695 928 2725 3t

1719 260 1789 293 265

1085 323 1240 358 firmitatis
1264 323 1417 358 humanae
1439 332 1510 368 est,
1534 333 1565 358 ιιι
1593 324 1708 371 aliquis
1731 336 1838 359 verum

1086 372 1247 419 proferens
1272 372 1373 406 iurare
1396 381 1534 419 cogatur.

1135 424 1222 465 ξΞΟ.
1241 421 1357 462 Quarta
1374 422 1578 456 huiusmodi
1573 423 1741 469 impiorum
1757 422 1840 457 blas-

1089 471 1211 517 phezmii
1240 470 1278 505 (le
1308 471 1537 517 praedictorum
1561 472 1762 506 Vildensiuin
1789 474 1863 506 ic‘-
1904 510 1906 513 y
1933 511 1943 519 ss

1089 528 1203 555 nenato
1227 520 1312 554 fonte
1336 532 1558 566 prorumpens
1578 522 1757 556 sacerdotes
1786 522 1840 555 rite.
1855 509 1937 583 iiiii-22

1088 569 1181 603 etiam
1211 578 1241 604 et
1269 569 1407 616 legitime
1432 571 1606 604 sicninlnin
1637 572 1767 605 formant
1787 571 1843 605 Ec-

1088 618 1201 653 clesiae
1229 618 1407 658 ordinatos.
1430 619 1622 665 quibuslibet
1652 629 1755 654 tamen
1779 622 1843 654 cri·
1857 632 1926 648 monh

1091 667 1229 702 minibus
1253 680 1377 715 pressos
1401 680 1462 702 non
1487 680 1579 714 posse
1605 670 1760 704 conticere,
1799 670 1843 702 vel

1090 717 1233 752 conferre
1252 717 1461 752 ecclesiastica
1477 726 1669 752 sacramenta
1682 719 1844 764 confingit.

1140 770 1154 809 ξ
1177 768 1234 800 21.
1263 766 1408 808 Quorum
1427 774 1634 813 utrorumque
1657 768 1844 801 dementiam

1091 815 1321 850 ecclesiasticae
1349 816 1489 850 veritatis
1515 816 1656 851 ‹loctrina
1688 817 1845 861 redarguit

1092 873 1120 899 et
1143 876 1274 899 censura
1304 865 1456 911 percellit;
1483 866 1631 911 quoniam
1657 866 1697 899 nil
1725 877 1740 899 a
1765 865 1847 899 bono

1094 914 1207 957 maius,
1224 914 1264 948 nil
1288 925 1303 948 a
1328 914 1409 949 malo
1433 914 1537 948 minus
1566 914 1725 960 perlicitur
1747 926 1848 949 sacer·

1092 963 1184 1006 dote,
1212 963 1286 1009 quia
1308 972 1578 998 sacramentorum
1604 964 1701 997 virtus
1725 975 1786 997 non
1816 964 1845 997 in

1093 1013 1204 1046 merito
1227 1013 1452 1052 consecrantis,
1467 1013 1521 1046 sed
1551 1013 1580 1046 in
1605 1013 1718 1047 virtute
1734 1012 1841 1047 Sancti

1093 1061 1229 1108 Spiritus
1251 1070 1281 1095 et
1304 1061 1397 1096 verbo
1421 1062 1581 1108 proficitur
1602 1061 1772 1096 Creatoris.

1143 1112 1238 1153 52⁶2.
1270 1110 1410 1152 Quintus
1437 1123 1523 1145 error
1553 1111 1599 1144 sic
1632 1111 1764 1145 istorum
1797 1111 1849 1144 lio-

1096 1160 1217 1193 minum
1242 1168 1364 1193 mentes
1389 1160 1557 1203 obcaecat,
1586 1168 1618 1193 ut
1640 1160 1846 1205 Evangelium

1095 1207 1213 1242 Christi
1243 1209 1323 1243 inse
1337 1209 1434 1253 solos,
1469 1209 1527 1242 hoe
1557 1209 1586 1242 in
1616 1217 1771 1254 tempore,
1800 1221 1851 1242 as-

1096 1265 1201 1291 serant
1231 1269 1301 1292 esse
1330 1258 1541 1304 completum,
1564 1259 1648 1304 quod
1679 1259 1851 1297 haetenus,

1098 1314 1130 1340 ut
1158 1306 1218 1352 ipsi
1246 1308 1418 1350 somniant,
1441 1306 1602 1341 obtectum
1627 1306 1738 1348 fuerat,
1755 1307 1852 1341 immo

1099 1367 1231 1401 prorsus
1259 1363 1442 1390 extinctum.

1148 1408 1162 1447 ἕ
1191 1405 1249 1439 25.
1272 1404 1362 1446 Quae
1380 1405 1525 1450 impietas
1538 1405 1641 1449 sic(1)
1668 1403 1855 1439 tenebrosos

1099 1453 1356 1488 Manichaeorum
1385 1454 1481 1488 calles
1512 1454 1653 1493 oberrat,
1683 1461 1715 1488 ut
1751 1462 1854 1487 tamen

1101 1507 1240 1542 Montani
1273 1516 1368 1554 atque
1407 1507 1567 1542 Priscillae
1601 1506 1691 1542 foeda
1728 1507 1855 1552 vestigia

1101 1573 1162 1595 non
1184 1560 1356 1608 relinquat:
1373 1560 1415 1595 illi
1433 1561 1771 1609 enimpromissionem
1791 1559 1857 1594 Do-

1102 1615 1179 1649 mini
1208 1615 1247 1650 de
1269 1614 1390 1662 Spiritu
1419 1615 1548 1659 Sancto,
1571 1628 1632 1650 non
1649 1616 1678 1650 in
1695 1614 1856 1662 apostolis,

1102 1669 1156 1704 sed
1181 1669 1211 1703 in
1235 1682 1268 1703 se
1297 1669 1372 1715 ipsis
1390 1670 1580 1716 completam
1599 1682 1668 1704 esse
1691 1677 1855 1703 asserunt:

1103 1724 1151 1757 isti
1181 1723 1390 1769 Evangelium
1418 1722 1562 1762 Christi,
1590 1723 1679 1757 cuius
1702 1722 1800 1756 virtus
1828 1722 1856 1755 in

1102 1777 1210 1812 Sancti
1238 1776 1380 1823 Spiritus
1408 1777 1609 1824 perceptione
1632 1776 1789 1816 consistit,
1818 1776 1858 1810 ita

1104 1831 1134 1864 in
1157 1843 1190 1865 se
1220 1831 1414 1877 completum
1443 1838 1625 1870 autumant,
1648 1839 1683 1865 ut
1710 1829 1748 1863 ab
1776 1829 1858 1863 illius

1104 1884 1188 1919 claro
1216 1884 1378 1919 intellectu
1394 1892 1425 1919 et
1452 1896 1523 1919 vcra
1545 1883 1765 1918 observatione
1788 1884 1859 1916 uni-

1105 1937 1281 1972 versitatem
1311 1937 1451 1971 fidelium
1476 1936 1660 1971 mentiendo
1682 1936 1858 1971 secludant.

1105 1990 1219 2026 Sancta
1243 2003 1316 2024 vcro
1338 2002 1373 2025 ac
1389 1990 1573 2024 universalis
1588 1989 1728 2024 Ecclesia
1752 1989 1859 2024 talium

1107 2044 1271 2079 hominum
1290 2044 1437 2090 figmenta
1453 2042 1603 2077 deridens
1624 2042 1804 2076 firmissime
1820 2051 1861 2076 te-

1106 2107 1158 2132 net
1181 2106 1211 2133 et
1233 2097 1415 2132 nullatenus
1442 2097 1573 2133 dubitat,
1595 2095 1750 2142 Spiritum
1779 2094 1861 2130 San-

1107 2156 1191 2182 ctum
1219 2147 1304 2181 iuxta
1329 2146 1419 2181 fidele
1433 2145 1602 2180 Salvatoris
1621 2146 1812 2191 promissum
1830 2144 1859 2178 in

1107 2196 1144 2230 B.
1160 2196 1329 2243 Apostolos
1351 2196 1402 2229 die
1424 2195 1632 2229 pentecostes
1663 2195 1707 2229 sic
1735 2193 1862 2240 plenis-

1108 2247 1187 2280 sime
1210 2245 1306 2279 fuisse
1334 2244 1486 2287 refusum⁷
1509 2252 1543 2278 ut
1572 2244 1640 2277 illos
1664 2255 1790 2278 omnem
1810 2255 1862 2277 ve-

1109 2296 1242 2338 ritatem,
1258 2306 1338 2341 quae
1352 2293 1388 2327 ad
1402 2294 1533 2328 salutem
1560 2293 1705 2339 pertinet,
1725 2291 1862 2339 perfecte

1109 2345 1247 2382 (luceret,
1271 2352 1301 2377 ut
1325 2343 1411 2389 ipsos
1432 2343 1469 2377 ad
1493 2353 1633 2376 amorem
1652 2341 1707 2376 Dei
1733 2341 1863 2375 mirabi-

1110 2393 1179 2427 liter
1193 2393 1454 2432 inflamina1⁸et‚ut
1468 2391 1595 2425 eosdem
1612 2400 1718 2425 contra
1735 2402 1861 2425 omnem

1111 2443 1312 2477 tentationem
1337 2453 1468 2475 munere
1485 2440 1608 2474 tirtutis
1634 2440 1777 2474 firmitate
1794 2452 1864 2473 mu-

1111 2492 1202 2526 niret.
1226 2491 1326 2526 Cuius
1352 2490 1492 2537 Spiritus
1518 2490 1615 2523 virtus
1642 2489 1692 2523 illa
1723 2498 1862 2523 sanctam

1111 2541 1284 2576 Ecclesiam
1315 2551 1416 2585 usque
1444 2540 1480 2573 ad
1512 2539 1604 2573 finem
1633 2537 1761 2576 saeculi,
1784 2549 1863 2572 nova

1111 2602 1236 2637 semper
1261 2589 1346 2636 prole
1372 2587 1560 2632 foecundat,
1583 2596 1615 2621 ut
1637 2588 1754 2622 renatis
1780 2586 1863 2622 fonte

1147 2656 1186 2690 (l)
1204 2654 1362 2682 audendum
1379 2654 1466 2681 forsan
1481 2662 1540 2686 per.

1856 270 1894 295 Αιι
1920 271 2036 297 (215¹ss

1866 436 1908 462 Qu·
1913 441 1944 456 ιι

1893 443 1987 489 ‘walse'

1870 507 1893 522 e
1911 507 1927 521 a*
1962 508 2041 523 ιυιιηιιἶ

1856 572 1894 586 (⁸011
1900 568 1917 585 ll·

1857 603 1888 617 CO!
1892 598 1918 617 it'c

1875 1127 1913 1154 Qul
1932 1133 1963 1147 tus
1979 1134 1999 1147 c(
2016 1135 2025 1146 u

1863 1158 1997 1183 Evang¹*ltutn

1865 1196 1887 1211 50
1918 1190 1974 1209 :ulus
2015 1199 2023 1208 ι

1866 1220 1992 1246 completum

2019 475 2038 489 ln

1953 543 2039 583 Nm.

2009 570 2039 587 vel

1972 604 2017 618 Ιιιιῼι
2027 609 2031 617 ι
