2274 3265
6 232 12 241 ²
2 131 27 223 WJJ·
6 103 15 127 -όν
0 0 24 68 ’,τῖ

139 248 186 274 An.
206 247 234 274 C.
253 246 317 273 ¹556

925 246 1118 269 BENEntCTth
1145 246 1193 268 ,xii
1215 247 1263 268 ΡΡ.
1751 235 1780 266 Η
1794 235 1804 266 1

333 301 466 336 absolvi:
490 310 519 336 et
546 304 571 335 si
592 302 630 336 de
653 302 711 337 lioc
734 302 825 336 fuerit
851 301 989 348 legitime
1004 313 1075 335 con·
1094 305 1099 333 1
1118 300 1258 334 eiusdem
1281 299 1400 334 ordinis
1428 308 1458 334 et
1479 300 1549 335 aliis
1572 300 1602 334 in
1617 299 1733 347 quilius
1751 300 1859 333 satiem

336 352 446 394 victus,
476 364 573 398 poena
596 353 730 386 carceris
753 353 909 398 puniatur.
941 350 1076 393 Quando
1117 358 1207 383 erunt
1229 361 1281 383 sex
1302 350 1420 388 fratres,
1451 351 1495 383 vel
1524 362 1630 402 supin
1653 362 1688 383 ac
1715 350 1806 382 i-tiam
1831 350 1859 382 iii

337 413 410 435 vero
444 401 619 447 praedictos
647 402 827 445 ministros,
850 400 998 435 custodes
1024 408 1076 434 aut
1117 399 1372 445 quibuscumque.
1405 400 1499 441 aliis,
1535 413 1564 433 ιιι
1592 398 1708 445 quibus
1740 399 1859 432 «lictum

335 452 510 485 visitatores
537 450 576 485 ab
603 450 705 485 officio
728 451 879 485 removeri
904 450 949 484 vel
965 462 1017 484 eos
1031 450 1075 483 ei-
1117 448 1290 494 (apituluin
1308 449 1372 482 lieri
1396 449 1577 483 consumit:
1596 461 1624 481 ιιι
1648 460 1712 494 quo
1733 448 1860 495 quide-iii

333 500 404 534 dein
430 501 612 534 renunciare
638 501 812 546 contigerit,
839 499 1076 534 successoribus
1095 470 1097 527 l
1116 498 1254 544 capitulo
1276 497 1441 543 culparum
1461 498 1664 543 quotidiana(
1692 499 1803 543 culpmi
1826 511 1859 530 ai·

334 551 399 584 suis
435 550 531 584 libros
553 557 583 583 et
613 557 679 583 acta
703 527 860 596 praedicta
885 549 1076 594 integraliter
1095 583 1097 605 ι
1118 547 1327 593 negligentiae
1349 546 1528 593 singillatim
1552 555 1582 580 et
1599 547 1744 592 spei-ilice
1769 547 1860 593 pleni·

334 599 457 633 tradere
478 608 507 632 ct
527 599 703 645 relinquere
729 612 783 645 per
805 598 1013 633 obedientiam
1030 606 1076 632 te·
1096 628 1097 631 ,
1119 606 1394 642 recognoscantur,
1416 604 1445 630 et
1469 596 1644 642 recognitae
1676 596 1779 631 debite
1809 609 1862 642 pu-

335 656 476 683 neautur.
492 648 525 682 Si
542 657 645 682 tamen
673 659 778 683 contra
803 648 981 682 liuiusmodi
1001 660 1075 682 suc-
1094 632 1097 666 l

333 710 474 732 cessores
513 698 541 731 in
570 697 657 731 libris
691 710 745 732 seu
782 699 858 732 actis
892 697 1073 732 huiusmodi

335 748 380 781 vel
403 748 542 793 registris
568 747 670 793 aliqua
705 746 900 789 habeantur,
929 747 1076 781 transcri-

334 797 446 831 bantur
470 798 561 843 plene
583 806 611 830 et
632 797 751 842 integre
775 799 804 831 in
833 797 922 831 libris
943 809 997 831 seu
1026 809 1075 830 re-

333 847 437 892 gistris
449 846 604 892 generalis
622 846 754 880 ministri
772 847 810 881 cle
827 848 926 893 ipsius
942 847 1073 881 ministri

331 897 485 941 generalis
514 896 638 930 licentia
660 897 802 942 speciali,
825 904 990 944 antequam
1011 905 1075 930 tra-

331 946 446 980 dantur
469 946 514 979 vel
534 946 750 992 relinquantur
769 945 1007 981 successoribus
1021 959 1075 980 su-

332 995 500 1041 pradictis;
522 1004 551 1029 et
577 995 616 1029 de
641 995 726 1029 libris
748 996 816 1030 aliis
839 995 1013 1034 deleantur
1037 996 1074 1030 de

331 1045 448 1100 quibus
475 1044 563 1079 libiis
585 1056 639 1079 seii
670 1046 838 1091 registris
831 1045 985 1091 geneialis
1014 1046 1077 1078 mi-

331 1095 420 1128 nisui
451 1107 609 1140 nunquam
648 1094 742 1133 talin,
769 1105 823 1129 aut
857 1107 1075 1142 quaecumque

330 1143 400 1183 alia,
429 1156 510 1190 quae
538 1156 567 1177 in
591 1143 635 1177 eis
657 1145 772 1190 scripta
795 1145 966 1184 extiterint
989 1144 1077 1178 ‹lele—

330 1202 422 1227 antur
445 1193 491 1227 vel
523 1194 753 1236 immutentur
776 1194 867 1228 etiam
892 1207 947 1240 pei
973 1194 1074 1238 ipsum

330 1243 509 1290 generalem
537 1243 733 1280 ministrum*
761 1244 815 1277 sed
846 1251 938 1289 prout
965 1243 1077 1276 veritas

331 1306 363 1327 se
377 1292 531 1331 habuerit,
546 1300 695 1338 perpetuo
716 1293 895 1337 incorrupta
919 1300 1076 1326 remaneat

331 1343 360 1376 iii
385 1341 514 1377 eisdem.
543 1341 706 1376 Praeterea
731 1342 924 1381 ordinamus,
951 1341 1034 1388 quod
1051 1342 1075 1376 si

332 1393 361 1426 in
391 1392 561 1438 provincia,
581 1391 723 1439 custodia
753 1392 798 1425 vel
835 1400 989 1425 conventu
1018 1391 1076 1425 ali—

329 1454 391 1489 qua
414 1442 508 1475 fuerit
531 1441 665 1475 turbatio
688 1449 716 1474 i=t
732 1441 843 1475 divisio
863 1442 942 1476 inter
957 1441 1076 1480 fratri-s,

331 1504 411 1538 quae
446 1503 499 1538 per
530 1491 749 1538 provincialem
789 1491 969 1525 minzstruin
1011 1490 1077 1524 tolli

332 1554 393 1576 non
424 1541 542 1587 possit,
582 1540 736 1587 generalis
776 1541 918 1574 minister
954 1553 1008 1585 per
1045 1553 1078 1575 se

332 1593 434 1638 ipsum
455 1591 500 1626 vel
529 1602 586 1637 pei·
607 1591 796 1625 visitatorem
825 1603 879 1624 sen
905 1590 1078 1625 visitatores

333 1642 436 1676 visitet
457 1640 640 1675 huiusmodi
669 1641 875 1687 provinciam
902 1640 1077 1675 custodiam

332 1693 378 1726 vel
406 1698 621 1730 conventum·
650 1698 679 1725 et
706 1703 783 1729 eos
812 1702 893 1737 quos
929 1691 1078 1736 repererit

333 1741 438 1776 talium
463 1739 672 1774 turbitionuin
700 1750 729 1774 et
752 1718 941 1775 divisionum
969 1748 1079 1775 ancto—

333 1804 393 1830 res
421 1792 444 1824 si
474 1791 502 1824 in
534 1789 644 1824 offitiis
679 1790 792 1824 tuerint
814 1790 998 1829 constituti
1025 1803 1080 1824 eos

332 1848 475 1876 amoveat
500 1840 539 1874 ab
561 1840 673 1874 officiis
696 1840 781 1886 ipsis,
804 1840 843 1874 de
873 1839 1006 1874 consilio
1028 1839 1078 1873 di·

332 1899 518 1927 scretoruin,
543 1898 635 1935 prout
654 1890 800 1935 superius
823 1890 972 1923 duximus
998 1889 1081 1923 ordi-

334 1940 495 1975 nandum:
519 1947 549 1973 et
577 1949 636 1973 tam
663 1940 748 1986 ipsos
773 1941 801 1973 in
825 1938 934 1973 officiis
960 1939 1080 1973 cousti-

335 1998 440 2032 tutos,
467 2001 560 2035 quani
588 1990 690 2027 alios,
719 1989 770 2035 qui
807 2001 867 2024 non
893 1988 1008 2022 fuerint
1049 1989 1078 2022 iu

334 2039 444 2074 officiis
465 2039 650 2078 constituti,
673 2040 697 2073 si
730 2039 829 2072 visum
859 2038 950 2071 fuerit
983 2050 1080 2082 expe-

334 2090 435 2128 diens,
458 2089 496 2123 de
511 2089 575 2123 suis
597 2089 729 2134 expellat
747 2087 915 2134 provinciis
929 2087 974 2121 vel
993 2088 1080 2121 aliter

336 2139 455 2186 puniat,
485 2146 575 2185 prout
600 2138 730 2185 pacifico
759 2138 849 2172 statui
879 2137 998 2171 ordinis
1025 2150 1081 2171 ex-

334 2189 452 2235 pediet.
480 2197 510 2222 et
537 2188 627 2234 culpa
651 2189 788 2233 exegerit
802 2186 999 2221 eorumdem.
1020 2186 1080 2221 Pro

334 2238 449 2273 salubri
476 2250 602 2284 quoque
631 2238 773 2283 puritatis
795 2244 988 2283 augumento
1007 2236 1080 2271 dicti

335 2288 455 2323 ordinis
473 2296 579 2322 tenore
599 2288 807 2334 praesentium
828 2285 1022 2333 providimus
1035 2299 1079 2320 or-

336 2337 533 2379 dinandum,
563 2340 647 2384 quod
685 2336 858 2383 capitulum
893 2336 1082 2382 culparum

335 2387 433 2434 quod,
456 2395 488 2421 nt
507 2387 693 2424 audivimus,
716 2386 890 2420 secundum
915 2397 1032 2420 morem
1052 2386 1080 2419 in

335 2437 418 2472 dicto
446 2437 556 2470 ordine
579 2436 729 2470 liactcnus
751 2436 962 2473 observatum,
985 2435 1080 2469 semel

336 2487 496 2520 dumtaxat
522 2485 682 2520 consuevit
709 2485 739 2519 ιιι
764 2485 934 2530 septimana
963 2485 1082 2527 teneri,

338 2537 389 2570 fiai
410 2543 441 2570 et
463 2543 606 2570 teneatur
627 2534 778 2581 deinceps
800 2543 950 2581 perpetuo
965 2533 1002 2568 ad
1024 2534 1082 2568 mi-

338 2598 396 2621 nus
419 2585 517 2621 tribus
540 2585 653 2619 diebus
676 2584 843 2619 cuiuslibet
865 2584 1057 2631 septimanae
1073 2611 1082 2627 ‚

338 2635 367 2669 in
407 2634 662 2683 quibuscumque
706 2634 783 2669 locis
822 2633 1083 2669 conventualibus

1119 648 1254 681 niantnr.
1278 645 1434 681 Ordincnt
1456 652 1559 679 auti-ni
1578 654 1608 679 et
1635 653 1774 679 statuant
1807 658 1862 679 mi-

1118 697 1205 731 nistri
1234 704 1263 730 et
1279 696 1440 742 guariliani
1465 696 1493 729 in
1516 695 1649 741 singulis
1674 696 1751 729 locis
1777 707 1862 740 prae-

1116 746 1228 784 dictis,
1262 754 1292 779 et
1326 745 1510 791 praesertim
1533 745 1561 778 in
1592 744 1651 779 illis
1688 745 1716 778 in
1745 743 1861 791 quibus

1117 804 1207 829 erunt
1230 795 1331 830 studia
1359 807 1413 829 seu
1436 795 1611 833 studentes,
1627 795 1671 827 sic
1692 793 1860 840 prudenter

1117 846 1224 879 horam
1248 845 1426 879 huiusmodi
1450 844 1576 891 capituli
1605 843 1784 878 cett-bramti
1812 855 1863 877 se-

1117 896 1257 929 cuudum
1285 894 1464 941 qualitatem
1491 906 1708 940 personarum,
1737 893 1863 927 varieta-

1118 954 1177 979 tem
1211 952 1386 991 temporum
1411 952 1441 978 et
1474 943 1686 978 conditionem
1711 944 1862 986 iocorum,

1117 1002 1146 1029 et
1164 994 1233 1029 aliis
1252 994 1398 1028 omnibus
1416 993 1553 1041 pensatis
1576 993 1605 1026 iii
1630 992 1755 1035 talibus,
1782 1004 1863 1038 quae

1117 1044 1292 1078 secundum
1324 1044 1426 1078 datam
1449 1044 1494 1077 eis
1527 1055 1542 1077 a
1571 1043 1637 1077 Deo
1667 1043 1862 1088 prudentiam

1118 1094 1251 1127 viderint
1285 1093 1444 1139 expedire.
1481 1092 1588 1139 Itaque
1625 1093 1689 1138 ipsa
1729 1091 1863 1137 capitula

1118 1143 1210 1190 plene
1226 1142 1291 1176 fieri
1314 1151 1344 1176 et
1367 1142 1463 1176 teneri
1489 1142 1609 1176 valeant
1632 1141 1735 1175 tribus
1753 1140 1865 1175 diebus

1118 1191 1297 1239 praedictis,
1318 1200 1349 1225 et
1371 1191 1470 1226 dictae
1486 1191 1597 1237 culpae
1611 1203 1646 1225 ac
1659 1190 1864 1236 negligentiae

1118 1242 1241 1276 recitari
1261 1250 1290 1275 et
1307 1242 1420 1287 puniri,
1446 1250 1535 1287 prout
1549 1241 1695 1286 superius
1717 1249 1761 1274 est
1780 1252 1865 1285 prae-

1118 1291 1270 1325 missum:
1299 1299 1329 1324 et
1358 1290 1566 1324 iiiliiloniinus
1588 1290 1702 1323 divinis
1729 1288 1862 1326 officiis,

1118 1340 1330 1379 sermonibus,
1359 1340 1548 1374 lectionibus
1570 1348 1599 1373 et
1624 1339 1693 1372 aliis
1713 1349 1792 1385 quae
1808 1350 1864 1372 ex-

1120 1389 1275 1436 pedienda
1291 1389 1406 1424 fuerint
1420 1388 1612 1423 sufficienter
1629 1389 1739 1428 vacari,
1752 1399 1864 1435 quem—

1118 1438 1291 1474 admodum
1317 1440 1346 1472 in
1371 1438 1512 1484 pluribus
1546 1437 1750 1484 religionibus
1771 1437 1863 1472 etiam

1119 1489 1232 1524 diebus
1269 1488 1402 1534 singulis
1443 1487 1637 1522 laudabiliter
1670 1486 1863 1521 observatur.

1120 1539 1281 1574 Praeterea
1316 1537 1521 1578 ordinamus,
1548 1537 1633 1584 quod
1665 1537 1690 1571 si
1733 1536 1865 1570 ministri

1119 1588 1281 1634 generales
1308 1601 1364 1623 seu
1401 1588 1608 1643 provinciales
1640 1594 1693 1620 aut
1719 1586 1867 1620 custodes

1122 1640 1166 1673 vel
1189 1638 1365 1685 guardiaiii
1384 1639 1449 1672 sive
1466 1638 1566 1684 quivis
1582 1636 1630 1670 alii
1652 1635 1867 1690 praesidentes

1120 1689 1194 1723 dicti
1218 1687 1339 1723 ordinis
1359 1687 1471 1734 reperti
1500 1687 1615 1721 suerint
1634 1698 1795 1720 criminosi
1810 1698 1865 1719 seu

1123 1738 1399 1785 praevaricatores
1408 1736 1594 1772 Ordinisaui
1608 1735 1692 1770 Brati
1709 1734 1865 1770 Francisci

1122 1788 1247 1834 regulae
1270 1796 1518 1842 contemptores,
1541 1797 1605 1820 sive
1618 1784 1799 1819 notibilitei
1817 1797 1867 1819 ne-

1121 1838 1277 1883 gligentes
1299 1845 1329 1872 et
1348 1837 1486 1879 reinissi,
1509 1845 1538 1869 et
1564 1835 1742 1880 specialiter
1762 1834 1787 1868 si
1810 1847 1867 1869 or·-

1122 1888 1298 1921 ‹linationes
1319 1896 1347 1921 ct
1369 1895 1481 1921 statuta
1506 1894 1609 1920 nostra
1634 1885 1805 1931 praesentia
1823 1885 1867 1918 vel

1122 1946 1234 1972 statuta
1253 1937 1404 1982 regularia
1421 1936 1494 1970 dicti
1511 1934 1641 1970 Oidiuis
1658 1946 1718 1968 non
1743 1933 1868 1975 faciant

1121 1996 1274 2034 quantum
1299 1988 1328 2021 in
1352 1987 1398 2020 eis
1420 1985 1524 2023 l‘uerit
1546 1984 1728 2027 observari,
1752 1984 1791 2018 ab
1812 1995 1869 2018 eo-

1123 2049 1190 2071 rum
1214 2036 1326 2071 officiis
1348 2048 1401 2070 seu
1427 2034 1644 2082 praesidentiis
1659 2033 1866 2078 deponantui.

1170 2086 1190 2133 S
1217 2087 1273 2120 31.
1301 2085 1468 2120 Caeteium
1485 2084 1679 2120 ordinamus
1695 2083 1779 2129 quod
1798 2083 1869 2117 uul-

1123 2135 1172 2170 lus
1192 2135 1320 2170 fratrum
1351 2135 1460 2169 liabeat
1482 2146 1636 2168 cameram
1661 2134 1798 2167 clausam
1823 2133 1867 2166 vel

1122 2199 1137 2220 a
1165 2185 1348 2220 dormitorio
1371 2192 1616 2232 sequestratam,
1642 2182 1782 2227 exceptis
1810 2182 1870 2215 mi-

1123 2235 1230 2269 nistris
1257 2244 1287 2270 et
1315 2234 1486 2269 lectoribus
1508 2233 1687 2268 constitutis
1716 2232 1745 2266 iu
1769 2243 1871 2278 gene-

1123 2284 1241 2319 ralibus
1267 2285 1398 2324 studiis3
1425 2293 1454 2318 et
1476 2282 1560 2330 quod
1577 2282 1605 2316 in
1629 2282 1717 2317 cellis
1739 2281 1785 2315 vel
1802 2291 1870 2315 stii-

1123 2334 1182 2368 diis
1216 2334 1344 2369 fratrum
1369 2333 1501 2368 aliorum
1538 2345 1598 2366 uon
1629 2332 1762 2366 babeant
1785 2331 1869 2364 vela-

1124 2385 1208 2419 mina
1231 2384 1279 2418 vel
1298 2384 1472 2422 clausurae
1494 2382 1668 2436 quominus
1696 2381 1832 2414 [ι.”ιῑι·ε’5
1827 2392 1870 2414 ιι]-

1125 2443 1174 2469 ιιι5
1196 2434 1366 2468 existentes
1397 2441 1501 2479 patere
1538 2431 1658 2478 possint
1693 2429 1869 2475 aspectibus

1123 2482 1269 2518 aliorum.
1318 2482 1458 2528 Magistri
1496 2490 1599 2516 autem
1640 2492 1670 2514 in
1713 2480 1869 2532 theologia

1124 2533 1217 2567 etiam
1239 2544 1300 2568 non
1324 2532 1463 2578 legentes
1484 2539 1514 2565 et
1533 2530 1642 2565 fratres
1664 2529 1812 2564 emeritae
1824 2541 1871 2564 se-

1126 2583 1260 2617 nectutis
1287 2582 1405 2627 possint
1427 2582 1465 2615 de
1491 2580 1615 2615 lieentia
1643 2578 1800 2625 generalis
1825 2578 1868 2613 vel

1125 2631 1323 2680 provincialis
1359 2631 1493 2665 ministri
1537 2629 1650 2664 habere
1685 2639 1826 2663 cameras
1854 2640 1868 2662 a

1877 235 1925 270 ιη’.
1944 243 1972 270 c.
1993 244 2058 269 ¹556

1897 2095 1925 2116 Do
1965 2097 2067 2116 dormito-

1884 2128 1927 2151 ri'is.
1944 2127 2033 2147 cameris
2045 2130 2064 2145 ei

1884 2158 1993 2180 clausuris.
