2274 3265
250 266 296 291 An.
316 264 345 291 C.
366 262 432 289 {⁸2⁸9

263 818 377 842 Capitulum
397 822 435 842 5:0-

250 849 322 869 nernle
339 850 420 875 quaudo

251 943 296 960 best

262 1266 320 1290 Quae
353 1266 373 1284 in
409 1269 433 1283 ro

250 1295 358 1315 tractanda
375 1298 423 1314 sint.

499 247 544 281 96

451 311 648 350 videbantur,
677 322 738 344 non
777 318 898 357 poterat
934 310 1110 344 observatio
1132 310 1200 345 etti-

448 373 503 395 cax
533 359 710 406 provenire,
737 360 819 394 circa
844 358 905 400 illa,
935 368 1027 406 prout
1053 360 1200 406 expedire

447 410 668 455 eognovimuS,
690 408 839 443 duximus
880 408 1121 456 providendum.
1159 408 1198 443 Et

449 459 589 493 volentes
632 458 732 505 ipsius
777 458 1028 505 praedecessoris
1073 458 1198 504 vestigia

449 507 575 551 imitari,
617 507 801 542 auctoritate
842 508 1014 555 apostoliea
1050 507 1200 541 duximus

447 556 663 597 statuendum,
692 564 723 590 ut
750 564 862 591 statuta
887 557 951 603 ipsa
976 557 1058 590 iuxta
1090 556 1200 590 mode-

449 606 598 640 rationem
623 613 774 647 nostram,
799 614 889 653 prout
913 615 1036 640 notatur
1059 606 1200 644 inferius,

449 655 478 689 in
507 655 617 690 eodem
645 655 755 690 ordine
783 656 944 702 perpetuis
972 655 1086 690 futuris
1115 663 1200 690 tem-

450 703 580 751 poribus
602 704 820 740 observentur.

497 757 512 797 ἓ
541 756 572 788 5.
607 753 640 787 1η
669 753 778 800 primis
812 755 916 800 itaque
951 754 1139 794 statuimus,
1168 761 1203 788 ut

449 815 560 837 omnes
592 802 721 837 abbates
759 811 789 836 et
826 804 946 849 priores
982 802 1203 838 Cluniacensis

251 864 436 905 aquibumqup
449 851 581 892 ordinis,
601 851 781 886 immediate
802 852 994 886 monasterio
1016 851 1201 886 Cluniacen.

249 911 297 929 litet>
327 911 370 929 neti
397 910 434 929 de-

448 899 594 944 subiecti,
616 901 645 934 in
670 913 767 947 regno
790 900 938 935 Franciae
961 901 1124 936 constituti
1147 913 1204 935 au-

449 950 498 984 nis
525 950 671 995 singulis,
699 950 870 983 existentes
891 958 995 984 autem
1024 950 1053 984 in
1079 950 1203 997 Anglia,

448 998 611 1045 Hispania,
647 998 811 1033 Alemania
850 1006 879 1033 et
918 999 1125 1039 Lombardia,
1165 999 1204 1033 de

448 1047 577 1081 biennio
600 1047 630 1081 in
659 1046 821 1081 biennium
857 1048 1046 1082 conveniant
1081 1048 1119 1082 ad
1152 1060 1204 1082 ca-

449 1096 581 1143 pitulum
609 1096 774 1142 generale,
803 1096 856 1131 ubi
893 1097 960 1131 sine
995 1110 1203 1144 personarum

447 1146 644 1192 acceptione,
667 1145 843 1180 secundum
873 1146 991 1187 Deum,
1018 1154 1049 1181 et
1075 1147 1113 1181 B.
1140 1147 1205 1181 sse-

449 1193 565 1228 nedieti
605 1195 746 1241 regulam
787 1202 817 1229 et
858 1194 1044 1230 Cluniaeen.
1084 1195 1205 1230 ordinis

451 1243 602 1285 instituta,
625 1244 879 1290 delinquentium
903 1246 1078 1291 corrigatur
1100 1257 1205 1280 exces-

449 1305 515 1334 st1S,
537 1301 567 1327 et
598 1293 638 1328 de
673 1293 772 1328 salute
803 1295 992 1334 animarum,
1028 1303 1058 1329 et
1082 1306 1204 1329 conser-

450 1342 573 1377 vatione
594 1342 727 1384 ordinis,
749 1355 785 1377 ac
807 1342 974 1378 domorum
1000 1344 1205 1378 indemnitate

449 1399 598 1426 tractetur
620 1401 649 1426 et
676 1400 831 1427 statuatur
869 1393 952 1439 quod
982 1393 1077 1427 suerit
1104 1405 1205 1438 regu-

450 1440 555 1476 lariter
581 1441 796 1476 statuendum.
831 1441 896 1477 'Nec
923 1442 953 1476 in
987 1442 1047 1477 hoc
1086 1442 1205 1489 priores

449 1497 479 1523 et
514 1490 676 1525 camerarii
713 1491 850 1525 invicem
887 1491 946 1525 sibi
976 1500 1120 1538 parcant:
1149 1492 1203 1526 sed

450 1541 671 1587 unnsquisque
698 1551 779 1587 quae
801 1540 946 1574 viderit
940 1554 970 1574 in
998 1540 1112 1575 ordine
1135 1553 1206 1575 eor-

451 1588 595 1644 rigenda,
632 1589 662 1623 in
699 1589 854 1636 personis,
893 1589 938 1624 vel
976 1589 1088 1631 rebus,
1123 1603 1204 1637 quae

451 1651 506 1684 per
528 1638 705 1673 visitatores
728 1651 790 1673 non
813 1638 932 1673 fuerint
960 1647 1113 1680 correcta,
1145 1652 1205 1674 co-

450 1699 515 1722 ram
539 1687 762 1722 definitoribus
791 1688 884 1723 annis
914 1689 1050 1735 singulis
1082 1689 1112 1722 in
1148 1702 1207 1736 pu-

450 1736 533 1772 blico
561 1737 608 1771 vel
637 1737 779 1784 privatim
815 1738 844 1772 in
879 1738 1005 1772 caritate
1040 1746 1204 1785 proponat.

450 1785 490 1821 Et
528 1787 586 1821 boc
623 1787 704 1822 idem
730 1787 903 1822 visitatores
926 1800 1030 1822 coram
1059 1787 1206 1823 definito-

450 1835 538 1871 ribus
561 1836 663 1871 facere
686 1845 867 1881 teneantur,
895 1845 925 1871 et
960 1846 1120 1872 correctus
1148 1837 1206 1872 boe

452 1884 581 1920 moleste
600 1898 662 1920 non
686 1886 774 1925 ferat,
797 1886 852 1921 sed
873 1887 1100 1921 correctionem
1123 1887 1206 1921 acci-

452 1935 513 1981 piat
536 1935 701 1982 patienter.
730 1934 799 1970 Hoc
827 1944 931 1970 autem
960 1936 1131 1983 capitulum
1156 1936 1205 1978 (in

451 1995 514 2030 quo
537 1983 696 2025 volumus,
719 1992 752 2018 ut
788 1985 891 2019 nullae
924 1985 997 2019 siant
1026 1985 1208 2019 exactiones

451 2033 489 2067 ab
511 2032 630 2080 aliquo,
653 2033 737 2068 nulla
765 2034 879 2069 dentur
916 2047 1045 2069 munera
1070 2034 1115 2069 rel
1151 2046 1208 2069 re-

451 2082 619 2129 cipiantur,
655 2095 712 2117 seu
745 2084 837 2118 etiam
878 2083 1118 2130 promittantur,
1153 2083 1206 2117 sed

451 2132 555 2166 omnia
578 2132 608 2166 in
629 2133 809 2168 sinceritate
833 2133 1015 2180 procedant)
1038 2132 1132 2167 modo
1155 2133 1206 2179 qui

452 2182 598 2228 sequitur
619 2181 808 2227 celebretur,
842 2192 871 2217 et
900 2183 929 2216 in
957 2194 995 2217 eo
1026 2182 1208 2216 definitores

452 2230 490 2265 de
524 2230 692 2266 abbatibus
728 2241 757 2266 et
792 2231 950 2278 prioribus
986 2230 1208 2266 Cluniacensis

453 2280 572 2314 ordinis
594 2281 761 2327 eligantur.
787 2280 834 2315 Ad
858 2281 941 2328 quod
970 2281 1097 2328 quidem
1122 2281 1209 2327 capi-

454 2330 556 2364 tulum
576 2329 706 2366 abbates
728 2339 758 2366 et
791 2331 913 2378 priores
936 2330 1077 2378 praefati,
1114 2330 1208 2364 modo

456 2380 615 2426 praedicto
638 2392 694 2427 per
715 2381 925 2416 obedientiam
951 2380 1056 2415 venire
1076 2388 1209 2420 tenean—

456 2438 506 2463 tur
528 2433 632 2473 (eausa
660 2429 821 2465 dumtaxat
841 2430 1031 2464 infirmitatis
1053 2432 1208 2476 excepta),

456 2479 513 2513 nisi
536 2491 628 2514 casus
650 2480 831 2527 inopinatus
852 2488 883 2514 et
907 2480 1040 2514 multum
1070 2479 1209 2513 damno-

456 2541 510 2563 sus
550 2528 735 2574 incurreret,
774 2529 977 2565 definitorum
1016 2537 1046 2564 et
1081 2528 1208 2575 capituli

457 2577 577 2613 iudicio
610 2579 853 2626 relinquendus,
889 2589 919 2613 et
957 2590 1066 2613 eorum
1095 2577 1211 2625 quibus

458 2628 619 2674 proprium
645 2628 908 2675 impedimentum
938 2640 993 2662 seu
1018 2639 1124 2663 casum
1159 2639 1210 2661 ca-

1031 255 1129 278 ssl'lJA
1137 255 1218 277 titum
1247 254 1406 277 ROMANUM

1243 309 1340 356 pitulo
1374 317 1402 342 et
1438 307 1658 341 definitoribus
1685 306 1855 342 denunciet
1881 319 1995 355 supra-

1241 358 1346 393 dictis.
1370 357 1431 399 Qui
1462 369 1534 391 vero
1568 369 1628 391 non
1660 356 1789 397 venerit,
1825 364 1853 391 et
1881 369 1915 391 se
1942 369 1995 392 se-

1241 407 1381 442 cundum
1402 407 1529 441 modum
1554 405 1693 452 legitime
1717 418 1778 440 nou
1801 406 1994 441 excusaverit

1243 465 1468 497 memoratum·
1494 464 1561 502 post
1587 466 1725 502 sequens
1749 455 1935 502 capitulum,
1958 455 1995 489 ad

1241 506 1324 553 quod
1344 507 1449 540 venite
1469 505 1613 539 similitet
1633 512 1786 545 teneatur,
1810 504 1839 538 in
1860 504 1997 539 elaustro

1242 555 1444 590 Cluniacensi
1468 554 1603 588 duo-um
1628 554 1786 588 mensium
1815 554 1922 600 spacio
1947 566 1998 588 as-

1242 606 1332 639 sidue
1355 617 1473 639 moram
1497 604 1609 639 trabat.
1646 603 1771 638 Mediati
1808 612 1913 638 autem
1941 603 1999 638 ab—

1244 654 1331 689 bates
1353 662 1382 688 et
1407 654 1538 701 prioreS,
1565 654 1698 700 singulis
1725 654 1817 687 annis
1840 653 1938 688 semel
1959 653 1996 688 ad

1243 703 1415 751 capitulum
1436 703 1625 738 conveniant
1649 704 1678 737 in
1699 703 1926 750 principalibus
1943 703 1999 737 ab-

1244 753 1335 788 batiis
1357 761 1385 787 et
1401 753 1610 800 prioratibus,
1633 752 1748 800 quibus
1770 753 1918 794 subsunt,
1942 760 1999 788 sta-

1244 810 1311 837 tuto
1340 812 1492 849 tempor-,e
1529 810 1621 849 prout
1652 803 1754 837 visum
1782 802 1876 838 fuerit
1891 814 2000 857 expe-

1245 851 1324 886 dir.c
1353 850 1445 892 Quod
1481 852 1505 885 si
1530 864 1590 885 uon
1619 851 1762 896 fecerint,
1786 852 1815 886 in
1851 851 1916 887 suis
1938 852 2001 885 im-

1245 900 1381 935 mediate
1405 899 1577 935 maioribus
1603 900 1734 935 abbatiis
1770 901 1817 936 tel
1854 901 2001 948 priorati-

1246 949 1305 983 bus
1329 961 1427 996 poena
1452 949 1544 983 simili
1569 950 1752 996 puniantur.

1294 1003 1309 1042 g
1341 1002 1374 1032 4.
1413 998 1506 1033 Circa
1535 1011 1608 1034 vero
1643 998 1828 1033 electionem
1857 998 2001 1033 definito-

1247 1060 1314 1082 rum
1338 1047 1465 1094 capituli
1490 1047 1646 1094 generalis
1668 1047 1891 1082 Clunaeiensis
1913 1048 2000 1082 eele-

1245 1096 1368 1136 brandi,
1396 1096 1580 1132 ordinamus
1615 1105 1647 1131 ut
1675 1096 1779 1131 dilecti
1811 1097 1864 1130 filii
1902 1097 1998 1131 nostri

1245 1146 1423 1180 Matthaeus
1452 1146 1496 1180 tit.
1526 1146 1559 1181 S.
1589 1145 1751 1181 Laurentii
1789 1146 1818 1180 in
1850 1145 1999 1186 Damaso

1246 1204 1273 1229 et
1296 1195 1335 1229 H.
1355 1195 1401 1229 tit.
1423 1194 1456 1229 S.
1469 1194 1616 1239 Sabinae,
1631 1195 1802 1243 presbyteri
1816 1195 2002 1238 cardinales,

1246 1257 1281 1279 ae
1304 1244 1400 1279 abbas
1428 1244 1668 1286 Mauziaeensis,
1703 1253 1733 1279 et
1755 1245 1905 1290 magister
1939 1244 2003 1278 ΑΙ-

1247 1294 1354 1328 bertus
1390 1293 1473 1340 prior
1504 1293 1538 1329 S.
1568 1294 1664 1340 Lupi,
1692 1294 1730 1329 de
1762 1294 1861 1341 ipsius
1884 1293 2003 1328 ordifliS

1246 1342 1467 1377 Cluniacensis
1487 1343 1711 1378 reformatione
1729 1350 1900 1378 tractantes
1918 1342 2000 1389 apud

1245 1392 1361 1426 Sedem
1390 1392 1618 1439 Apostolieam,
1642 1392 1826 1439 quindecim
1850 1392 1888 1426 de
1911 1391 2003 1426 abba-

1248 1441 1331 1476 tibus
1359 1449 1388 1475 et
1427 1441 1584 1488 prioribus
1623 1440 1844 1477 Cluniacensis
1883 1440 2003 1479 ordinis

1246 1490 1418 1536 supradicti
1441 1490 1555 1536 eligant
1580 1491 1637 1525 bac
1666 1491 1732 1525 viee
1760 1492 1790 1525 in
1818 1489 2003 1525 definitores

1249 1540 1339 1587 primi
1367 1539 1495 1586 capituli
1527 1540 1780 1575 reformationem
1818 1539 2000 1574 buiusmodi

1246 1589 1483 1635 subsequentis.

1295 1644 1310 1682 ἕ
1334 1640 1366 1673 5.
1392 1638 1454 1679 Qui
1474 1638 1655 1685 quindecim
1676 1639 1721 1673 sic
1744 1638 1783 1673 ab
1805 1638 1882 1685 ipsis
1900 1638 2002 1679 electi,

1248 1689 1350 1723 iurent
1373 1688 1402 1721 in
1431 1688 1503 1734 ipso,
1528 1688 1629 1734 primo
1657 1688 1763 1722 futuro
1785 1687 1925 1735 capitulo
1947 1700 2003 1734 ge-

1248 1738 1343 1772 nerali
1366 1737 1403 1771 ad
1432 1745 1536 1771 saneta
1565 1737 1622 1771 Dei
1656 1737 1830 1785 evangelia,
1853 1749 2003 1784 corpora-

1249 1788 1316 1821 liter
1344 1795 1426 1821 taeto
1454 1786 1545 1827 libre,
1580 1787 1664 1833 quod
1701 1788 1730 1821 in
1767 1787 2003 1822 definitionibus

1247 1837 1423 1871 secundum
1446 1836 1548 1870 Deum
1568 1846 1598 1871 et
1621 1836 1657 1871 Β.
1676 1836 1840 1872 Benedicti
1861 1836 2002 1883 regulam

1247 1894 1275 1920 et
1305 1885 1506 1932 Apostolicae
1541 1885 1636 1920 Sedis
1663 1894 1789 1930 statuta,
1822 1886 1891 1921 siue
1917 1886 2001 1920 omni

1249 1947 1454 1982 personarum
1472 1936 1666 1981 acceptione,
1689 1935 1871 1982 procedent,
1891 1947 1927 1970 ac
1943 1935 2001 1982 ipsi

1249 1986 1278 2018 in
1305 1985 1462 2031 principio
1484 1985 1651 2030 sequentis
1673 1984 1814 2031 capituli,
1833 1992 2001 2031 antequam

1249 2041 1397 2068 tractatus
1431 2034 1560 2080 capituli
1593 2034 1818 2080 aggrediantur
1846 2034 2002 2073 eiusdem,

1249 2084 1352 2117 iurent
1384 2083 1473 2116 tactis
1507 2084 1716 2117 sacrosanctis
1749 2083 1934 2128 evangeliis,
1973 2091 2002 2117 et

1249 2132 1329 2167 bona
1355 2132 1426 2173 fide,
1454 2132 1522 2166 siue
1558 2133 1742 2179 acceptione
1785 2144 2002 2179 personarum,

1249 2182 1363 2228 eligere
1391 2181 1572 2228 quindecim
1608 2181 1791 2216 definitores
1817 2182 1856 2215 de
1886 2181 2003 2215 abbati-

1250 2231 1310 2265 bus
1345 2240 1374 2265 et
1411 2230 1578 2277 prioribus.
1615 2230 1647 2264 Si
1676 2231 1804 2265 abbates
1832 2230 2002 2272 defuerint,

1251 2280 1455 2314 nibilominus
1477 2280 1515 2314 de
1540 2281 1699 2326 prioribus
1722 2280 1849 2327 praefati
1873 2279 2003 2314 Clunia-

2010 252 2060 277 An.
2082 253 2109 277 C.
2126 252 2194 280 ¹289

2042 1014 2098 1034 bet'm

2015 1046 2104 1072 qttecind
2108 1046 2133 1064 im
2162 1050 2186 1063 ea

2014 1076 2073 1102 pituli
2093 1075 2199 1101 generalis

2015 1113 2052 1134 pro
2069 1107 2134 1134 prima
2153 1107 2185 1126 ric
2189 1112 2198 1125 e

2015 1137 2041 1157 eli
2037 1140 2126 1163 Ἡςαηιυι

2103 1015 2168 1033 iteres

2026 1648 2099 1669 Forma
2109 1648 2202 1673 eligendi

2018 1680 2141 1700 definitores
2181 1680 2200 1698 tn

2017 1710 2109 1737 rupitutn
2135 1714 2201 1735 gene-

2017 1743 2054 1763 tali

1249 2329 1353 2365 censis
1375 2328 1495 2363 ordinis
1518 2331 1599 2363 viros
1623 2330 1749 2376 probos,
1772 2342 1808 2364 ac
1829 2329 1932 2364 Deum
1957 2329 2021 2363 ti-'

1251 2387 1383 2422 mentes,
1406 2391 1441 2413 ac
1464 2380 1566 2413 zelum
1590 2380 1768 2414 eommunis
1791 2380 1931 2414 utilitatis
1954 2380 2002 2413 ba-

1251 2428 1372 2468 bentes,
1390 2436 1418 2463 et
1444 2430 1590 2475 praestito
1613 2429 1651 2464 ab
1674 2430 1719 2464 eis
1748 2428 1930 2464 huiusmodi
1955 2429 2003 2463 iu-

1253 2486 1404 2522 ramento,
1428 2479 1510 2513 viros
1535 2479 1611 2514 tales
1641 2479 1843 2525 postmodum
1873 2478 2000 2524 eligant.

1251 2528 1405 2562 Volumus
1426 2537 1545 2569 autem,
1568 2529 1651 2576 quod
1688 2529 1743 2569 illi,
1771 2529 1822 2575 qui
1850 2528 2002 2563 definito-

1252 2590 1300 2612 res
1335 2578 1363 2611 in
1398 2590 1461 2612 uno
1488 2578 1626 2625 capitulo
1652 2578 1780 2623 suerint,
1807 2579 1836 2612 in
1864 2577 2003 2626 capitulo

1253 2627 1431 2661 immediate
1462 2628 1604 2674 sequenti
1633 2627 1812 2662 definitores
1845 2639 1913 2662 esse
1941 2639 2001 2661 non
