2274 3265
100 242 151 275 An.
169 249 197 275 C.
218 249 279 275 1351

113 1227 228 1251 Gregorius

101 1259 220 1279 cardinales
265 1260 285 1278 in

101 1289 198 1309 eouclaw

102 1322 180 1340 tantum
198 1320 285 1342 concla-

102 1352 154 1371 vista
171 1352 200 1372 uti
212 1351 284 1371 voluit:

110 2093 173 2120 Eique
184 2092 237 2114 iutra
246 2098 291 2114 cer-

106 2130 147 2146 tum
159 2129 240 2152 tempus
252 2132 291 2152 pa-

106 2163 160 2181 nem,
183 2158 253 2177 vinum
269 2160 290 2176 et

105 2194 178 2214 aquam
208 2188 292 2208 dumta-

106 2221 140 2238 xat
166 2219 290 2239 ministrari.

120 2305 174 2327 Duos
191 2307 290 2327 servien-

106 2341 137 2357 tes
157 2338 188 2357 eis
209 2344 290 2358 conce—

105 2369 134 2389 dit
149 2368 254 2390 Clemens.

926 250 1070 272 ‹imm-:Ns
1094 250 1124 271 ll
1150 250 1196 270 ΙΨ.

643 312 709 348 XV.

301 400 345 432 De
371 401 455 439 cibis,
477 408 608 444 potuque
631 401 842 434 ministrandis
875 402 910 433 S.
949 401 982 433 R.
1012 400 1048 432 Ιί.

347 455 560 487 cardinalibus
574 455 604 487 in
628 455 778 492 conclaui,
803 462 829 488 et
855 466 979 488 ›tutitero
1002 455 1051 487 τή-

346 508 539 541 servientium
565 509 685 542 eisdem.

567 591 781 622 sunitarum!

300 664 458 704 Gregorius
482 664 502 692 X
521 663 688 693 cardinales
713 664 741 693 in
760 664 891 693 conclavi
916 674 972 693 nno
991 668 1053 693 tan-

340 718 400 743 tum
431 711 609 741 conclavista
637 712 677 741 uti
701 712 809 748 voluit3
840 728 878 734 —
915 712 936 741 l.
960 712 1052 751 Eique

340 761 415 792 infra
448 765 560 790 certum
590 764 705 798 tenipus
740 770 862 799 panem,
895 761 992 790 vinum
1027 768 1055 793 et

339 820 444 850 aquam
476 810 626 839 dumtaxat
659 810 829 839 ministrari.
861 826 900 832 —
926 810 952 839 ΕΣ.
976 811 1053 841 nuos

339 860 501 889 servientes
524 858 568 887 eis
591 858 726 887 concedit
747 857 893 888 Clemens.
910 876 950 881 —
967 861 993 889 3.
1010 860 1054 889 Ci-

338 908 442 937 borum
468 906 634 944 pluritatem
652 906 794 943 indulget.
812 922 852 927 ——
868 906 896 936 4.
919 906 1054 937 Cortinas

339 965 390 994 pro
410 955 495 984 lectis
515 954 573 984 dat.
603 971 642 975 —
659 955 686 983 ὂ.
706 954 900 983 Obstantibus·
923 955 1054 993 derogat.

360 1034 482 1062 Clemens
501 1033 643 1069 episcopus
663 1041 758 1062 servus
778 1040 920 1062 servorum
936 1034 992 1067 Dei.

435 1089 468 1116 ad
500 1089 664 1124 perpetuam
685 1087 726 1116 rei
753 1088 921 1116 memoriam.

351 1164 439 1198 Licet
462 1164 491 1198 in
521 1164 746 1198 constitutione
774 1175 790 1197 a
818 1164 920 1198 felicis
945 1176 1058 1199 recor-

270 1244 274 1246 .
300 1218 436 1252 dationis
467 1216 622 1263 Gregorio
654 1217 737 1262 Papa
765 1217 902 1261 decimo,
927 1219 1059 1264 praede—

301 1282 426 1305 cessore
454 1278 584 1309 nostro,
621 1283 717 1317 super
743 1271 896 1305 electione
926 1272 1057 1306 Romani

302 1323 465 1358 l‘outificis
491 1323 574 1358 edita
604 1324 632 1357 in
669 1324 804 1358 concilio
840 1325 1058 1371 lmgdunensi,

301 1377 381 1412 inter
408 1386 528 1412 caetera
558 1386 704 1412 caveatur
741 1391 903 1425 expresse7
926 1380 1010 1426 quod
1034 1380 1058 1414 si

299 1430 435 1465 eundem
453 1430 641 1466 Pontificem
661 1432 690 1465 in
707 1432 843 1472 civitate,
859 1433 889 1466 in
913 1446 973 1480 qua
987 1446 1058 1469 cum

299 1496 353 1519 sua
377 1483 470 1519 Curia
497 1485 663 1530 residebit⁷
689 1485 772 1520 diem
802 1486 949 1522 claudere
983 1502 1059 1523 con-

301 1538 399 1584 tingat
427 1547 620 1583 extremum,
653 1539 829 1575 cardinales
864 1541 893 1575 in
934 1542 1060 1589 palatio,

301 1593 417 1640 inquo
457 1593 539 1628 idem
568 1593 713 1629 Pontifex
744 1595 914 1640 habitabat,
950 1609 1061 1631 omnes

300 1647 500 1687 conveniant⁷
524 1655 554 1681 et
579 1647 608 1681 in
628 1660 666 1682 eo
688 1648 818 1694 singuli,
842 1650 976 1696 singulis
992 1658 1061 1684 tan-

302 1701 482 1741 tummodo,
512 1702 569 1736 nisi
609 1703 676 1746 illi,
709 1703 829 1749 quibus
868 1717 904 1739 ex
946 1706 1060 1751 patenti

302 1756 488 1790 necessitate
510 1756 577 1791 duo
600 1758 827 1804 permittuntur
850 1758 974 1799 haberi,
990 1772 1062 1793 con-

301 1814 377 1845 tenti
397 1812 622 1851 servientibus,
635 1812 758 1847 clericis
777 1813 821 1848 rel
847 1813 945 1857 laicis,
969 1823 1061 1861 prout

301 1866 465 1911 elegerint,
485 1880 581 1901 unum
596 1867 756 1906 conclave,
774 1868 859 1902 nullo
875 1869 1062 1903 intermedio

303 1922 421 1968 pariete
454 1922 500 1955 vel
535 1922 594 1956 alio
632 1922 796 1965 velamine⁷
827 1922 1001 1957 inhabitent
1031 1924 1060 1957 in

303 1976 477 2010 communi.

352 2030 372 2076 S
399 2032 426 2064 1.
455 2030 494 2064 Et
517 2029 601 2077 quod
630 2029 742 2065 diebus
764 2030 868 2071 certis,
898 2044 959 2066 non
984 2031 1061 2067 facta

305 2084 486 2132 provisione
520 2086 559 2120 de
595 2093 735 2132 pastore,
763 2085 921 2129 decursis7
961 2087 1061 2132 panis,

306 2138 411 2173 vinum
427 2147 455 2173 et
471 2151 548 2185 aqua
564 2148 686 2174 tantum
702 2139 821 2174 eisdem
837 2139 1061 2182 cardinalibus,

305 2192 406 2227 donec
427 2192 640 2239 subsequetur
663 2194 810 2239 provisio,
836 2193 1040 2229 ministretur.

354 2247 374 2293 S
400 2251 433 2280 2.
458 2247 538 2289 Quia
563 2256 678 2287 tamen,
694 2248 774 2282 sicut
797 2248 954 2295 frequenti
980 2250 1062 2283 mul-

306 2308 408 2335 torum
445 2301 618 2336 assertione
653 2311 681 2336 et
710 2302 739 2335 in
765 2302 957 2337 cardinalatu
982 2315 1062 2337 con-

305 2355 485 2389 stitutorum
511 2357 724 2402 percepimus,
759 2356 904 2391 nonnulli
928 2369 965 2391 ex
991 2369 1064 2391 car-

304 2409 464 2444 dinalibus
500 2411 529 2443 in
566 2409 787 2444 observatione
824 2411 1063 2446 constitutionis

305 2465 404 2512 ipsius
443 2465 559 2511 gravati
588 2464 664 2498 alias
704 2465 836 2499 nimium
871 2465 1061 2505 extiterunt;

305 2518 393 2553 multi
421 2531 547 2566 quoque
571 2532 607 2553 ex
633 2519 708 2566 ipsis
731 2519 810 2554 duos
831 2520 859 2553 in
878 2518 962 2554 dicto
985 2531 1062 2554 cou-

303 2573 381 2608 clari
418 2572 583 2608 habuerint
627 2573 816 2617 servientes,
840 2586 900 2608 non
943 2573 1064 2621 absque

303 2626 453 2675 scrupulo
476 2627 700 2669 conscientiae,
740 2637 868 2675 propter
904 2627 1064 2675 ambigui-

1725 239 1788 271 301

1092 313 1184 338 tatem
1208 304 1364 338 dictorum
1390 303 1568 340 verborum,
1593 304 1752 348 videlicet,
1779 304 1847 351 qui-

1093 358 1151 392 bus
1177 371 1213 393 cx
1244 358 1359 404 patenti
1395 358 1579 392 necessitate
1612 357 1675 392 duo
1710 359 1847 405 permit-

1093 421 1201 447 tuntut·
1229 411 1348 451 haberi,
1377 412 1405 445 in
1435 411 1516 445 dicta
1552 412 1790 452 constitutione,
1817 422 1847 447 ut

1094 467 1313 515 praemittitur,
1336 473 1576 503 contento-nnn
1605 478 1663 500 nos
1686 466 1848 512 providere

1093 533 1188 569 snper
1211 521 1260 555 his
1281 520 1459 567 cupientes,
1482 531 1518 553 ex
1544 519 1593 554 his
1614 527 1643 554 et
1665 520 1759 554 certis
1781 521 1850 555 aliis

1093 576 1198 612 causis
1220 573 1470 618 rationabilibus,
1497 585 1578 620 quae
1595 582 1737 608 nostrum
1760 574 1797 608 ad
1819 575 1848 608 id

1094 631 1233 666 animum
1246 629 1453 671 induxerunt,
1466 627 1599 674 rigorem
1616 627 1850 662 constitutionis

1095 685 1206 732 ipsius,
1229 692 1260 718 ct
1292 683 1386 716 etiam
1420 681 1456 716 ad
1501 682 1630 716 fratrum
1673 689 1849 717 nostrornm

1095 738 1375 786 supplicationem,
1408 736 1438 770 in
1469 736 1518 771 his
1541 734 1738 782 providimus
1764 743 1853 770 tem—

1097 790 1476 840 pcranduni‚attctoi·itate
1485 789 1655 837 apostolica
1665 796 1852 833 statuentes,

1096 846 1179 894 quod
1195 845 1369 880 cardinales
1394 852 1561 892 postquam
1578 842 1726 878 conclave
1741 842 1854 878 huius-

1097 900 1181 935 modi
1222 913 1276 935 seu
1301 899 1479 934 clausuram
1513 911 1568 946 pro
1591 898 1674 932 dicta
1697 897 1853 933 electione

1097 954 1284 989 celebranda
1314 953 1511 991 intraverint,
1538 951 1653 998 singuli
1682 951 1763 986 duos
1790 964 1854 986 ser-

1099 1008 1218 1042 vientes
1241 1016 1375 1047 tantum,
1398 1006 1531 1041 clericos
1565 1006 1611 1039 vel
1641 1004 1736 1040 laicos
1760 1013 1854 1052 prout

1098 1061 1248 1096 duxerint
1268 1060 1444 1107 eligendos,

1148 1115 1215 1161 55.
1236 1114 1282 1149 Ac
1304 1116 1400 1149 etiam
1421 1114 1558 1161 singulis
1581 1121 1704 1160 praeter
1727 1125 1853 1160 panem,

1101 1168 1206 1203 vinum
1230 1176 1261 1203 et
1282 1180 1395 1215 aquam
1425 1168 1454 1202 in
1481 1167 1614 1215 prandio
1636 1175 1665 1201 et
1690 1167 1721 1201 in
1744 1179 1854 1208 coena,

1102 1235 1197 1256 unum
1234 1222 1398 1256 dumtaxat
1434 1222 1605 1265 ferculum,
1633 1233 1688 1255 seu
1722 1222 1853 1256 missum

1100 1278 1241 1312 carnium
1267 1277 1359 1311 unius
1389 1276 1506 1324 speciei
1540 1275 1775 1316 tantummodo,
1803 1285 1856 1311 aut

1101 1330 1236 1378 piscium
1272 1342 1326 1365 seu
1363 1342 1493 1364 ovorum
1521 1342 1593 1364 cum
1626 1341 1689 1364 uno
1732 1330 1857 1376 potegio

1101 1385 1140 1419 de
1162 1384 1311 1419 carnibus
1333 1385 1380 1419 vel
1404 1383 1544 1430 piscibus
1561 1382 1775 1430 principaliter
1795 1395 1856 1416 non

1102 1438 1255 1473 consectis
1270 1446 1299 1473 et
1321 1437 1511 1474 decentibus
1529 1436 1729 1472 salsamentis
1742 1435 1859 1471 habere

1104 1493 1235 1533 valeant,
1254 1493 1334 1527 ultra
1353 1504 1463 1527 carnes
1477 1491 1585 1527 salitas
1607 1499 1637 1525 et
1659 1489 1773 1525 herbas
1792 1502 1860 1525 cru-

1102 1548 1168 1588 das,
1190 1559 1226 1582 ac
1252 1559 1404 1591 caseum,
1432 1546 1555 1581 fructus
1586 1546 1650 1580 sive
1677 1544 1858 1579 electuaria.

1102 1602 1149 1636 Ex
1171 1601 1288 1649 quibus
1311 1609 1415 1635 tamen
1444 1600 1567 1635 nullum
1597 1600 1776 1647 specialiter
1799 1598 1861 1633 fer-

1103 1655 1209 1689 culum
1232 1655 1430 1699 conficiatur,
1467 1654 1529 1689 nisi
1555 1654 1593 1689 ad
1620 1653 1860 1689 condimentum

1104 1711 1204 1754 fieret,
1233 1711 1278 1745 vel
1307 1722 1466 1757 saporem.
1502 1710 1616 1745 Nullus
1643 1721 1719 1744 vero
1749 1720 1861 1743 eornm

1103 1767 1141 1801 de
1169 1767 1299 1802 alterius
1325 1767 1445 1801 ferculo
1468 1765 1551 1800 vesci
1575 1765 1684 1812 possit.

1152 1825 1171 1871 g
1200 1827 1231 1858 st.
1255 1824 1363 1858 Liceat
1385 1822 1477 1858 etiam
1502 1821 1550 1856 eis
1568 1833 1605 1855 ex
1629 1819 1773 1854 decentia
1802 1818 1860 1853 ho-

1104 1878 1234 1914 nestatis
1267 1878 1383 1912 habere
1421 1877 1451 1911 in
1488 1876 1631 1911 clausura
1665 1872 1861 1918 huiusmodi,

1103 1947 1174 1969 cum
1206 1934 1236 1968 in
1265 1933 1355 1968 lectis
1377 1930 1562 1979 quiescendi
1590 1941 1683 1964 causa
1711 1927 1762 1962 vel
1788 1928 1862 1962 dor-

1104 1987 1222 2023 miendi
1250 1999 1319 2022 esse
1342 1986 1510 2025 voluerint,
1533 1983 1694 2019 dumtaxat
1717 1983 1861 2018 interme-

1103 2042 1151 2077 dia
1173 2055 1230 2077 seu
1254 2041 1407 2076 velamina
1425 2039 1616 2086 simplicium
1639 2035 1862 2072 tantummodo

1104 2097 1309 2132 cortinarum.

1153 2151 1172 2195 ,Ε
1195 2152 1227 2184 5.
1252 2149 1425 2184 praedictis
1448 2156 1478 2182 et
1501 2147 1551 2182 fel.
1568 2159 1662 2182 mem.
1685 2145 1862 2181 Clementis

1104 2196 1208 2251 Papae
1226 2204 1264 2244 V,
1276 2203 1528 2250 praedecessoris
1539 2202 1649 2242 nostri,
1664 2209 1695 2235 et
1709 2201 1778 2235 aliis
1791 2212 1862 2235 con-

1103 2258 1325 2294 stitutionibus
1347 2257 1528 2304 apostolicis
1550 2255 1728 2295 contrariis,
1744 2255 1862 2302 quibus

1105 2326 1160 2360 per
1184 2313 1243 2347 hoc
1274 2313 1303 2345 in
1333 2312 1402 2346 aliis
1425 2312 1576 2358 derogare
1610 2310 1770 2350 nolumus,
1799 2322 1861 2344 nou

1104 2371 1304 2405 obstantibus
1319 2370 1585 2418 quibuscumque.
1605 2368 1691 2403 Nulli
1707 2380 1793 2414 ergo,
1808 2375 1861 2401 etc.

1155 2430 1224 2465 Dat.
1255 2429 1418 2464 Avenione
1446 2431 1466 2463 8
1487 2428 1558 2463 idus
1584 2427 1748 2467 decemb,
1772 2433 1860 2473 pont.

1107 2490 1201 2525 nostri
1225 2502 1308 2524 anno
1331 2502 1364 2523 x.

1246 2560 1307 2590 Dat.
1324 2560 1371 2590 die
1387 2561 1404 2589 ὅ
1420 2558 1588 2589 decembris
1606 2558 1680 2588 1351
1697 2580 1704 2593 ,

1377 2613 1455 2647 pont.
1472 2616 1549 2638 anno
1565 2616 1591 2637 x.

1863 250 1911 276 An.
1930 253 1957 274 Ἀ,
1980 250 2041 275 t5ht

1881 1131 1978 1150 Cri-orum
2006 1129 2053 1155 plu-

1869 1164 1952 1183 ritatem
1983 1161 2055 1182 indul-

1888 1831 1985 1852 cortinas
2031 1840 2034 1849 v
2051 1838 2061 1849 n

1876 1863 1938 1883 lectis
1954 1863 1995 1882 dat.

1903 2157 2042 2178 obstantibus

1922 2190 2017 2214 derogat.
