2274 3265
220 279 265 306 An.
285 277 313 304 C.
334 278 399 305 ¹275

223 1083 274 1104 tnitz
294 1088 362 1109 itaque
373 1083 403 1103 iu-

222 1118 253 1134 ter
263 1120 279 1134 e*
290 1121 298 1134 s
314 1119 403 1134 concor-

223 1148 262 1168 dia,
286 1146 344 1165 cuius

222 1180 310 1203 quantur
351 1178 403 1195 arti-

244 1821 316 1843 Huleta
351 1822 405 1843 ittam

226 1852 333 1874 violatoris
343 1855 407 1880 impo-

466 265 512 297 ΞΟ

417 328 638 366 rationabiliter
659 326 841 364 convenire:
860 326 988 360 deinum
1009 334 1069 360 tam
1094 338 1160 373 par-

416 389 477 415 tem
510 378 694 414 Guelforum
729 377 760 411 in
799 375 934 422 generali
963 375 1092 410 consilio
1120 375 1158 410 ad

416 430 474 464 hoc
507 427 682 475 specialiter
716 434 904 472 congregato
939 425 1053 473 requiri
1077 425 1159 460 seci-

415 492 496 523 mus,
528 486 558 512 et
593 489 649 512 nos
676 476 735 523 ipsi
771 475 1011 522 vigintiquatuor
1044 487 1081 509 ex
1115 475 1159 510 eis

416 536 542 576 propter
559 527 620 562 lioc
637 527 675 561 de
693 525 849 560 voluntate
865 525 960 560 totius
976 524 1110 566 consilii,
1129 532 1159 559 et

414 578 538 613 taudem
563 577 729 612 consilium
753 576 854 622 ipsum
885 575 914 608 iu
944 582 1045 608 nostra
1070 586 1159 619 prae-

414 628 513 663 sentia
543 626 740 668 constitutos,
763 637 855 671 quam
883 624 974 658 etiam
1002 623 1158 670 syndicos,

415 684 632 724 procuratores
648 683 677 710 et
693 675 824 709 nuncios
839 674 986 708 comitum
1004 672 1160 707 Gnidonis

415 726 546 767 Novelli,
563 725 711 773 Symonis
727 724 828 758 fratris
843 723 910 757 eius
925 722 1157 768 capitaneorum

415 775 535 811 consilii
571 774 666 822 partis
703 773 895 812 Gibellinae,
936 783 993 806 uec
1033 783 1094 805 uon
1130 780 1161 806 et

415 826 510 860 totius
534 824 629 871 partis
653 823 751 870 ipsius
779 821 958 855 mandatum
982 832 1077 865 super
1104 819 1161 854 lioc

415 874 454 909 ab
485 874 560 921 ipsis
592 873 717 919 plenum
743 871 902 910 babentes,
938 869 1160 915 requisivimus

416 932 446 958 et
473 922 655 957 monuimus
690 921 866 967 diligenter,
900 927 935 952 ut
971 919 1000 952 in
1029 917 1159 952 formam

417 972 518 1020 pacis,
549 971 639 1006 cuius
666 969 838 1005 substantia
867 966 1101 1013 exprimebatur
1130 967 1158 999 in

417 1021 509 1057 dictis
542 1019 696 1063 articulis,
736 1016 973 1053 concordarent.
1010 1015 1049 1049 Et
1088 1015 1160 1049 licet

417 1071 506 1117 longa
535 1069 626 1104 fuerit
647 1080 742 1115 super
770 1067 828 1101 hoc
855 1065 1053 1105 concertatio,
1077 1076 1160 1099 nunc

417 1120 509 1154 altera
545 1118 688 1166 partium,
716 1128 800 1150 nunc
836 1115 953 1161 reliqua
990 1114 1160 1149 reluctante

418 1170 497 1203 circa
524 1180 570 1211 ea,
597 1179 676 1214 quae
704 1166 776 1200 dicti
801 1165 920 1199 articuli
948 1163 1160 1202 continebant,

419 1218 550 1253 finaliter
569 1225 669 1251 tamen
694 1223 754 1250 tam
778 1221 946 1249 memorata
972 1225 1042 1260 pars
1063 1212 1162 1247 Guel-

419 1267 521 1302 l'orum
543 1278 638 1313 super
664 1265 724 1300 boc
746 1264 856 1300 eodem
881 1262 1011 1298 consilio
1030 1274 1161 1309 congre-

419 1325 502 1364 gato,
538 1327 592 1362 per
620 1322 813 1362 potestatem,
842 1313 906 1348 sive
941 1312 1089 1346 vicarium
1113 1324 1162 1346 re-

418 1367 519 1413 gium,
541 1372 571 1399 et
592 1364 713 1411 aliquos
740 1363 777 1398 de
804 1363 871 1410 ipso
899 1361 1041 1400 consilio,
1068 1373 1161 1408 quam

419 1416 511 1450 etiam
546 1413 672 1461 praefati
707 1412 836 1447 comites
869 1420 898 1446 et
927 1412 976 1445 alii
1015 1410 1161 1445 Gibellini

420 1477 475 1513 per
496 1475 570 1498 suos
599 1463 848 1505 ambassiatores,
872 1460 1017 1509 syndicos
1038 1469 1068 1494 et
1091 1472 1164 1507 pro-

420 1522 578 1549 curatores
612 1524 666 1547 seu
694 1511 827 1547 nuncios
860 1509 1066 1557 supradictos,
1096 1522 1163 1544 res-

421 1562 598 1610 ponderunt
616 1573 775 1608 expresse,
791 1572 823 1595 se
846 1560 876 1594 in
898 1561 1011 1594 dictam
1032 1559 1162 1593 formam

421 1613 521 1659 pacis,
556 1623 635 1658 qnae
671 1624 724 1657 per
762 1609 888 1645 eosdem
929 1608 1164 1656 exprimebatur

420 1661 586 1701 articulos,
623 1661 705 1695 iuxta
737 1666 839 1694 nostra
876 1667 904 1694 et
942 1658 1042 1705 ipsius
1083 1659 1164 1705 regis

421 1711 536 1746 monita
560 1719 590 1745 et
612 1709 805 1756 beneplacita
828 1708 1015 1743 consentire.

469 1761 489 1808 ἓ
515 1763 547 1794 2.
575 1758 639 1793 Nos
665 1759 785 1806 itaque,
808 1758 912 1792 habito
939 1757 1010 1791 dicti
1041 1756 1121 1803 regis
1135 1765 1164 1791 et

422 1808 601 1844 earumdem
633 1809 779 1855 partium,
815 1816 845 1841 ut
880 1807 1077 1853 praedicitur,
1110 1819 1164 1840 ex-

423 1870 530 1906 presso
552 1869 726 1901 consensu,
756 1857 895 1891 volentes
916 1864 945 1891 et
982 1856 1164 1890 mandantes

422 1920 529 1954 pacem
556 1907 697 1942 eamdem
733 1907 769 1941 ab
798 1906 906 1941 iisdem
936 1905 1077 1953 pai-tibus
1115 1905 1166 1939 iu-

422 1957 604 1993 violabiliter
631 1957 797 1997 observari,
825 1957 884 1990 sub
915 1969 1012 2003 poena
1040 1956 1165 2001 viginti-

422 2010 551 2045 millium
569 2010 764 2045 marcharum
792 2010 1013 2055 sterlingorum
1035 2019 1089 2054 pro
1106 2019 1166 2041 uie-

422 2063 535 2098 dietate
569 2062 675 2103 nobis,
703 2074 759 2109 pro
790 2062 905 2108 reliqua
943 2074 1012 2096 vero
1047 2061 1166 2095 medie·

422 2122 484 2149 tate
511 2112 595 2147 dicto
618 2112 679 2159 regi
701 2112 861 2150 solvenda,
888 2124 955 2145 eam
980 2120 1007 2146 et
1036 2113 1164 2146 sormam

422 2164 533 2210 ipsius,
567 2162 708 2196 adstante
742 2161 798 2196 hac
824 2173 988 2196 numerosa
1028 2161 1164 2196 fidelium

423 2212 633 2255 multitudine,
653 2211 859 2258 publicamus.
877 2211 1035 2258 Inprimis
1052 2211 1166 2258 itaque,

423 2263 492 2310 quia
526 2262 651 2309 praefati
680 2261 809 2295 comites
836 2260 952 2299 Guido,
986 2261 1102 2308 Sui-mon
1139 2270 1167 2296 et

423 2313 532 2347 caeteri
572 2310 720 2346 Gibellini
744 2310 916 2344 Romanam
943 2310 1113 2345 Ecclesiam
1138 2320 1167 2345 et

425 2371 628 2397 memoratum
653 2373 757 2408 regem
786 2360 999 2407 multipliciter
1029 2360 1167 2395 offende-

426 2420 496 2446 runt
534 2420 639 2446 contra
681 2410 884 2448 monitiones,
927 2410 1167 2457 prohibitiones,

426 2461 685 2496 comminationes
706 2469 734 2495 et
767 2460 909 2495 mandata
936 2460 1078 2494 eiusdem
1109 2460 1168 2494 1⁴10-

427 2510 555 2549 clesiae,
594 2512 729 2557 ipsorum
766 2509 1019 2557 persecutoribus
1053 2509 1169 2544 adbae-

429 2559 537 2603 rendo,
559 2567 587 2594 et
610 2573 680 2594 cum
701 2560 760 2595 illis
784 2568 843 2594 tam
866 2560 964 2607 ipsam
984 2559 1168 2599 Ecclesiam,

428 2621 519 2656 quam
543 2618 748 2645 memoratum
777 2622 880 2656 regem
903 2609 1038 2657 graviter
1061 2621 1170 2657 perse-

430 2658 565 2706 quendo.
605 2671 659 2693 uos
693 2659 731 2692 ab
762 2672 868 2693 corum
905 2659 1169 2706 procuratoribuS,

996 269 1182 294 numanum
1209 268 1370 293 ROMANUM

1199 324 1346 372 syndiciS,
1370 335 1425 358 seu
1454 321 1578 356 nunciis
1599 319 1795 360 memoratis,
1821 320 1859 354 ad
1889 320 1947 355 boc

1201 373 1393 416 mandatum,
1421 382 1455 407 ut
1493 369 1718 419 praemittitur,
1757 369 1946 404 habentibus

1200 425 1374 458 iuramento
1402 429 1526 468 recepto
1553 420 1591 456 de
1618 419 1729 455 stando
1751 419 1891 466 praecise
1916 428 1947 453 et

1199 473 1339 508 absolute
1364 471 1516 507 mandatis
1539 470 1665 510 nostris,
1695 476 1725 504 et
1759 468 1856 515 ipsius
1879 468 1946 503 Ec-

1200 522 1324 567 clesiae,
1346 534 1442 569 super
1458 520 1604 556 omnibus
1626 518 1754 554 offensis
1776 517 1875 562 factis,
1898 519 1947 552 in-

1201 573 1289 607 iuriis
1312 580 1341 606 et
1368 571 1490 606 damnis
1514 570 1607 605 illatis
1634 568 1795 604 Ecclesiae
1818 567 1891 615 ipsi,
1919 577 1948 602 ct

1200 621 1453 669 quibuscumque
1487 619 1556 655 aliis
1583 618 1734 654 Ecclesiis
1771 617 1815 651 vel
1851 616 1948 652 eccle.-

1200 672 1332 706 siasticis
1358 669 1499 717 personis
1527 677 1580 704 aut
1602 668 1689 712 locis,
1716 675 1746 702 et
1767 678 1862 714 super
1882 666 1952 714 quii

1202 720 1337 755 buslibet
1365 719 1434 754 aliis
1460 719 1583 759 causis,
1611 730 1666 765 pro
1702 716 1817 764 quibus
1853 716 1946 751 iidem

1201 770 1331 804 comites
1357 777 1386 804 et
1408 767 1573 811 Gibellini,
1598 779 1651 813 per
1673 766 1786 801 Sedem
1812 766 1948 812 Aposto—

1202 819 1292 854 licam
1311 817 1571 853 excommunicati
1596 816 1734 859 suerunt,
1751 823 1781 850 et
1803 827 1859 862 pro
1880 817 1949 862 qui-

1201 868 1259 902 bus
1288 879 1342 913 per
1363 865 1479 902 Sedent
1508 865 1662 905 eamdem,
1685 877 1742 900 seu
1766 865 1949 899 auctoritate
1984 874 1986 876 ·

1202 918 1300 963 ipsius
1329 927 1496 963 processus
1518 914 1612 962 aliqui
1641 923 1715 949 sunt
1743 914 1840 949 babiti
1870 926 1948 949 con-

1201 973 1246 1000 tra
1268 978 1336 1009 eos,
1370 966 1436 999 sire
1471 965 1635 1000 occasione
1662 963 1796 1008 consilii,
1829 963 1949 1003 auxilii,

1203 1015 1247 1049 vel
1280 1015 1407 1054 favoris,
1435 1026 1515 1060 quae
1549 1026 1603 1060 per
1629 1025 1674 1053 se,
1709 1013 1755 1047 vel
1792 1025 1848 1060 per
1874 1013 1951 1048 alios

1201 1065 1359 1111 quondam
1388 1063 1534 1099 Conrado
1557 1071 1588 1097 et
1609 1061 1771 1097 blanfredo
1795 1062 1886 1103 natis,
1922 1072 1951 1096 et

1201 1114 1375 1149 Corradino
1412 1113 1516 1160 nepoti
1540 1112 1612 1146 olim
1650 1110 1800 1146 Friderici
1829 1110 1950 1146 dudum

1202 1163 1335 1198 Romani
1370 1162 1584 1210 imperatoris,
1619 1159 1857 1208 quomodolibet
1892 1161 1952 1194 im-

1204 1213 1395 1259 penderum3
1419 1214 1484 1247 sire
1509 1224 1563 1258 pro
1582 1223 1620 1245 eo
1642 1210 1726 1258 quod
1760 1209 1863 1245 eidem
1887 1210 1952 1255 regi

1203 1262 1328 1296 Siciliae
1368 1262 1470 1309 primo
1507 1260 1641 1308 paciario
1684 1268 1713 1294 et
1752 1259 1952 1307 postmodum

1204 1309 1316 1346 vicario
1343 1311 1500 1346 destinato
1531 1311 1560 1344 in
1588 1309 1735 1344 Tusciam
1758 1320 1814 1356 per
1837 1307 1952 1343 Sedem

1204 1361 1358 1404 eamdem,
1382 1373 1444 1395 non
1461 1359 1562 1395 solum
1583 1358 1711 1394 obedire
1726 1357 1955 1393 contumaciter

1205 1418 1400 1453 recusarunt,
1440 1422 1546 1444 verum
1588 1408 1679 1444 etiam
1709 1407 1752 1441 illi
1793 1419 1826 1442 se
1864 1419 1955 1454 prac-

1204 1467 1407 1507 sumpserunt
1441 1470 1614 1506 opponere,
1638 1470 1673 1493 ac
1709 1457 1812 1504 ipsum
1849 1456 1955 1490 multi-

1205 1510 1326 1557 pliciter
1353 1509 1554 1556 impugnare,
1581 1520 1617 1543 ac
1644 1506 1833 1554 generaliter
1859 1518 1956 1554 super

1204 1558 1351 1594 omnibus
1373 1557 1606 1599 inobedientiis,
1625 1556 1834 1592 contumaciis
1856 1564 1887 1590 et
1905 1567 1956 1591 ex-

1205 1608 1345 1643 cessibus
1367 1607 1623 1656 quibuscumque
1646 1606 1825 1641 commissis
1846 1605 1885 1640 ab
1911 1606 1956 1641 eis

1205 1658 1429 1706 quoquomodo
1451 1664 1560 1693 contra
1587 1655 1789 1696 monitiones,
1812 1654 1957 1703 probibi-

1206 1709 1323 1752 tiones,
1363 1720 1417 1743 seu
1459 1706 1722 1742 comminationes
1763 1705 1860 1741 factas
1900 1717 1956 1751 per

1205 1757 1320 1792 Sedem
1342 1757 1546 1804 praedictam,
1565 1768 1622 1791 seu
1641 1754 1826 1791 auctoritate
1845 1754 1956 1801 ipsius,

1206 1808 1417 1854 praecipimus
1438 1815 1467 1841 et
1491 1806 1678 1841 mandamus
1706 1804 1859 1852 syndicis,
1889 1815 1958 1850 pro-

1205 1856 1402 1891 curatoribus
1420 1864 1450 1892 et
1477 1855 1602 1891 nunciis
1623 1854 1805 1890 memoratis
1827 1854 1956 1888 nomine

1208 1906 1436 1953 praedictorum
1483 1906 1653 1947 comitum,
1698 1904 1956 1952 capitaneorum,

1206 1957 1326 1991 consilii
1367 1957 1463 2004 partis
1497 1956 1692 1996 Gibellinae,
1733 1967 1789 1990 nec
1825 1966 1888 1989 non
1928 1962 1958 1989 et

1208 2008 1306 2055 ipsius
1331 2010 1436 2058 partis,
1459 2023 1494 2045 ac
1517 2009 1722 2056 singularium
1750 2018 1955 2056 personarum

1206 2061 1346 2095 eiusdem
1372 2061 1480 2107 partis,
1500 2074 1515 2095 a
1539 2060 1666 2108 quibus,
1691 2066 1721 2094 ut
1741 2072 1834 2107 supra
1858 2060 1957 2106 expri-

1208 2111 1312 2156 mitur,
1347 2111 1529 2145 mandatum
1559 2110 1685 2149 habent,
1724 2109 1900 2144 volentibus
1927 2118 1956 2144 et

1206 2160 1492 2201 consentientibus,
1535 2169 1567 2195 ut
1607 2168 1653 2194 est
1693 2159 1829 2203 dietum,
1871 2160 1954 2207 quod

1208 2211 1356 2259 praedicti
1385 2211 1514 2246 comites
1543 2210 1648 2245 Guido
1675 2218 1706 2243 et
1737 2209 1856 2257 Symon
1884 2208 1954 2244 cum

1207 2261 1293 2296 omni
1333 2273 1442 2296 eorum
1476 2272 1585 2308 posse,
1623 2267 1703 2294 terra
1736 2268 1766 2293 et
1799 2259 1955 2299 districtu,

1208 2311 1361 2357 capitanei
1403 2320 1433 2346 et
1470 2310 1636 2346 consilium
1676 2309 1819 2344 eiusdem
1861 2309 1956 2356 partis

1208 2360 1396 2405 Gibellinae,
1420 2373 1477 2396 nec
1501 2372 1562 2395 non
1594 2367 1623 2394 et
1647 2359 1711 2406 ipsa
1736 2371 1806 2406 pars
1827 2372 1863 2394 ac
1890 2360 1955 2393 sin-

1209 2410 1334 2456 gulares
1363 2423 1514 2458 personae
1544 2410 1641 2458 partis
1670 2409 1810 2444 eiusdem
1842 2421 1965 2456 perpe--

1211 2469 1262 2493 tuo
1297 2460 1325 2494 in
1363 2461 1459 2508 ipsius
1489 2460 1647 2495 Ecclesiae
1671 2459 1831 2494 Romanae
1858 2460 1952 2493 dero-

1211 2510 1293 2544 tione
1332 2511 1509 2558 persistant,
1547 2522 1602 2545 uec
1636 2520 1774 2557 unquam
1814 2508 1852 2542 ab
1890 2508 1955 2556 ipsa

1211 2559 1365 2597 recedant,
1389 2572 1446 2595 nec
1478 2561 1508 2595 in
1531 2560 1635 2607 aliquo
1666 2559 1734 2594 loco
1762 2558 1872 2605 ipsam,
1905 2566 1955 2591 aut

1210 2610 1288 2654 eius,
1312 2610 1356 2644 vel
1388 2610 1460 2645 dicti
1498 2610 1579 2657 regis
1605 2609 1722 2644 amicos
1752 2608 1954 2655 impugnent:

1212 2671 1268 2693 uec
1300 2659 1388 2693 alicui
1422 2660 1613 2707 imperatori,
1647 2658 1711 2705 regi
1740 2665 1793 2692 aut
1826 2657 1957 2692 cuilibet

1963 267 2012 295 An.
2030 265 2058 292 C.
2076 266 2142 293 ¹275

1974 579 2072 600 Gibell.ni
2093 584 2145 600 ceu-

1962 612 2016 631 turls
2032 611 2100 632 solut:v

1986 2220 2059 2241 Addita
2079 2221 2153 2241 condi-

1971 2252 2027 2272 tione
2049 2253 2069 2272 in
2085 2251 2154 2272 fideti-

1971 2285 2013 2302 tate
2049 2281 2154 2303 nomana·

1971 2312 2079 2334 nectent..-
2094 2312 2155 2334 debi-

1971 2347 1991 2364 ta
2012 2350 2155 2371 persever-n-
