2274 3265
1807 279 1825 286 -v

1813 291 1819 308 l

333 389 352 408 «
384 369 572 412 Sedulam
605 370 725 426 igitur
756 383 918 424 operam
950 368 1103 407 navabo
1136 373 1180 406 ut
1211 367 1358 406 nedum
1397 366 1493 406 hacc
1515 363 1679 405 Bullarii
1705 364 1873 404 Romani

268 457 511 498 continuatio
543 457 583 496 in
614 454 745 496 lucem
775 454 941 510 prodeat
972 452 1158 494 omnibus
1190 453 1368 492 numeris
1400 451 1600 501 absoluta·7
1638 451 1710 492 sed
1756 451 1875 491 etiam

269 549 311 581 ut
342 541 618 597 praecedentia
649 554 717 580 sex
748 537 952 579 volumina
981 537 1132 577 Romae
1164 536 1268 577 edita
1300 536 1429 576 denuo
1462 537 1742 591 imprimantur
1774 551 1869 591 pnr-

266 633 357 680 gata
389 640 411 665 a
442 625 611 674 mendis7
644 630 683 664 et
715 629 830 663 aucta
861 623 908 662 iis
937 620 1302 671 constitutionibus,
1336 635 1437 675 quae
1469 621 1509 659 in
1542 635 1587 659 ea
1619 635 1663 660 ex
1690 619 1875 660 collecto-

199 740 209 742 >
266 727 355 752 rum
388 712 541 751 incuria
573 710 757 761 omissae,
791 724 812 749 a
845 707 1124 749 secretioribus
1155 707 1323 747 Sanctae
1355 706 1468 746 Sedis
1501 705 1751 761 Apostolicac
1777 707 1875 746 scri-

267 798 341 837 niis
374 797 491 837 modo
523 803 673 848 erutae⁷
706 803 745 836 et
776 810 822 835 ex
853 795 936 834 suis
969 793 1228 848 autographis
1259 793 1479 848 exscriptae
1512 799 1606 831 sunt
1639 810 1677 832 ».

325 881 427 922 Cum
460 882 592 936 itaque
613 913 624 932 7
664 879 817 921 occulta
851 879 1107 920 archivorum
1145 885 1348 918 scrutante
1394 875 1686 931 Cocquelines,
1727 878 1874 916 consti—

269 955 467 995 tutionum
499 968 689 994 numerus
732 954 878 992 mirum
924 952 964 991 in
1007 952 1169 991 modum
1213 957 1505 1001 succresceret,
1547 950 1687 989 editori
1721 965 1879 989 necesse

266 1041 339 1080 fuit
369 1055 435 1080 sex
466 1039 757 1080 Cherubiniani
790 1036 952 1078 Bullarii
985 1035 1187 1077 volumina
1219 1036 1259 1075 in
1292 1035 1456 1075 totidem
1479 1042 1611 1089 partes
1634 1035 1874 1090 dispescere,

270 1136 367 1182 quot
409 1140 614 1165 sacrorum
657 1138 797 1178 capere
844 1123 1000 1177 copiam
1047 1128 1398 1161 monumentorum
1431 1127 1619 1173 possent:
1654 1120 1788 1174 sicque
1820 1121 1877 1160 sa-

268 1219 376 1252 ctum
425 1218 514 1262 est,
564 1217 606 1250 ut
649 1210 811 1249 tertium
854 1207 1152 1247 Mainardianae
1199 1205 1384 1245 editionis
1426 1202 1614 1244 volumen
1646 1213 1778 1259 partes
1810 1221 1879 1245 sou

271 1307 400 1338 tomos
439 1305 548 1346 tres,
597 1302 784 1350 quartum
831 1295 925 1334 item
974 1301 1167 1348 quatuor⁷
1209 1292 1392 1347 quintum
1436 1299 1555 1332 etiam
1595 1292 1791 1347 quinque,
1836 1308 1879 1333 ac

270 1383 432 1423 demum
464 1396 529 1422 sex
561 1390 713 1421 sextum
746 1378 1088 1435 complecteretur.
1122 1377 1233 1427 Quae
1277 1393 1368 1417 cum
1411 1377 1464 1417 ita
1503 1378 1606 1428 sint7
1640 1378 1769 1432 primo
1807 1379 1878 1417 oh-

272 1477 360 1509 tutu
392 1469 560 1524 quisque
595 1466 808 1523 intelliget,
843 1467 1005 1507 tertium
1047 1465 1230 1505 editionis
1277 1471 1437 1504 nostrae
1483 1463 1692 1516 volumen,
1731 1464 1878 1504 Roma-

268 1568 341 1595 nae
381 1569 467 1593 esse
500 1554 605 1593 tertii
651 1561 822 1607 partem
858 1554 1074 1606 primamj
1106 1551 1228 1590 hocce
1270 1565 1363 1590 vero
1405 1549 1445 1588 in
1491 1548 1670 1589 Romana
1702 1550 1879 1589 eiusdem

270 1639 485 1681 voluminis
515 1647 688 1693 partem
721 1638 932 1686 alteram,
966 1636 1006 1675 in
1038 1634 1278 1674 Taurinensi
1323 1634 1494 1673 editione
1533 1641 1733 1688 quartum.
1776 1634 1882 1674 Haec

271 1740 397 1775 sane,
445 1739 493 1763 ne
540 1723 717 1763 confusio
765 1721 1042 1770 suboriretur,
1085 1719 1270 1774 prudenti
1318 1718 1522 1758 Lectorem
1554 1716 1719 1758 consilio
1760 1717 1882 1757 semel

271 1823 431 1849 monere
464 1809 595 1847 visum
626 1814 696 1847 est.

328 1892 437 1934 Nihil
469 1894 688 1933 omittimus
721 1898 765 1931 ut
796 1898 876 1931 tam
910 1905 1100 1945 magnum
1134 1904 1263 1944 opus⁷
1297 1903 1377 1928 non
1408 1889 1527 1928 modo
1573 1888 1694 1927 sacris
1726 1889 1881 1939 studiis,

270 1979 339 2019 sed
370 1986 409 2018 et
439 1979 625 2018 humanis
657 1976 782 2017 literis
828 1976 1062 2017 adiuvandis
1095 1990 1139 2015 ac
1185 1974 1362 2015 fovendis
1401 1980 1704 2029 comparatum,
1746 1982 1880 2013 nostra

271 2066 436 2120 prodeat
459 2081 504 2105 ex
536 2064 820 2122 typographia,
854 2070 1048 2118 quantum
1081 2061 1167 2101 fieri
1194 2068 1338 2116 potest⁷
1371 2061 1634 2100 emendatius:
1667 2061 1882 2115 sapientiae

270 2156 308 2188 et
334 2149 588 2199 fortitudinis,
616 2163 694 2203 qua
720 2147 809 2188 Iesu
841 2147 992 2188 Christi
1036 2144 1255 2185 Ecclesiam
1300 2145 1574 2200 gubernarunt
1621 2145 1745 2184 sancti
1781 2144 1884 2183 Petri

270 2247 533 2284 successores,
566 2231 793 2288 perillustre
835 2238 1152 2272 monumentum.
1187 2229 1304 2280 Quod
1336 2245 1381 2270 eo
1428 2228 1614 2269 fidentius
1659 2243 1882 2282 speramus,

273 2333 351 2372 quo
384 2315 501 2357 altius
533 2317 655 2357 fixum
688 2318 727 2357 in
754 2317 887 2357 animo
913 2323 987 2367 est,
1021 2317 1125 2356 inter
1156 2313 1302 2356 saeculi
1335 2329 1456 2354 vanas
1488 2313 1735 2354 curiositates
1767 2319 1884 2366 atque

272 2401 497 2442 foedissima
534 2402 743 2441 hominum
775 2408 1015 2451 commenta,
1049 2399 1208 2441 illorum
1239 2397 1443 2438 humiliter
1490 2397 1601 2451 sequi
1638 2397 1882 2446 doctrinam‘,

274 2485 418 2540 quibus
450 2484 601 2523 dictum
632 2498 653 2524 a
678 2484 854 2524 Veritate
886 2491 960 2524 est:
995 2486 1075 2534 Qui
1101 2498 1170 2524 vos
1202 2482 1339 2533 audit,
1374 2495 1437 2521 me
1469 2479 1610 2520 audit:
1643 2487 1681 2519 et
1712 2482 1785 2533 qai
1816 2492 1885 2518 vos

274 2574 435 2625 speruit
454 2602 465 2621 ,
497 2584 562 2610 me
594 2573 757 2625 spernit
789 2570 897 2620 (Luc.
929 2585 966 2621 x,
1003 2570 1091 2620 46).
1125 2569 1275 2610 Verum
1307 2582 1426 2622 opere
1468 2566 1509 2605 in
1541 2563 1674 2620 long02
1712 2563 1779 2603 ubi
1812 2562 1883 2603 ali-

276 2656 370 2710 quid
402 2656 565 2711 irrepat⁷
599 2655 705 2710 quod
737 2653 954 2710 legentium
986 2653 1122 2696 oculos
1154 2653 1216 2696 vel
1264 2652 1401 2693 leviter
1443 2650 1618 2692 offendat
1662 2649 1885 2701 (offendere
