2274 3265
118 259 168 284 An.
184 258 211 284 C.
230 258 297 284 1572

310 322 412 347 autem
433 312 491 346 lioc
512 319 662 346 attentare
691 311 946 357 piaesuinpserit,
971 310 1053 344 indi-

309 363 489 403 gnationem
517 361 740 408 omnipotentis
757 360 811 394 Dei
841 368 869 394 ct
893 360 1051 394 beatorum

309 412 391 446 Petri
415 421 444 445 et
467 410 554 445 Pauli
578 410 789 457 apostolorum
806 409 873 444 eius
887 421 919 443 se
935 408 1050 443 noverit

310 461 517 495 incursurum.
545 459 656 494 Datum
681 461 852 498 Avenione,
873 471 894 492 x
923 458 981 493 ltal.
1007 458 1053 492 sc-

310 511 441 550 bruarii,
456 510 653 557 pontificatus
677 510 771 543 nostri
794 521 875 543 anno
901 509 1050 543 secundo.

341 572 399 602 Dat.
416 572 461 602 die
477 572 514 601 23
530 571 654 601 ianuarii
672 571 756 607 1372,
773 570 873 610 pontis.
889 579 964 599 anno
989 578 1016 599 n.

662 746 698 781 V.

311 830 401 870 Quod
430 830 576 874 praelati,
613 830 735 863 abbates
769 836 794 863 et
822 830 879 862 alii
911 830 1052 875 beneficia

356 880 561 912 residentialia
571 880 733 912 obtinentes
748 880 778 912 in
796 879 822 912 E
825 880 935 912 eclesiis
949 891 1052 912 eorum

256 951 271 971 9
356 930 547 961 residentiam
562 930 659 973 facere
674 931 797 962 omnino
815 936 972 962 teneantur
994 931 1050 971 (l).

573 1006 786 1037 §minantum

304 1076 470 1106 Exordium.
501 1094 539 1099 —-
571 1078 595 1106 l.
619 1077 689 1107 Mala
714 1087 746 1106 ex
769 1077 942 1115 negligentia
974 1078 1049 1107 resi-

343 1121 458 1151 dentiae
481 1121 580 1151 oborta
604 1132 689 1160 aegre
719 1126 860 1151 recenset.
882 1139 921 1144 -—
946 1122 972 1151 2.
999 1124 1052 1152 Ar-

342 1166 557 1205 cffiepiscopos,
576 1167 739 1205 episcopoS,
758 1171 820 1201 etc„
834 1171 863 1195 ut
881 1166 953 1195 infra
970 1176 1051 1205 prae-

344 1210 456 1239 finitum
481 1214 596 1249 tempus
619 1211 652 1239 ad
682 1211 868 1239 residentiam
892 1211 1052 1247 accedant,

344 1259 450 1283 monet.
468 1271 507 1276 —
525 1254 550 1283 3.
574 1254 687 1284 Recens
706 1255 741 1283 de
759 1254 900 1283 Ecclesiis
930 1254 973 1282 vel
1000 1254 1052 1283 be-

343 1299 456 1327 neticiis
492 1298 600 1336 provisi
634 1304 720 1337 quoto
753 1303 880 1336 tempore
914 1298 942 1326 in
965 1297 1049 1327 Curia

343 1343 448 1371 morari
469 1343 590 1381 possint.
611 1359 647 1363 —
675 1343 702 1371 4.
726 1342 859 1380 lmpediti
882 1351 988 1370 causas
1012 1343 1051 1371 le-

342 1386 459 1422 gitimas
481 1386 532 1415 Pt‘.
560 1386 667 1415 dehent
696 1386 861 1415 ostendere.
885 1402 923 1407 —-
950 1387 976 1414 5.
999 1385 1048 1415 ln-

340 1429 507 1459 obedientes
526 1432 701 1460 anathemati
726 1430 947 1459 subiecti—6.
967 1429 1051 1459 Clan—

342 1474 433 1503 sulae.

349 1549 494 1585 Gregorius
509 1550 649 1586 episcopus
665 1557 760 1579 servus
779 1557 918 1579 servorum
943 1551 998 1583 Dei,

435 1599 468 1626 ad
496 1600 658 1635 perpetuam
677 1600 717 1627 rei
748 1600 915 1628 memoriam.

349 1671 534 1706 Sollicitudo
564 1672 773 1707 Ecclesiarum
795 1673 949 1711 omnium,
973 1673 1049 1720 qui-

301 1721 573 1768 bus,disponente
595 1722 744 1765 Domino,
767 1723 836 1756 licet
860 1723 1050 1757 insufficien-

302 1771 386 1806 tibus
412 1772 545 1816 meritis,
573 1772 802 1819 praesidemus,
828 1773 966 1806 animum
992 1785 1050 1806 no-

302 1829 401 1855 strum
422 1822 534 1867 iugiter
551 1822 661 1867 pungit
689 1831 716 1854 et
731 1821 857 1865 excitat,
873 1830 903 1855 ut
927 1821 1047 1856 illarum

302 1883 503 1904 occurramus
525 1870 711 1917 dispendiis,
735 1878 765 1904 et
788 1879 880 1917 prout
907 1871 996 1904 nobis
1012 1883 1047 1905 ex

302 1920 362 1952 alto
384 1919 577 1959 conceditur,
602 1919 688 1953 utilia
706 1932 922 1965 procuremus.

350 1968 370 2015 g
399 1971 429 2001 sl.
451 1968 533 2002 Sane
555 1968 790 2003 considerantes
816 1976 942 2007 attente,
964 1969 1047 2015 quod

106 2016 289 2074 κζᾞζῗθζζὲξζζ
303 2017 514 2051 Ecclesiarum
538 2026 566 2051 et
587 2018 847 2052 monasteriorum
863 2019 1001 2064 praelati,
1013 2031 1048 2052 ac

106 2078 287 2104 ttaeubortaaegre
305 2075 441 2102 rectores
467 2067 504 2101 ad
529 2067 587 2102 hoc
615 2068 643 2101 in
672 2068 718 2101 eis
745 2077 816 2102 sunt
839 2068 943 2114 positi,
967 2076 1000 2101 ut
1017 2069 1046 2102 in

106 2112 212 2130 “mm‘'
303 2116 362 2150 illis
391 2117 594 2163 personaliter
616 2117 782 2156 resideant,
806 2125 834 2151 et
862 2118 1048 2151 commissos

301 2167 345 2200 eis
367 2178 477 2212 greges
506 2174 632 2213 pascant
655 2166 769 2212 pabulo
796 2166 879 2201 verbi
908 2166 976 2206 Dei,
999 2167 1048 2200 di-

302 2216 382 2249 vinis
404 2225 510 2250 vacent
537 2224 566 2249 et
587 2215 697 2249 faciant
721 2228 827 2250 vacare
855 2216 974 2256 officiis,
997 2229 1048 2250 er-

303 2274 364 2300 rata
392 2267 560 2311 corrigant,
589 2278 680 2311 prava
707 2274 919 2312 compescant,
941 2266 1046 2300 defor-

301 2323 380 2349 mata
420 2314 606 2358 reforment,
650 2315 826 2361 gubernent
867 2316 1046 2362 temporalia

302 2365 381 2399 bona
405 2366 544 2411 ipsorum
565 2373 595 2398 et
613 2377 784 2411 pauperum
815 2365 923 2399 usibus
945 2365 1046 2412 depu-

302 2422 372 2455 tata,
395 2415 516 2461 aliaque
532 2415 741 2449 incumbentia
766 2416 839 2461 ipsis
861 2423 1045 2461 supportent

301 2476 393 2498 onera
432 2473 461 2498 et
497 2465 669 2498 ministeria
706 2473 910 2511 exequantur.
939 2464 1043 2499 Mirari

301 2513 469 2548 admodum
498 2515 642 2560 cogimur
668 2523 697 2548 et
713 2514 830 2557 dolere,
857 2514 940 2561 quod
964 2527 1044 2548 non-

301 2564 376 2598 nulli
405 2575 443 2597 ex
470 2564 526 2602 eis,
549 2576 610 2598 non
633 2564 701 2598 sine
724 2565 807 2610 gravi
830 2564 887 2598 Dei
915 2564 1043 2604 offensa,

137 1722 253 1743 Exordium.

334 2643 373 2679 (t)
391 2643 428 2670 Ex
446 2644 549 2679 Regest.
569 2644 649 2670 Vatic.

912 252 1097 276 ttttEGOtttt‘s
1128 250 1162 273 xl
1186 251 1233 273 ΡΙ).

1727 237 1796 270 535

1096 306 1267 353 postposita
1283 305 1481 346 verecundia,
1495 305 1650 339 obauditis
1669 305 1758 339 iustis
1773 318 1845 339 suo-

1097 369 1164 390 rum
1185 355 1461 389 lamentationibus
1480 354 1690 394 subditorum,
1707 355 1745 388 de
1760 354 1844 389 dam-

1096 406 1208 452 nisque
1222 417 1350 439 suarum
1368 404 1579 439 Ecclesiarum
1598 404 1842 450 multiplicibus,

1097 463 1156 489 tarn
1177 454 1391 501 spiritualibus
1411 466 1504 501 quam
1528 453 1763 500 temporalibus,
1780 466 1842 488 non

1095 512 1250 545 curantes,
1275 515 1407 550 sponsas
1423 516 1495 537 suas
1514 511 1598 537 tanto
1621 503 1843 550 derelinquunt

1095 562 1247 599 tempore,
1270 553 1354 600 quod
1391 553 1478 600 quasi
1507 552 1617 587 viduae
1647 561 1842 599 reputantur,

1094 603 1286 650 Curiamque
1320 601 1494 636 Romanam
1529 614 1589 636 non
1620 614 1674 648 pro
1705 603 1842 648 ipsarum

1095 652 1308 687 Ecclesiarum
1325 650 1572 690 necessitatibus,
1585 660 1636 686 aut
1654 651 1844 686 notabilibus

1094 710 1124 736 et
1147 702 1226 736 veris
1248 700 1452 741 utilitatibus,
1475 700 1530 735 sed
1558 700 1718 748 exquisitis
1751 713 1843 735 occa-

1094 751 1237 785 sionibus
1253 751 1451 798 frequentare
1462 759 1712 798 praesuniunt,ex
1727 750 1843 797 quibus

1094 801 1268 835 animarum
1293 800 1448 848 pericula,
1477 799 1641 847 pullulatio
1676 799 1842 839 vitiorum,

1093 850 1317 885 dissolutorum
1353 862 1474 884 morum
1510 849 1712 893 incorrectio,
1748 849 1844 884 dimi-

1095 900 1182 934 nutio
1204 900 1300 934 divini
1316 900 1434 939 cultus,
1452 898 1735 934 ecclesiasticorum
1748 899 1841 933 aedi-

1094 949 1234 984 ficiorum
1264 950 1352 984 ruina
1374 957 1404 983 et
1427 949 1532 995 lapsus
1555 960 1658 983 rerum
1673 976 1681 992 ,
1706 948 1841 995 populo-

1094 1012 1228 1046 rumque
1254 999 1417 1039 scandala,
1452 999 1576 1046 aliaque
1599 998 1677 1032 mala
1705 997 1839 1045 plurima

1094 1061 1257 1095 provenire
1276 1057 1459 1084 noscuntur.

1141 1098 1160 1144 ἓ
1185 1101 1217 1132 2.
1240 1098 1304 1133 Nos
1326 1098 1419 1144 igitur
1446 1105 1489 1132 tot
1523 1105 1554 1131 et
1581 1097 1673 1131 tantis
1696 1096 1784 1131 malis
1806 1105 2036 1139 etArcntepIscopos.

1094 1148 1241 1193 periculis
1254 1149 1401 1194 congruis
1414 1146 1538 1181 obviare
1554 1146 1699 1180 remediis
1712 1146 1836 1194 cupien-
1854 1144 1974 1170 ⁰¹³³⁵⁶‘'V⁰⁹·
1987 1148 2035 1169 ‘³¹⁰¹‘

1094 1205 1157 1235 tes,
1198 1198 1360 1231 universos
1393 1205 1423 1230 et
1464 1195 1604 1241 singulos
1639 1195 1839 1241 patriarchas,
1854 1174 2037 1232 :iiiiiiiniiiiiid

1092 1247 1346 1293 archiepiscopos
1373 1255 1403 1280 et
1429 1245 1607 1292 episcopos,
1621 1244 1761 1285 abbates,
1774 1245 1840 1280 ele·
1854 1237 2042 1290 Zssi'ffifuiiinaeif

1093 1304 1177 1339 ctos,
1210 1297 1345 1342 priores,
1386 1295 1539 1333 decanos,
1573 1294 1767 1340 praepositos
1805 1307 1841 1330 ac

1093 1345 1328 1379 archidiaconos
1346 1355 1618 1391 quarumcumque
1627 1343 1840 1378 Ecclesiarum

1092 1405 1126 1427 ac
1150 1395 1411 1428 monasteriorum
1425 1405 1460 1427 ac
1479 1392 1684 1439 prioratuum,
1701 1392 1840 1440 aliosque

1095 1444 1227 1478 maiores
1251 1444 1280 1477 in
1304 1442 1535 1477 cathedralibus
1552 1451 1620 1489 post
1647 1442 1844 1489 pontificales

1092 1501 1122 1525 et
1150 1493 1337 1539 principales
1360 1493 1389 1527 in
1418 1491 1591 1538 collegiatis
1615 1491 1765 1526 Ecclesiis
1787 1492 1843 1526 di—

1092 1543 1225 1587 gnitates
1252 1542 1439 1582 obtinentes,
1473 1553 1676 1588 quocumque
1715 1542 1843 1576 nomine

1094 1602 1327 1639 iiuncupentur,
1356 1601 1416 1626 tam
1439 1591 1615 1626 saeculares
1633 1603 1726 1637 quam
1747 1603 1843 1637 regu-

1093 1642 1185 1680 lares,
1209 1654 1266 1676 nec
1295 1654 1356 1676 non
1381 1640 1607 1688 parochialium
1628 1640 1840 1676 Ecclesiarum

1092 1699 1230 1725 rectores
1244 1692 1274 1725 in
1290 1690 1385 1725 Curia
1402 1690 1571 1737 praedicta,
1582 1689 1626 1724 vel
1643 1702 1738 1737 prope
1756 1690 1840 1725 illam

1092 1753 1146 1787 per
1168 1740 1246 1774 duas
1267 1740 1378 1780 dietas,
1397 1753 1459 1775 nou
1488 1749 1590 1774 tamen
1620 1739 1649 1773 in
1678 1739 1754 1774 locis
1777 1739 1840 1774 Ec-

1091 1790 1255 1824 clesiarum
1279 1798 1308 1824 et
1332 1790 1594 1824 monasteriorum
1622 1801 1751 1823 suorum
1776 1802 1840 1824 mo-

1092 1848 1197 1873 rantes
1219 1839 1255 1873 ad
1285 1851 1444 1885 praesens,
1466 1839 1608 1886 exceptis
1630 1838 1677 1878 iis,
1700 1850 1780 1885 quos
1801 1839 1838 1873 ad

1092 1897 1195 1923 nostra
1230 1897 1260 1922 et
1283 1888 1442 1923 Romanae
1469 1888 1628 1923 Ecclesiae
1667 1889 1839 1926 retinemus

1091 1938 1254 1984 obsequia,
1277 1950 1332 1984 per
1346 1950 1402 1972 nos
1422 1938 1604 1972 nominatim
1627 1937 1837 1978 declarandis,

1090 1988 1275 2022 auctoritate
1298 1987 1468 2034 apostolica
1497 1995 1605 2022 tenore
1628 1987 1837 2033 praesentium

1092 2037 1289 2079 mandamus,
1305 2037 1350 2071 eis
1365 2037 1504 2072 districte
1517 2036 1741 2084 praecipiendo
1754 2049 1839 2072 man—

1090 2086 1210 2125 dantes,
1233 2094 1389 2133 quatenus
1412 2099 1510 2134 usque
1527 2086 1565 2121 ad
1580 2086 1693 2121 festum
1717 2085 1837 2121 Resur-

1091 2137 1239 2171 rectionis
1266 2136 1450 2170 Dominicae
1478 2137 1619 2183 proxime
1655 2144 1836 2170 secuturum

1091 2185 1236 2220 recedant
1249 2186 1286 2220 de
1301 2186 1394 2220 Curia
1412 2185 1640 2233 praelibata,ad
1650 2187 1837 2220 commissas

1088 2236 1132 2269 eis
1168 2235 1323 2270 Ecclesias
1338 2263 1346 2275 ,
1382 2236 1568 2270 monasteria
1602 2244 1631 2270 et
1670 2235 1835 2281 prioratus,

1088 2286 1245 2331 quamcito
1257 2285 1422 2319 commode
1438 2294 1594 2331 poterunt,
1611 2285 1792 2332 profecturi,
1806 2293 1837 2319 et

1089 2334 1118 2368 in
1146 2335 1190 2368 eis
1212 2334 1320 2369 facturi
1344 2335 1539 2382 personalem
1563 2334 1779 2378 residentiam,
1803 2342 1835 2368 ut

1089 2392 1244 2418 [essesslssl'.

1135 2434 1155 2480 g
1182 2436 1213 2467 5.
1238 2434 1435 2468 Patri-archae
1451 2446 1532 2478 vero,
1546 2433 1704 2481 episcopi,
1727 2434 1832 2479 electi,
1860 2441 1943 2478 *tegens
1958 2443 2031 2464 defic-

1086 2482 1225 2522 abbates,
1248 2484 1377 2530 priores,
1392 2483 1513 2523 decani,
1531 2484 1709 2531 praepositi,
1727 2483 1831 2518 archi·
1844 2474 2029 2532 {2⁰§}{{3'{¹,„¹,³,²5]

1087 2532 1221 2576 diaconi,
1243 2533 1356 2580 aliique
1378 2533 1556 2568 huiusmodi
1580 2533 1748 2579 dignitates
1764 2546 1831 2568 ma·
1844 2539 2029 2588 gwggriss‘gffiei

1087 2582 1167 2616 iores
1186 2591 1215 2616 et
1234 2583 1423 2629 principales
1441 2583 1628 2622 obtinentes.
1644 2595 1678 2618 ac
1694 2591 1831 2619 rectores
1843 2598 1933 2625 possim.

1087 2631 1308 2678 parochialium
1332 2632 1555 2675 Ecclesiarum,
1574 2633 1627 2680 qui
1651 2632 1688 2669 ad
1705 2632 1831 2682 praedi-

1863 250 1910 275 Αη,
1932 250 1960 276 C.
1977 250 2042 276 ¹572
