2274 3265
0 2955 18 3138 t

15 3143 18 3161 l

0 3164 19 3265 li

16 3220 19 3265 i

108 273 156 298 An.
177 271 204 297 C.
223 272 287 297 ¹317

119 2008 195 2029 Divisio
206 2009 289 2029 Attalen.

106 2042 250 2067 episcopatus.

120 2256 202 2277 Erectio

106 2287 290 2315 scopat.Castren.

244 2257 291 2281 epi-

803 271 940 294 maxses
964 272 1021 293 xxi
1045 261 1152 303 (dictus
1176 264 1255 303 xxti)
1284 273 1333 296 re.
1730 265 1801 297 ⁶245

306 329 430 362 vitatem
446 335 475 362 et
493 327 664 363 dioecesim
680 326 818 366 Albteu„
832 326 948 373 quibus
962 326 1055 361 certis

303 389 338 410 ex
374 376 478 411 causis
510 386 556 411 est
591 377 690 422 magis
722 383 828 410 exacta
859 383 889 410 et
917 374 1054 419 diligens

304 425 445 460 custodia
488 426 684 464 adhibenda,
717 425 916 471 singulorum
954 424 1055 458 vultus

305 475 463 522 nequibat,
478 484 510 510 ut
524 475 686 514 condecet,
703 474 814 508 unicus
834 480 940 520 pastor
957 473 1054 518 inspi-

304 537 374 558 cere
390 537 464 559 oves
478 527 540 568 (1);
556 536 612 559 uec
636 522 804 561 morbidas,
821 534 902 569 quae
923 534 1052 568 gregem

305 574 461 617 inliciunt,
483 586 499 607 a
514 573 609 616 sanis,
624 580 658 607 ut
673 571 869 618 expediebat,
884 572 1052 618 separatim

304 623 495 663 discernere,
523 630 575 656 aut
597 621 674 656 alias
697 629 801 667 partes
824 620 895 655 boni
919 623 1054 668 pastoris

305 673 451 718 implere:
481 671 630 719 quodque
648 669 827 705 reddituum
850 671 1054 718 episcopatus

305 721 429 756 Athien.
458 720 619 767 opulentia
653 720 782 766 copiosa
818 719 959 766 pluribus
995 733 1053 767 po-

304 778 381 805 terat
397 770 521 806 abunde
543 769 705 809 sufficere,
722 782 778 803 nec
803 782 865 803 non
888 770 972 816 quod
990 770 1054 817 epi-

301 832 419 867 scopus
445 818 571 854 Albien.
601 818 680 853 duas
704 826 808 865 partes
830 819 1053 854 denunciatio-

303 882 378 904 num
402 868 618 904 Ecclesiarutn
653 869 712 902 sibi
742 868 941 904 subditarum
965 882 1053 904 com-

303 918 438 952 muniter
454 919 616 965 percipere
632 919 810 962 consuevit,
829 926 859 953 et
871 919 1053 953 naturaliter

301 967 483 1013 obligantur
507 980 660 1015 personae
683 968 924 1007 ecclesiasticae,
949 976 981 1003 ut
1011 968 1054 1003 al-

303 1017 358 1051 tari
387 1017 549 1060 serviant⁷
576 1029 656 1064 quae
689 1017 728 1051 de
755 1017 842 1051 altari
868 1017 994 1056 vivuut3
1023 1026 1052 1052 et

302 1066 476 1113 unicuique
511 1067 619 1107 altari,
646 1066 685 1100 de
716 1078 780 1112 quo
806 1068 935 1106 vivunt,
968 1074 1053 1102 tanto

302 1116 539 1162 propensiorem
567 1123 598 1149 et
625 1116 794 1162 specialem
822 1127 930 1150 curam
953 1124 983 1150 et
1005 1116 1053 1150 di-

303 1165 462 1211 ligentiam
490 1165 683 1211 singularem
717 1163 868 1199 adbibere
895 1164 1053 1209 debeant,

303 1222 421 1261 quanto
449 1215 586 1261 amplius
610 1214 649 1248 dc
671 1226 709 1248 eo
738 1214 917 1260 suscipiunt
939 1222 969 1248 et
998 1227 1053 1260 per

303 1264 408 1311 ipsum
436 1263 651 1298 abundantius
673 1270 905 1301 sustentantur;
929 1275 1051 1297 necnon

302 1313 485 1359 quotidiana
511 1312 670 1347 sollicitari
689 1313 833 1346 instantia
856 1322 885 1347 et
908 1312 1053 1346 diffusius

302 1362 459 1396 seminare
480 1362 654 1408 spiritualia
680 1362 727 1404 iis7
749 1374 765 1396 a
783 1361 902 1408 quibus
928 1361 1052 1395 assidue

302 1411 474 1446 cardinalia
502 1419 619 1446 metere
640 1412 890 1457 dignoscuntur;
918 1424 975 1446 nos
990 1412 1054 1446 cul-

303 1469 368 1495 tum
382 1473 498 1507 augere
520 1461 660 1496 divinum
675 1469 705 1495 et
723 1461 917 1507 spiritualem
929 1462 1054 1496 anima-

303 1524 373 1546 rum
389 1511 578 1558 profectum,
592 1523 700 1558 quem,
715 1510 740 1545 si
765 1511 850 1545 iuxta
869 1511 1052 1546 facultatum

303 1560 493 1606 exigentiam
531 1561 668 1595 duorum
715 1561 744 1594 in
779 1560 890 1595 eadem
927 1561 1051 1596 utilium

304 1610 483 1656 praesulum
523 1610 663 1645 custodia
699 1610 894 1655 deputetur,
924 1610 1053 1645 indubie

305 1659 470 1706 provenire
491 1671 669 1706 speramus,
685 1672 871 1705 promovere
885 1660 1054 1695 salubriter

304 1709 514 1748 intendentes,
539 1709 723 1756 praemissis
745 1718 777 1744 et
798 1710 869 1745 aliis
890 1710 1053 1744 suadenti-

302 1759 361 1794 bus
383 1759 474 1793 iustis
500 1759 626 1803 causis,
655 1759 838 1805 praehabito
870 1772 967 1806 super
995 1760 1053 1794 lioc

302 1808 446 1854 diligenti
470 1816 615 1853 tractatu⁷
629 1821 666 1843 ex
682 1816 765 1843 certa
790 1817 893 1843 nostra
910 1809 1053 1849 scientia,

302 1858 342 1893 de
363 1858 492 1892 fratrum
513 1867 693 1893 nostrorum
711 1859 860 1893 concordi
875 1860 1008 1894 consilio
1024 1866 1054 1894 et

303 1908 496 1954 apostolicae
515 1907 713 1953 plenitudine
742 1909 916 1955 potestatis,
934 1908 971 1942 ad
993 1908 1056 1943 lau-

304 1958 376 1992 dem
400 1956 470 2000 Dei,
505 1967 534 1992 et
562 1958 600 1992 ad
628 1957 849 1992 exaltationem
875 1958 1055 1998 Ecclesiae,

305 2006 509 2054 fideliumque
523 2007 668 2051 salutem,
686 2009 902 2054 episcopatum
916 2007 1055 2047 Albion„

304 2069 459 2103 suamque
481 2057 650 2092 dioecesim
678 2057 860 2092 auctoritate
882 2057 1055 2103 apostolica

304 2105 475 2141 dividimus
504 2106 534 2140 in
568 2106 647 2140 duas
674 2106 861 2149 dioeceses,
896 2119 976 2154 quas
1003 2119 1057 2153 per

304 2164 406 2190 certos
427 2155 578 2202 distingui
595 2155 714 2191 limites
735 2156 898 2190 faciemus.

353 2208 369 2248 ἓ
390 2209 424 2240 2.
450 2205 600 2240 Volentes
625 2217 662 2239 ac
688 2205 897 2240 decernentes
918 2206 1058 2240 auctori-

306 2261 367 2289 tate
395 2254 563 2300 praedicta,
586 2254 625 2289 de
654 2254 783 2289 fratrum
807 2255 946 2301 ipsorum
979 2267 1057 2289 con·

306 2303 376 2338 silio
398 2312 428 2338 et
452 2303 627 2350 praedictae
652 2304 850 2350 plenitudine
875 2304 1056 2351 potestatis,

306 2353 390 2399 quod
415 2360 536 2399 praeter
551 2353 705 2387 civitatem
719 2353 859 2395 Albim„
873 2367 953 2400 quae
968 2366 1056 2388 suam

307 2403 464 2449 propriam
488 2410 518 2435 et
535 2401 713 2436 distinctam
738 2402 864 2437 babebit
886 2403 1056 2438 dioecesim

306 2452 400 2486 certis
427 2451 544 2485 linibus
572 2451 777 2491 limitandam,
807 2452 908 2486 villam
932 2452 971 2486 de
996 2452 1059 2487 Ca-

306 2501 379 2535 stris
400 2500 501 2536 dictae
528 2499 602 2534 olim
631 2500 796 2541 dioecesis,
831 2513 926 2547 quam
964 2502 1057 2536 veluti

306 2550 344 2584 ad
379 2550 440 2585 hoc
474 2549 713 2585 convenientem
752 2558 782 2584 et
819 2551 1057 2586 accommodam

307 2599 417 2634 eadem
448 2599 633 2633 auctoritate
668 2599 698 2632 in
726 2599 883 2633 civitatem
906 2600 1060 2646 erigimus

343 2661 383 2696 (l)
400 2662 499 2689 Forsan
519 2663 737 2694 stafilanum...
760 2663 853 2687 ovium.

1097 333 1126 360 et
1157 326 1292 361 civitatis
1318 328 1410 362 titulo
1442 341 1645 374 insugninit15‚
1674 338 1848 376 separatam

1096 374 1267 410 dioecesim
1291 375 1412 416 babeat,
1435 377 1699 412 certislimitibus
1724 390 1739 412 a
1764 378 1848 415 dioe-

1096 424 1160 459 cesi
1191 436 1372 460 remansura
1405 426 1528 461 Albien.
1564 427 1845 472 distinguendam.

1096 473 1244 520 quodque
1275 474 1407 509 ecclesia
1436 476 1616 511 monasterii
1649 476 1756 512 Sancti
1785 477 1848 513 Be-

1097 522 1212 557 nedicti
1235 523 1370 558 civitatis
1391 523 1536 559 eiusdem
1564 525 1686 560 ordinis
1712 524 1745 561 S.
1778 526 1846 562 Be-

1096 571 1211 607 nedicti
1229 573 1268 606 sit
1291 571 1330 606 de
1346 580 1470 608 caetero
1484 582 1515 608 et
1528 573 1681 608 habeatur
1693 585 1847 622 perpetuo

1095 620 1238 656 Ecclesia
1253 621 1441 656 cathedralis
1454 624 1566 668 ipsius,
1582 631 1612 656 et
1627 623 1750 659 civitate
1763 637 1847 671 prae·

1095 670 1176 705 dicta
1198 683 1270 705 cum
1295 671 1362 705 suis
1389 672 1541 718 capitulo,
1563 672 1648 706 clero
1669 680 1700 707 et
1728 673 1846 720 populo

1094 732 1131 755 ac
1148 719 1300 764 dioecesi,
1326 719 1366 754 ab
1387 721 1473 755 omni
1502 720 1730 761 iurisdictione,
1759 730 1849 769 pote-

1095 777 1173 804 state
1213 781 1251 804 ac
1288 769 1511 817 superioritate
1546 769 1672 805 Albion.
1708 771 1847 819 episcopi

1095 826 1125 854 et
1147 818 1276 866 capituli
1300 832 1335 854 ac
1361 819 1503 854 eiusdem
1532 818 1658 855 Albien.
1674 818 1846 861 Ecclesiae,

1096 881 1153 903 nec
1176 881 1238 904 non
1260 868 1395 908 abbatis,
1417 877 1590 904 conventus
1612 876 1643 904 et
1665 871 1846 904 monasterii

1095 917 1281 961 Massilien.‚
1309 918 1549 953 remanentibus
1579 918 1710 954 omnino
1740 918 1848 954 liberis

1095 975 1123 1002 et
1138 968 1304 1014 exemptis.
1327 968 1393 1003 Nos
1419 968 1504 1003 enirn
1522 969 1594 1003 licet
1624 967 1708 1003 idem
1737 980 1847 1015 quon-

1094 1017 1165 1051 dam
1196 1018 1421 1052 monasterium
1445 1030 1516 1051 cum
1552 1017 1703 1052 membris
1736 1018 1803 1052 suis
1830 1030 1845 1052 a

1095 1065 1256 1113 praedicto
1274 1066 1456 1113 dependere
1479 1067 1630 1101 hactenus
1654 1067 1846 1102 monasterio

1096 1123 1301 1157 nosceretur,
1338 1116 1509 1163 ipsumque
1537 1116 1765 1150 monasterium
1798 1116 1844 1150 vel

1094 1163 1192 1198 abbas
1213 1165 1359 1199 eiusdem
1382 1166 1448 1200 iura
1471 1165 1628 1211 quaedam
1647 1173 1678 1200 et
1700 1166 1846 1210 superio·

1094 1213 1216 1248 ritatem
1242 1214 1272 1247 in
1298 1214 1453 1260 praedicta
1481 1214 1563 1248 beati
1593 1212 1754 1249 Benedicti
1783 1213 1846 1249 Ec-

1095 1261 1189 1297 clesia
1204 1262 1372 1303 obtineret,
1395 1263 1433 1297 de
1456 1263 1604 1302 consitio,
1625 1263 1809 1298 auctoritate
1820 1272 1849 1298 et

1096 1320 1248 1358 potestate
1268 1312 1435 1358 praedictis
1453 1312 1627 1347 Ecclesiam
1650 1321 1679 1346 et
1694 1312 1850 1346 civitatem

1094 1361 1222 1396 easdem
1238 1362 1276 1395 ad
1295 1373 1426 1396 censum
1443 1362 1593 1408 aliquem,
1611 1361 1745 1395 ullamve
1762 1374 1852 1408 prae-

1094 1411 1260 1446 stationem
1302 1410 1349 1445 vel
1389 1411 1621 1446 subiectionem
1663 1422 1851 1458 quamcum-

1095 1474 1158 1509 que
1183 1461 1365 1496 memoratis
1391 1460 1508 1499 abbati,
1531 1461 1700 1495 conventui
1723 1468 1754 1495 et
1782 1473 1851 1495 mo-

1096 1511 1234 1546 nasterio
1260 1510 1406 1544 volumus
1428 1518 1459 1543 et
1481 1510 1685 1544 deceruimus
1700 1510 1730 1544 in
1746 1510 1850 1545 anima

1095 1573 1158 1596 non
1188 1560 1306 1600 teneri;
1338 1560 1483 1606 quinimo
1511 1560 1610 1606 ipsam
1633 1558 1673 1594 ab
1700 1559 1852 1595 omnibus

1096 1610 1266 1657 praedictis
1287 1609 1485 1645 absolvimus
1512 1617 1543 1643 et
1570 1608 1706 1643 totaliter
1733 1608 1852 1644 libera-

1095 1673 1185 1700 mus3
1214 1660 1280 1694 iura
1303 1660 1422 1697 omnia,
1437 1670 1516 1705 quae
1544 1659 1574 1692 in
1598 1657 1739 1694 Ecclesia
1760 1669 1851 1705 prae-

1095 1711 1176 1745 dicta
1205 1709 1380 1756 praefatum
1411 1708 1638 1743 monasterium
1671 1716 1723 1742 aut
1754 1706 1851 1742 abbas

1096 1760 1179 1794 illius
1205 1759 1279 1793 olim
1303 1757 1604 1806 quomodocumque
1632 1756 1767 1791 habebat
1784 1785 1792 1797 ‚
1819 1759 1850 1791 in

1095 1809 1211 1844 dictam
1223 1807 1367 1843 Casti-en.
1377 1807 1551 1842 Ecclesiam
1573 1806 1807 1846 transferentes,
1822 1816 1851 1841 et

1097 1859 1145 1893 illa
1178 1870 1275 1905 penes
1308 1870 1376 1892 eam
1406 1857 1498 1904 plene
1526 1864 1556 1891 ct
1579 1856 1774 1903 integraliter
1797 1868 1850 1890 vo-

1096 1908 1197 1943 lentes
1220 1915 1373 1954 perpetuo
1405 1918 1578 1942 remanere.

1145 1961 1161 2001 §
1189 1960 1220 1992 5.
1244 1957 1331 1992 Haec
1351 1956 1456 2003 igitur,
1482 1967 1538 2003 per
1557 1955 1657 1990 dictae
1671 1954 1766 1990 Sedis
1779 1967 1851 2002 pru-

1097 2007 1237 2041 dentiam
1251 2006 1512 2052 circumspectam
1531 2005 1576 2039 sic
1592 2003 1670 2039 facta
1684 2003 1852 2038 salubriter

1097 2064 1128 2091 et
1143 2056 1260 2090 utiliter
1281 2055 1435 2094 ordinata,
1450 2054 1611 2101 perpetuis
1631 2066 1699 2088 esse
1720 2053 1851 2087 valitura

1100 2105 1296 2152 temporibus
1323 2113 1355 2140 et
1383 2104 1481 2139 robur
1503 2102 1772 2138 iucommutabilis
1800 2102 1852 2136 fir-

1099 2156 1215 2190 mitatis
1229 2154 1373 2189 obtinere
1386 2154 1539 2193 volentes,
1560 2152 1746 2187 auctoritate
1762 2164 1852 2197 prae-

1099 2206 1179 2240 dicta
1203 2203 1379 2239 districtius
1415 2203 1597 2237 iuhibemus
1616 2229 1624 2241 ,
1669 2213 1708 2235 ne
1739 2201 1852 2248 aliquis

1099 2253 1332 2301 cuiuscumque
1348 2251 1613 2299 praeeminentiae,
1626 2250 1759 2293 ordinis,
1775 2262 1852 2284 con-

1100 2304 1232 2338 ditionis
1246 2310 1426 2343 autstatus,
1442 2300 1564 2335 etiamsi
1593 2299 1851 2346 archiepiscopali

1101 2353 1146 2388 vel
1182 2351 1353 2400 episcopali
1392 2363 1446 2384 seu
1477 2351 1559 2394 regia
1583 2349 1775 2396 praefulgeat
1803 2348 1853 2382 di-

1100 2403 1230 2448 gnitate,
1253 2399 1436 2435 huiusmodi
1457 2399 1686 2433 ordinationem
1701 2397 1852 2444 apostoli-

1101 2464 1168 2486 cam
1196 2459 1226 2485 et
1252 2450 1309 2484 alia
1343 2448 1544 2495 supradicta,
1575 2448 1688 2494 quovis
1708 2447 1853 2494 quaesito

1101 2501 1206 2535 colore
1225 2499 1271 2534 vel
1291 2498 1397 2542 modo,
1413 2498 1477 2532 sive
1500 2508 1594 2531 causa
1618 2496 1664 2530 vel
1687 2496 1853 2530 occasione

1101 2549 1241 2597 qualibet
1272 2547 1459 2587 adinventis,
1487 2545 1612 2580 turbare
1633 2557 1688 2579 seu
1716 2557 1853 2592 quomo-

1101 2598 1220 2634 dolibet
1248 2596 1401 2643 impedire
1429 2602 1617 2643 praesumat.

1150 2652 1166 2691 §
1189 2649 1221 2681 4.
1244 2646 1308 2681 Nos
1334 2647 1418 2680 enim
1450 2645 1572 2679 irritum
1595 2644 1795 2679 deceruimus
1822 2651 1853 2678 et

1867 274 1916 300 An.
1935 274 1953 299 C
1982 276 2045 300 tat?

1876 933 2024 955 Monastertum

1862 964 1881 984 5⁴
1925 964 2045 988 Benedicti.

1862 997 1915 1022 quod
1935 1003 1954 1016 tn
1971 997 2046 1016 cathe-

1862 1027 1940 1048 thalem
1968 1026 2044 1048 Eccle-

1861 1059 1911 1078 stam
1927 1058 2022 1083 erigitur.
2035 1064 2043 1076 a

1861 1087 1976 1108 Massthen.
1999 1094 2046 1109 mo-

1860 1120 1948 1139 nasterii
1973 1120 2046 1139 subto<

1861 1152 1931 1170 ttioue
1941 1151 2037 1171 eximitur

1877 1916 1978 1936 X'attdatto
1992 1922 2051 1942 prae*

1866 1949 1933 1967 sentis
1949 1948 2050 1967 muntini-

1867 1979 1936 1998 tionis.
