2274 3265
213 278 263 303 Αιι.
283 277 310 302 C.
329 278 393 303 Ιῖἕὶῖι

224 829 323 848 Ordinem
347 835 377 854 pii

211 862 296 879 utentes
308 866 383 886 ηιιιιιιιι

210 893 234 910 ilai
262 892 286 910 de

210 922 300 942 debeant
333 929 352 941 s.

209 954 287 973 lacere.

308 893 384 911 ini-titi
381 898 397 911 ιιι

464 267 531 299 122

412 343 482 363 cuin
512 344 526 363 a
557 329 645 363 vobis
665 341 760 375 super
787 329 848 363 boc
870 327 985 362 fuerint
1007 328 1165 374 requisiti,

411 380 570 424 deponere
597 378 740 412 liabitum
782 377 963 412 huiusmodi
998 389 1053 424 per
1086 388 1165 411 cen-

411 440 515 461 suram
544 427 799 470 ecclesiasticam,
826 426 995 461 cuiuslibet
1026 425 1163 473 appella-

413 478 508 511 tionis
531 476 621 511 obice
645 490 705 511 nou
735 476 890 515 obstante,
926 476 1042 510 arctius
1077 487 1165 511 com-

413 527 579 573 pellantur.
603 525 695 567 Quod
719 527 743 559 si
774 526 867 560 iidem
904 525 1081 560 dioecesani
1118 524 1163 559 vel

412 575 561 609 ordinarii
586 575 615 609 id
647 576 769 610 efficere
805 575 959 609 malitiose
999 574 1076 608 forte
1108 586 1164 608 ne-

412 625 579 670 glexcriot,
608 633 774 672 postquam
803 637 818 659 a
843 624 931 659 vobis
958 624 1004 658 vel
1042 624 1164 657 nunciis

414 674 525 708 vestris
552 687 646 720 super
674 675 733 708 lioc
766 674 907 721 requisiti
953 673 1093 727 fuerint,
1134 672 1163 705 iu

412 725 632 770 suspensionis
654 724 802 771 laqueum
827 722 997 757 incidant
992 735 1058 767 ipso
1073 722 1162 755 lacto

461 775 559 828 528.
584 773 762 808 Adiicimus
784 772 889 826 etiam,
913 771 996 818 quod
1037 785 1061 804 5ι
1102 770 1164 804 ali-

379 824 486 869 quis
510 823 538 856 in
567 823 674 869 aliquo
710 821 972 856 monasteriorum
998 820 1043 854 iel
1080 820 1166 854 loco-

416 885 483 906 rum
503 881 678 907 v·estiorum
697 871 868 919 piofessus,
890 877 961 904 ante
986 870 1164 914 ingressum

387 933 509 956 5ιιιιιιι
534 922 562 955 iu
592 922 789 967 religionem
817 919 977 974 aliquibus
1011 918 1165 965 personis,

416 970 674 1005 universitatibus
708 970 752 1003 vel
792 969 945 1015 collegiis,
977 968 1015 1002 ‹le
1049 967 1166 1014 quibus

416 1032 615 1067 quorumque
643 1018 827 1054 nominibus
855 1018 1004 1053 memoria
1039 1018 1167 1064 penitus

418 1083 478 1103 noo
507 1069 651 1113 habetur,
693 1069 723 1103 in
757 1068 859 1115 aliqua
895 1068 1068 1114 quantitate
1110 1079 1166 1114 pe-

416 1119 540 1162 cuniae,
563 1119 609 1153 vel
643 1118 680 1153 ad
714 1118 946 1152 restitutionem
989 1117 1164 1164 aliquarum

417 1181 519 1203 rerum
547 1176 630 1203 esset
662 1167 831 1211 obnoxius,
867 1166 950 1201 illam
992 1176 1020 1201 et
1061 1179 1166 1201 rerum

415 1218 667 1253 aestimationem
690 1216 730 1251 ab
756 1229 794 1251 eo
833 1216 914 1252 licite
950 1216 1102 1262 recipere,
1138 1224 1167 1250 et

418 1269 446 1301 ιιι
476 1267 554 1302 locis
576 1267 698 1307 vestris,
716 1267 747 1301 in
781 1266 897 1312 quibus
925 1265 1075 1312 expedire
1115 1265 1167 1299 vi—

415 1316 554 1357 debitur,
583 1317 612 1351 iu
648 1328 727 1350 usus
761 1315 854 1350 utiles
888 1322 1071 1350 convertere
1114 1327 1167 1349 va-

416 1366 516 1409 leatis,
540 1376 568 1400 et
604 1365 788 1400 huiusmodi
823 1364 1068 1399 satisfactionem
1107 1365 1166 1398 im-

417 1415 569 1461 pendens,
597 1427 613 1449 a
643 1415 852 1462 praestatione
873 1414 1096 1449 satisfactionis
1122 1413 1166 1448 al-

416 1466 514 1499 terius
536 1473 697 1499 remaneat
718 1463 893 1499 absolutus.

463 1515 562 1559 529.
585 1513 750 1560 Nullisque
779 1513 935 1558 religiosis
968 1512 1013 1546 vel
1051 1524 1166 1547 saecu—

308 1578 318 1590 υ
336 1576 396 1610 sev-
414 1564 542 1603 laribus,
565 1564 796 1609 cuiuscumque
825 1571 923 1597 status
963 1562 1007 1596 vel
1048 1562 1165 1596 condi-

211 1608 218 1620 ι
233 1609 242 1620 “
267 1640 270 1651 ,
289 1607 370 1652 ζῖ’“,.“””
390 1611 398 1615 ’
414 1614 508 1647 ιιιιιιι5
530 1614 677 1656 existant,
701 1613 793 1647 liceat
819 1611 1000 1667 aliquoi-nm
1035 1623 1164 1657 corpora

412 1662 647 1717 defunctorum,
674 1661 763 1696 vobis
786 1662 890 1695 invitis
923 1660 1029 1707 (quod
1060 1661 1166 1708 probi-

413 1713 547 1755 bemus),
572 1712 696 1766 penitus
720 1713 748 1745 iu
772 1711 884 1746 vestris
911 1711 1051 1766 sepelire
1092 1723 1165 1745 coe-

412 1763 561 1802 unieriis,
585 1773 641 1795 nec
682 1761 711 1794 in
748 1760 958 1803 monasteriis,
1000 1760 1164 1798 ecclesiis

413 1810 601 1858 prioratibus
623 1818 651 1845 et
673 1810 742 1845 aliis
764 1810 843 1845 locis
865 1811 974 1845 vestris
997 1810 1163 1844 missarum

411 1860 563 1895 solemnia
603 1860 648 1894 vel
691 1867 886 1894 mortuorum
930 1858 1030 1894 officia
1074 1859 1165 1895 cele-

414 1911 513 1944 brare

1009 274 1193 296 inminutum
1219 273 1307 295 ROMA
1314 274 1378 295 Ntuu

1207 335 1275 373 gata
1299 327 1427 361 forsitan
1452 326 1643 369 videientur‚
1667 332 1722 359 aut
1743 325 1807 359 de
1802 325 1959 372 iis„quae

1209 388 1264 423 pro
1298 375 1456 416 domibus,
1493 374 1640 421 praediis,
1676 373 1787 418 liortis,
1829 375 1958 420 aliisque

1209 425 1285 460 locis
1311 425 1458 460 emendis
1481 424 1570 459 vobis
1607 423 1764 469 legantur;
1798 421 1837 457 de
1872 422 1961 458 obla-

1208 475 1346 509 tionibus
1369 487 1496 522 quoqu«
1520 481 1549 507 et
1577 472 1822 507 obventionibus
1855 473 1960 513 etiam,

1206 536 1284 578 quas
1307 525 1473 559 occasione
1509 523 1669 566 functum,
1700 529 1731 556 et
1766 521 1845 561 aliis
1881 534 1962 569 quae

1209 574 1275 607 iure
1314 573 1518 607 iustitutionis
1557 585 1612 606 scu
1651 571 1875 615 successionis,
1910 579 1963 606 aut

1207 622 1298 669 legati
1323 622 1367 657 vel
1398 622 1507 663 relicti,
1531 629 1584 657 aut
1616 620 1688 656 fidei
1725 621 1888 656 commissi
1923 620 1960 654 ad

1208 684 1273 715 vos,
1302 680 1332 706 et
1354 671 1515 711 eeclesias,
1538 679 1568 705 et
1592 671 1656 705 loca
1685 679 1807 713 vestra,
1837 669 1962 717 pietatis

1208 721 1320 756 intuitu
1351 721 1497 756 devenire
1533 720 1712 767 contigerit,
1754 719 1830 754 nulli
1871 727 1961 754 tene-

1206 771 1302 805 amini
1330 770 1476 804 iustitiam
1496 782 1550 805 seu
1575 771 1749 817 portionem
1773 769 1957 805 canonicam

1207 819 1368 854 exhibere:
1396 827 1427 854 et
1449 820 1485 854 ad
1510 820 1569 854 lioc
1597 831 1651 853 vos
1678 819 1880 854 decernimus
1901 818 1961 853 ali-

1208 877 1364 916 quatenus
1392 881 1452 903 non
1481 869 1592 903 teneri.

1257 919 1276 965 5
1300 920 1356 953 5⁶2.
1380 918 1549 953 Caeterum
1572 930 1644 952 cum
1670 917 1770 953 felicis
1807 917 1962 953 recorda-

1209 968 1303 1002 tionis
1339 967 1543 1002 Innocentius
1581 966 1665 1013 Papa
1703 975 1835 1014 quartus
1870 979 1961 1015 prae-

1208 1019 1357 1053 decessor
1380 1026 1485 1052 noster
1506 1017 1579 1052 olim
1600 1016 1723 1051 duxerit
1745 1017 1961 1061 statuendum,

1210 1076 1241 1103 ut
1264 1067 1400 1114 exempti
1414 1075 1673 1114 quantacumque
1694 1066 1852 1112 gaudeant
1866 1066 1962 1101 liber-

1210 1126 1283 1159 tate3
1319 1116 1525 1151 nihilomiuus
1562 1124 1663 1150 tamen
1702 1115 1821 1151 ratione
1856 1115 1962 1151 delicti

1209 1181 1264 1203 sen
1292 1174 1483 1205 contractus
1510 1173 1564 1200 aut
1599 1165 1655 1204 rei,
1692 1164 1731 1199 de
1765 1177 1825 1212 qua
1857 1174 1963 1200 contra

1210 1218 1294 1264 ipsos
1316 1217 1429 1262 agitur,
1454 1215 1510 1249 rite
1527 1215 1662 1270 possint
1689 1226 1795 1249 coram
1824 1215 1963 1250 locorum

1209 1267 1377 1301 ordinariis
1399 1264 1574 1304 conveniri,
1610 1272 1641 1299 et
1674 1263 1716 1298 illi
1757 1264 1860 1311 quoad
1905 1264 1964 1298 boc

1209 1329 1297 1351 suam
1327 1316 1356 1350 in
1381 1316 1466 1361 ipsos
1489 1313 1748 1355 iurisdictionem,
1794 1322 1886 1361 prout
1918 1314 1965 1348 ius

1209 1366 1317 1412 exigit,
1345 1376 1502 1400 exeiceime
1527 1363 1592 1398 Nos
1615 1362 1713 1397 vobis
1743 1369 1777 1397 ut
1798 1363 1965 1398 occasione

1209 1414 1441 1449 constitutionis
1463 1412 1650 1448 huiusmodi
1674 1411 1796 1446 nullum
1834 1411 1965 1447 liberta-

1209 1465 1292 1499 tibus
1319 1472 1350 1499 et
1378 1462 1633 1498 immunitatibus
1665 1473 1721 1496 seu
1758 1461 1965 1517 indulgentiis

1209 1514 1256 1548 vel
1281 1514 1477 1561 privilegiis,
1503 1512 1591 1546 iobis
1631 1520 1661 1547 et.
1699 1511 1900 1546 monasteriis
1933 1519 1962 1545 et

1209 1564 1286 1598 locis
1309 1564 1419 1598 vestris
1442 1574 1497 1609 per
1532 1574 1589 1596 nos
1629 1566 1689 1605 (ut
1729 1560 1964 1616 praemittitur)

1207 1613 1377 1660 apostolica
1400 1611 1586 1647 auctoritate
1621 1611 1797 1651 concessis,
1836 1610 1965 1657 praeiu-

1207 1663 1326 1697 dicium
1345 1670 1525 1709 genet-,etur
1547 1660 1731 1695 auctoritate
1760 1659 1847 1694 vobis
1873 1672 1964 1707 prae—

1207 1713 1342 1747 sentium
1345 1689 1583 1758 Dindulgemus.

1256 1762 1356 1809 555.
1398 1761 1570 1808 Propterea
1607 1759 1803 1807 proponendi
1845 1758 1962 1806 populo

1209 1812 1337 1846 verbnm
1366 1810 1437 1851 Dei,
1460 1817 1491 1845 et
1514 1809 1610 1844 dandi
1627 1808 1776 1844 omnibus
1798 1820 1869 1843 vere
1892 1820 1965 1855 poe-

1208 1861 1382 1896 nitentibus
1404 1869 1434 1896 et
1464 1859 1641 1904 confessis,
1684 1859 1739 1906 qui
1776 1858 1960 1893 huiusmodi

1209 1910 1432 1957 praedicationi
1456 1909 1608 1944 interesse
1633 1907 1804 1948 voluerint,
1825 1906 1963 1962 quadra-

1976 270 2026 296 Αιι.
2044 269 2070 296 C.
2092 270 2158 297 ¹29ss

1989 928 2098 955 Exemptio
2110 935 2120 948 n
2133 930 2162 949 iu-

1976 960 2101 980 risdicuonc
2124 966 2162 980 or-

1977 991 2103 1011 dinariorum
2122 991 2161 1016 tl).

1989 1768 2012 1790 1³.
2019 1770 2128 1789 medicandi
2136 1769 2165 1789 ta-

1979 1799 2046 1820 cultas
2058 1799 2100 1826 ej:

461 1959 481 2005 5
508 1962 566 1993 50.
605 1957 770 2005 Nullisque
802 1970 840 1992 ex
875 1958 985 1993 vestris
1026 1958 1166 1992 monacis

228 2048 231 2050 v
251 2046 253 2049 ¹
295 2046 298 2049 ,
413 2007 560 2042 fratribus
582 2016 612 2042 et
630 2008 790 2042 conversis
810 2008 931 2042 licitum
951 2008 989 2041 sit
1004 2007 1164 2063 cuiquam,

213 2047 398 2096 fssllss‘sslssife'ssf.
412 2057 532 2104 alisque
555 2058 764 2104 praelatorum
787 2069 918 2092 suorum
942 2056 1079 2100 licentia,
1105 2057 1163 2091 nisi

214 2113 243 2126 “¹¹
414 2107 559 2153 praelatis
588 2107 665 2153 ipsis
691 2119 747 2142 sua
771 2106 912 2141 confiteri
942 2114 1078 2153 peccata.

460 2156 559 2203 55l.
588 2155 803 2191 Concedimus
827 2168 956 2203 quoque
994 2155 1092 2195 vobis,
1133 2167 1163 2190 ιιι

214 2221 254 2255 1ιι.
271 2218 347 2252 matii
364 2218 396 2237 vei
412 2206 449 2240 ile
473 2207 522 2249 iis,
549 2219 629 2253 quae
654 2206 681 2239 in
711 2207 918 2249 ornamentis,
943 2206 986 2239 vel
1023 2217 1078 2252 pro
1108 2205 1165 2249 eis,

214 2248 355 2300 ζξ,ξ“ζ”“ξ-,,ζ“,ξζ““
373 2256 394 2267 “’
412 2264 462 2289 aut
490 2256 588 2298 libris,
616 2255 744 2297 fabrica,
772 2254 994 2299 luminaribus,
1017 2255 1166 2289 anniver-

413 2306 505 2345 sario,
533 2305 681 2353 septimo,
706 2305 869 2351 vigesimo,
894 2305 1068 2350 trigesimo,
1099 2304 1164 2339 sive

412 2354 482 2388 :iliis
504 2355 541 2390 ad
568 2365 755 2402 perpetuum
779 2354 897 2390 cultum
925 2354 1080 2394 divinum,
1108 2365 1165 2389 seu

414 2417 469 2450 pro
493 2405 631 2452 pitantiis
657 2413 711 2439 aut
741 2404 823 2439 victu
864 2404 901 2438 ad
937 2403 1165 2439 substentatio-

414 2467 484 2488 nem
513 2463 659 2496 vestram,
688 2454 733 2489 vel
762 2454 959 2489 indumentis
980 2460 1011 2488 et
1045 2452 1166 2488 calcea-

1207 1960 1293 2006 ginta
1321 1959 1443 1994 dierum
1473 1958 1704 2005 indulgentiam
1728 1957 1767 1992 de
1812 1957 1964 1992 iniunctis

1207 2011 1254 2044 eis
1277 2009 1493 2057 poenitentiis.

1257 2059 1277 2105 5
1299 2062 1356 2094 54.
1379 2057 1538 2094 Audiendi
1563 2069 1690 2104 quoque
1722 2056 1963 2100 confessiones,

1208 2117 1239 2143 et
1267 2108 1452 2155 iniungendi
1481 2107 1701 2155 poenitentias,
1724 2115 1753 2141 et
1778 2084 1963 2152 imponendi

1207 2157 1439 2193 ahsolutionem
1460 2157 1597 2192 debitam
1627 2168 1683 2202 pro
1705 2155 1871 2195 confessis;
1892 2167 1962 2190 con-

1209 2208 1327 2243 ferendi
1363 2208 1455 2243 etiam
1495 2206 1706 2241 ecclesiastica
1745 2213 1962 2244 sacramenta,

1209 2265 1269 2292 tam
1293 2257 1475 2292 bominibus
1496 2264 1527 2291 et
1554 2254 1695 2290 vassallis
1723 2255 1844 2298 vestris,
1867 2266 1961 2301 quam

1208 2308 1342 2342 caeteris
1363 2305 1634 2342 christifidelibus.

1257 2357 1277 2403 5
1312 2359 1369 2392 55.
1404 2355 1534 2391 Necnon
1576 2354 1713 2389 habendi
1749 2362 1778 2388 et
1816 2353 1961 2401 pulsandi
1986 2358 2163 2410 euigipumnpui-

1208 2419 1378 2453 campanas
1406 2406 1456 2441 die
1479 2412 1609 2451 noctuq.
1637 2404 1676 2439 ad
1699 2403 1792 2438 boras
1825 2402 1962 2438 canoni·
1978 2395 2036 2410 ⁵⁵⁰¹

1207 2469 1272 2496 cas,
1306 2464 1337 2491 et
1369 2456 1637 2503 quandocumque
1673 2453 1712 2488 de
1754 2461 1854 2488 vestra
1889 2464 1962 2499 pro-

1207 2507 1337 2541 cesserit
1360 2506 1529 2549 voluntate,
1557 2505 1676 2551 absque
1703 2503 1859 2549 cuiusque
1882 2514 1962 2537 con-

1209 2555 1401 2591 tradictionis
1422 2556 1559 2590 obiectu.

1243 2622 1283 2657 (1)
1302 2622 1367 2648 Vide
1383 2622 1464 2648 Cone.
1482 2622 1567 2653 Trio„
1589 2628 1655 2647 sess.
1678 2621 1721 2647 ‘25-
1738 2627 1763 2646 c.
1787 2621 1814 2645 11
1839 2625 1863 2645 et
1884 2620 1924 2645 tu.

1244 2662 1283 2696 (ἢ)
1305 2662 1381 2693 ltem,
1402 2669 1469 2688 sess,
1490 2662 1535 2689 Ἧι,
1552 2669 1610 2695 cap.
1630 2661 1655 2686 4.

226 2015 333 2035 Personae
361 2020 396 2033 or-

1998 2065 2160 2088 confessionu-

1977 2102 2017 2124 que
2033 2098 2131 2119 audiendi
2141 2106 2143 2109 ·

415 2504 527 2538 inentis
548 2504 671 2548 vestris,
695 2515 817 2539 necnon
848 2516 904 2550 pro
931 2503 1046 2538 annuis
1086 2514 1165 2537 cen-

413 2553 500 2588 sibus
521 2553 725 2594 redimendis,
747 2553 784 2588 ad
805 2565 938 2600 quorum
973 2551 1163 2587 solutionem

414 2603 515 2648 aliqua
546 2603 748 2647 monasteria,
781 2603 944 2646 ecclesiae,
985 2600 1165 2648 prioratus,

415 2652 567 2691 membra,
595 2652 715 2700 aliaque
743 2652 810 2687 loca
825 2652 916 2687 vestri
936 2650 1054 2686 ordinis
1076 2649 1165 2686 obli-
