2274 3265
224 277 273 303 An.
292 276 321 302 C.
341 275 406 302 ¹558

246 1409 337 1431 remim
362 1415 417 1429 non-

234 1440 286 1461 mnu
298 1440 419 1461 mentatum

237 1472 358 1493 eorumdem

472 265 540 296 >tt8

1005 267 1190 291 Bt‘LLAttttm
1215 265 1373 287 ttotttANttM

421 328 505 364 omni
534 325 641 360 fraude
669 336 704 358 ac
730 323 802 358 dolo
824 334 919 370 super
952 322 1011 357 boc
1041 333 1170 369 prorsus
1211 319 1331 352 stitutio
1355 316 1504 351 facienda.
1528 316 1574 350 De
1598 315 1724 349 incertis
1747 327 1818 349 vero
1840 315 1964 349 damnis

421 376 567 412 exclusis.

470 425 490 472 ἓ
508 428 540 458 9.
558 422 653 457 tidem
673 432 800 467 quoque
824 419 1060 454 poenitentiarii
1082 430 1171 452 man-

228 487 408 519 uoetttgucpeyeon
422 483 508 508 suete
530 485 565 506 ac
587 471 678 505 etiam
694 470 875 504 charitative
890 468 1019 503 audiant
1048 475 1171 513 peccata

225 523 279 567 :Hs
294 517 406 570 {2223ssss

422 535 475 557 seu
488 520 705 556 confessiones
718 519 856 555 tttorum,
869 518 922 564 qui
936 516 1173 552 confitebuntur

422 571 556 612 eisdem,
595 577 624 603 et
664 569 750 615 ipsos
773 566 937 601 absolvant
977 566 1006 599 in
1047 564 1174 599 casibus

422 622 582 655 dumtaxat
624 618 668 651 cis
703 616 862 651 concessis
893 616 957 649 sive
994 614 1172 661 permissis:

424 682 481 704 nec
508 668 695 702 confitentes
728 665 857 700 eosdem
893 665 933 699 ob
957 671 1173 710 paupertatem

424 718 469 753 vel
492 718 649 752 abiectum
673 724 789 750 statum
813 726 936 753 eorum,
966 713 1010 746 vel
1034 711 1175 758 quemvis

423 768 518 801 alium
542 765 699 800 desectum
734 763 945 808 dedignemur
971 761 1101 799 audit-e,
1131 758 1176 792 vel

423 817 505 851 circa
528 827 582 849 ros
604 826 696 847 suum
720 812 857 846 officium
874 823 1040 850 exercere;
1063 809 1177 843 dictos-

424 877 486 912 que
509 864 695 899 confitentes
724 870 851 908 propter
877 860 1095 894 enormitatem
1130 857 1176 890 vel

426 914 651 960 turpitudinem
671 919 886 958 peccatorum,
909 920 989 956 quae
1009 908 1038 941 iu
1058 906 1180 941 conses-

425 964 513 998 sione
536 962 733 1003 detexerint,
772 971 834 994 non
872 959 967 992 minis
993 964 1179 1002 exasperent

425 1011 597 1058 arguendo.
622 1010 674 1044 sed
703 1022 758 1044 eos
792 1008 944 1055 patienter
965 1006 1109 1045 audiant;
1151 1013 1179 1038 et

428 1074 481 1108 per
503 1060 648 1095 salutaria
685 1058 802 1093 monita
826 1056 993 1103 diligenter
1017 1055 1180 1097 inducant,

428 1119 498 1145 uta
527 1109 641 1144 talibus
670 1107 806 1154 peccatis
842 1107 973 1140 omniuo
1009 1104 1180 1145 desistant,

427 1168 457 1194 et
479 1159 516 1193 ab
539 1158 608 1193 aliis
642 1158 734 1191 etiam
769 1156 1023 1204 quibuscumque
1057 1152 1182 1187 delictis

428 1217 457 1243 et
480 1208 615 1255 peccatis
636 1207 824 1248 abstineant,
847 1205 905 1243 eis,
927 1204 1037 1237 saltem
1068 1203 1096 1236 in
1125 1214 1183 1247 ge-

431 1258 539 1298 nerali,
556 1257 710 1291 malorum
732 1266 848 1301 poenas
874 1262 902 1287 et
919 1253 1072 1286 bonorum
1097 1263 1184 1298 prae-

432 1307 491 1341 mia
513 1305 682 1340 salubriter
705 1303 905 1351 exponendo.

479 1359 495 1399 ,ξ
523 1357 574 1389 to.
597 1353 711 1389 Nullus
731 1362 836 1387 autem
860 1350 1044 1385 eorumdem
1068 1349 1184 1382 Poeni-

434 1405 650 1438 tentiariorum
676 1414 730 1449 pro
758 1399 939 1435 huiusmodi
975 1397 1185 1432 confessioni—

435 1453 494 1487 bus
529 1453 575 1486 vel
598 1451 861 1493 absolutionibus,
884 1449 929 1482 vel
952 1448 1023 1482 attis
1044 1456 1187 1493 spectan-

437 1502 521 1536 tibus
547 1502 584 1536 ad
622 1500 758 1535 officium
793 1498 977 1533 corumdem
1013 1495 1184 1543 quidquam

438 1564 493 1598 per
525 1563 559 1584 se
595 1550 641 1584 vel
664 1550 759 1583 alium
801 1549 904 1593 exigat
931 1546 977 1579 vel
1013 1553 1093 1591 petat
1130 1557 1185 1578 seu

438 1600 578 1647 recipiat,
605 1599 698 1633 etiam
721 1598 819 1644 gratis
841 1597 993 1634 oblatum,
1018 1595 1062 1627 vel
1091 1595 1185 1628 etiam

437 1649 497 1684 sub
524 1648 616 1683 titulo
659 1648 705 1682 vel
729 1646 834 1693 specie
862 1645 1105 1690 eleemosynae,
1141 1643 1186 1677 vel

436 1699 496 1733 alio
518 1698 631 1745 quovis
658 1696 768 1730 modo:
798 1695 965 1741 nullusque
989 1705 1098 1727 eorum
1132 1692 1189 1726 ab·

436 1748 535 1782 solvat
575 1747 620 1781 vel
656 1746 817 1792 dispenset
844 1745 979 1778 scienter
1014 1742 1043 1776 in
1083 1741 1188 1787 aliquo

437 1808 508 1830 casu
547 1795 604 1829 sibi
643 1807 704 1828 non
747 1794 910 1841 permisso.
956 1791 1068 1825 Nullus
1095 1791 1187 1824 etiam

437 1845 620 1880 eorumdem
640 1855 833 1891 quemquam
853 1843 990 1876 scienter
1012 1839 1150 1874 absolvat
1172 1852 1189 1873 a

439 1901 567 1941 peccato
596 1893 641 1926 vel
670 1892 805 1939 peccatis
827 1890 988 1938 aliquibus
1024 1889 1054 1923 in
1085 1888 1190 1935 aliquo

438 1955 511 1978 casu
534 1941 696 1987 ambiguo,
720 1941 765 1975 vel
796 1941 824 1974 in
853 1941 937 1974 dicto
964 1951 1036 1973 casu
1060 1937 1191 1983 dispen-

439 2000 484 2027 set
507 2004 578 2026 cum
601 1991 719 2037 aliquo⁷
743 1990 799 2024 nisi
823 1989 862 2024 de
884 1987 1012 2036 speciali
1043 1986 1191 2021 mandato

440 2040 572 2076 Romani
596 2038 760 2074 Pontil'tcis
800 2040 845 2073 vel
865 2037 1100 2072 Poenitentiarii
1124 2049 1192 2070 ma-

441 2090 525 2131 ioris⁷
540 2090 590 2123 cui
602 2097 746 2124 teneatur
762 2089 938 2134 exprimere
950 2087 1069 2121 dictum
1084 2097 1190 2120 casum

440 2140 508 2174 sine
535 2138 670 2173 alicuius
698 2137 886 2173 revelatione
915 2136 962 2170 vel
989 2135 1192 2182 expressione

441 2200 616 2235 personae:
664 2199 767 2234 neque
800 2187 942 2232 iniungat
985 2183 1193 2230 poenitentias

442 2237 651 2284 pecuniarias,
665 2248 812 2283 expresse
828 2235 901 2274 sibi,
917 2235 961 2268 vel
978 2233 1070 2268 alicui
1091 2241 1193 2267 certae

441 2298 606 2332 personae,
629 2286 675 2320 vel
710 2284 823 2319 Ordini
851 2296 920 2326 suo,
947 2283 992 2316 vel
1015 2282 1102 2317 alteri
1131 2294 1193 2328 ap·-

442 2335 611 2381 plicandas.
640 2334 892 2370 Satisfactiouem
922 2344 993 2366 vero
1022 2331 1067 2366 vel
1097 2331 1193 2365 resti-

443 2385 597 2419 tutionem
622 2384 835 2431 pecuniariam
871 2381 918 2416 vel
942 2382 1056 2415 realem
1080 2392 1190 2427 qnam-

442 2445 577 2481 cumque
601 2441 730 2475 certam,
752 2445 807 2466 seu
825 2432 862 2466 de
879 2431 971 2465 certis
995 2443 1050 2478 per
1071 2430 1195 2475 aliquos

443 2482 650 2517 exhibendam
675 2482 828 2528 iniungat,
847 2489 877 2514 et
899 2480 964 2514 lieri
989 2479 1113 2514 mandet
1152 2478 1194 2511 illi

444 2531 492 2565 vel
516 2532 577 2566 illis
601 2539 734 2569 tantum,
758 2530 874 2576 quibus
904 2541 959 2575 pro
995 2528 1117 2563 damnis
1152 2527 1196 2560 eis

443 2579 552 2619 illatis,
577 2580 623 2614 tel
641 2580 736 2614 rebus
751 2579 873 2619 ablatis,
891 2577 1019 2612 velabis
1042 2576 1197 2610 similibus

444 2628 570 2664 casibus
590 2628 682 2663 fuerit
713 2628 845 2662 emenda
865 2626 1063 2674 praestanda,
1086 2625 1132 2660 vel
1153 2636 1198 2659 re-

1213 367 1330 409 illatis,
1366 367 1411 399 vot
1449 365 1543 398 rebus
1564 363 1698 402 ablatis,
1725 375 1798 397 cum
1823 364 1965 398 videlicet

1214 417 1400 461 ignorantur
1429 424 1581 460 personate
1605 412 1652 446 vel
1677 412 1755 450 loca.
1782 412 1899 458 quibus
1920 412 1966 447 l'a-

1214 465 1322 499 cienda
1352 465 1387 497 sit
1432 462 1598 500 restitutio,
1634 461 1679 495 vel
1708 461 1839 495 emenda
1885 474 1966 506 prac-

1214 513 1346 555 standa,
1382 511 1453 546 dicti
1488 511 1627 544 minores
1665 509 1902 544 poenitentiarii
1934 522 1968 544 se

1217 562 1398 596 nullatenus
1426 560 1649 599 intromittant3
1673 558 1728 592 sed
1762 558 1838 593 baec
1862 558 1969 593 remit-

1217 619 1279 645 tant
1312 610 1419 644 ntaiori
1444 608 1691 643 Poeniteutiario
1713 607 1914 653 supradicto:
1943 608 1968 640 si

1217 671 1309 694 secus
1332 658 1463 693 fecerint
1485 658 1619 703 graviter
1643 656 1809 703 puniendi.

1266 709 1286 755 S
1315 711 1327 742 1
1343 711 1369 741 l.
1386 707 1488 761 lidum
1500 718 1628 753 quoque
1643 705 1880 740 Poenitentiarii
1905 717 1972 738 mu-

1221 863 1402 889 teneantur:
1429 855 1487 888 nisi
1511 854 1664 887 dictarum
1694 853 1864 887 mulierum
1883 852 1973 885 iufir—

1221 905 1312 938 mitas
1347 904 1391 937 vel
1419 911 1520 937 status
1548 914 1655 936 earum
1679 901 1860 936 sublimitas
1890 901 1972 935 aliud

1220 954 1358 999 exigeret
1381 951 1581 986 faciendum:
1605 951 1661 986 sed
1684 951 1743 985 boc
1767 950 1878 985 ultimo
1901 962 1973 984 casu

1222 1003 1252 1036 in
1293 1003 1395 1048 aliqua
1432 1001 1561 1035 ecclesia
1599 1009 1629 1034 et
1673 1001 1702 1034 in
1746 1000 1818 1034 loco
1856 1001 1973 1046 patenti

1222 1051 1353 1086 audiant
1373 1051 1590 1085 consessiones
1611 1061 1731 1084 earum.
1748 1048 1897 1083 Virorum
1912 1060 1976 1082 au-

1223 1109 1284 1135 tem
1313 1100 1529 1135 consessiones
1560 1099 1588 1132 in
1628 1098 1792 1144 praedicto
1827 1098 1896 1132 loco
1931 1098 1977 1132 eis

1223 1150 1374 1196 deputato
1389 1158 1556 1183 teneantur
1570 1148 1697 1189 audire3
1718 1147 1776 1181 nisi
1792 1146 1976 1181 eorumdem

1225 1200 1359 1233 virorum
1376 1197 1540 1232 infirmitas
1558 1197 1602 1230 vcl
1622 1209 1774 1244 personae
1798 1195 1979 1230 confitentis

1225 1256 1324 1282 status
1363 1255 1393 1282 et
1416 1247 1554 1281 conditio
1578 1246 1661 1279 aliud
1686 1245 1819 1280 suaserit
1859 1245 1979 1279 tacien-

1226 1297 1313 1331 dum.

1274 1346 1294 1392 g
1318 1348 1372 1379 ta.
1403 1345 1530 1379 Eisdem
1559 1357 1687 1391 quoque
1722 1343 1980 1378 Poenitentiariis

1227 1444 1322 1477 tionis
1338 1456 1392 1477 scu
1410 1442 1657 1489 dispensationis
1682 1442 1819 1485 illorum,
1842 1454 1978 1488 quorum
1995 1450 2006 1463 ¹¹

1228 1542 1323 1581 ciant,
1345 1554 1439 1588 quam
1461 1554 1515 1587 per
1533 1542 1703 1586 scriptores
1717 1539 1981 1575 Poettitentiariae
1996 1537 2035 1556 ‘¹⁵⁰

1230 1599 1367 1629 nostrae,
1391 1592 1443 1638 qui
1471 1590 1508 1624 ad
1533 1589 1670 1624 officium
1691 1588 1872 1624 huiusmodi
1895 1588 1982 1624 Scri-

1232 1640 1348 1686 ptoriae
1385 1652 1439 1685 per
1475 1638 1656 1673 Romanum
1694 1638 1880 1672 Pontificem
1910 1647 1982 1673 sunt

1232 1690 1276 1723 vel
1306 1688 1422 1723 suerint
1446 1688 1601 1734 deputati.

1279 1739 1299 1784 5¹
1328 1740 1382 1772 15.
1413 1737 1494 1772 Dicti
1523 1750 1648 1784 quoque
1671 1736 1910 1771 Poenitentiarii
1931 1736 1982 1770 sra-

1231 1835 1424 1870 detractione
1441 1844 1471 1870 et
1497 1836 1708 1870 aemulatione
1736 1847 1866 1882 prorsus
1887 1834 1986 1870 absti—

1232 1894 1350 1926 neant,
1380 1886 1530 1932 pacisque
1559 1885 1676 1919 bouum
1694 1912 1703 1927 ,
1738 1893 1768 1918 et
1799 1884 1986 1919 concordiae

1232 1935 1386 1969 unitatem
1410 1942 1536 1968 teneant
1558 1942 1588 1967 et
1610 1934 1788 1968 observent.

1281 1984 1301 2031 S
1325 1987 1380 2018 14.
1398 1983 1554 2018 Volumus
1576 1993 1693 2026 autem,
1716 1982 1801 2030 quod
1825 1983 1851 2017 si
1874 1982 1986 2017 diebus

1233 2033 1401 2068 domiuicis
1428 2033 1475 2067 vel
1501 2033 1629 2073 festivis,
1657 2032 1774 2079 quibus
1800 2031 1874 2066 dicti
1907 2030 1987 2066 Poe-

1234 2082 1403 2116 niteutiarii
1432 2081 1469 2116 ad
1490 2082 1656 2116 ecclesiam
1682 2081 1728 2115 vel
1760 2081 1863 2115 locum
1892 2081 1986 2115 alium

1233 2131 1270 2165 ad
1296 2131 1355 2166 hoc
1383 2131 1429 2165 eis
1451 2132 1637 2178 deputatum
1667 2143 1729 2165 non
1753 2138 1987 2165 consueverunt

1234 2181 1396 2217 accedere.
1421 2179 1592 2215 multitudo
1620 2180 1859 2226 peregrinorum
1883 2191 1987 2225 super-

1236 2230 1356 2265 venerit
1377 2229 1414 2264 ad
1438 2228 1610 2263 Romanam
1626 2228 1755 2264 Curiam
1779 2241 1835 2275 pro
1862 2228 1990 2264 confes—

1235 2279 1378 2313 sionibus
1403 2279 1448 2313 vel
1471 2277 1725 2313 absolutionibus
1752 2290 1806 2312 seu
1830 2277 1991 2323 dispensa-

1237 2328 1376 2362 tionibus
1398 2327 1605 2366 obtinendis,
1641 2328 1714 2361 dicti
1751 2326 1989 2361 Poenitentiarit

1235 2390 1346 2412 omnes
1364 2387 1393 2412 et
1412 2377 1541 2424 singuli,
1563 2377 1588 2411 si
1613 2376 1671 2411 boc
1694 2376 1853 2415 sciverint,
1869 2375 1990 2411 eisdem

1237 2426 1349 2460 diebus
1377 2426 1546 2460 dominicis
1573 2434 1601 2460 et
1629 2425 1760 2465 festivis,
1785 2426 1866 2459 iusto
1890 2424 1991 2472 impe—

1237 2476 1377 2510 dimento
1399 2485 1556 2515 cessante,
1585 2475 1622 2509 ad
1650 2474 1794 2509 eamdem
1826 2474 1990 2509 ecclesiam

1237 2537 1292 2559 seu
1308 2525 1412 2560 locum
1437 2525 1532 2559 alium
1556 2525 1593 2558 ad
1617 2524 1677 2558 ltoc
1700 2523 1886 2571 deputatum
1909 2523 1992 2558 dicta

1239 2575 1313 2608 bora
1336 2573 1460 2608 Primae
1484 2586 1539 2620 pro
1563 2573 1692 2607 faciliori
1717 2572 1920 2620 expeditione
1942 2572 1993 2606 di—

1238 2631 1362 2658 ctorum
1384 2623 1622 2670 peregrinorum
1639 2621 1931 2668 supervenientium
1947 2633 1992 2656 ac·

1981 261 2029 286 An.
2048 259 2163 286 (21338

2000 713 2028 733 De
2060 713 2169 733 mulierum

1219 757 1330 792 lierum
1355 755 1570 790 confessiones
1592 755 1700 789 audire
1732 755 1763 788 in
1789 755 1857 789 loco
1881 765 1972 800 prae-
1986 744 2115 795 ἵζ’-,ᾗᾞξῇξ

1219 806 1303 840 dicto
1331 807 1377 840 eis
1403 805 1554 851 deputato
1578 813 1711 843 tantum,
1734 812 1765 837 et
1801 816 1862 837 non
1899 802 1970 836 alibi

2118 750 2172 764 [ὊΩ-

2009 1350 2091 1385 Ltterae
2115 1350 2179 1385 ubso-

1226 1395 1400 1428 districtius
1429 1394 1622 1433 inhibemus,
1651 1406 1689 1427 ne
1719 1392 1824 1427 literas
1851 1392 1980 1426 absotu-
1995 1380 2179 1439 ἓξιᾷζζῖῃᾚῗζ

2011 1444 2036 1463 ist
2067 1444 2180 1477 pei-Ascri-

1227 1492 1444 1526 confossiones
1466 1492 1608 1530 audient,
1633 1504 1687 1538 per
1713 1491 1791 1525 alios
1818 1491 1910 1524 scribi
1935 1490 1981 1524 fa-
1995 1473 2180 1531 iiiiiicifsdciihdeis

2007 1741 2170 1762 poenitentiarii

1231 1787 1406 1821 ternitatent
1441 1787 1574 1820 invicem
1602 1787 1770 1832 diligentes
1804 1798 1819 1819 a
1847 1785 1985 1832 qualibet
2000 1773 2183 1825 “mciiiiiiiussiit‘

2015 1989 2044 2009 De
2067 1989 2186 2015 peregrinis

2001 2019 2146 2047 expediendis,
