2274 3265
198 260 245 286 An.
265 260 291 286 C.
311 258 378 286 t278

210 712 312 737 specialis

199 745 223 762 tte
231 742 338 762 Ecclesiae
350 748 385 762 tu-

200 781 221 793 ra
243 777 262 793 et
279 774 359 793 custodi
364 779 382 792 n

225 2183 254 2201 Ac
270 2182 394 2208 praesertim

213 2213 262 2232 §ede
279 2214 375 2232 vacante:

443 247 490 279 40

394 320 465 359 eget
488 312 684 347 extrinsecus
711 310 861 365 quaesitis
884 310 1006 344 auxiliis
1033 309 1069 343 ad
1103 322 1144 343 rt-

394 361 546 407 gendum,
569 360 621 414 qui
648 371 709 393 non
737 360 824 406 eguit
851 359 888 394 ad
924 358 1142 394 condendum.

394 410 498 451 Quem
539 410 621 444 enim
661 408 768 452 (Sacra
804 407 964 456 Sctiptura
1002 411 1145 447 testante)

395 459 492 493 alium
515 459 678 493 constitnit
701 469 795 504 snper
817 465 943 496 terram,
970 465 1023 491 aut
1051 469 1145 504 qnctn

395 508 490 542 alium
511 508 617 554 posuit
634 519 730 554 snper
751 519 837 547 eum,
856 519 953 554 quum
978 506 1146 540 fabricatus

396 566 440 593 cst
464 556 590 592 orbem?
628 556 773 592 Proiecto
801 556 947 597 nullum3
985 555 1039 589 sed
1082 555 1146 610 ipsc

397 606 484 641 solus
503 607 666 652 regiminis
688 615 716 640 ct
738 584 977 652 gubernationis
1004 613 1051 639 est
1067 605 1147 651 ptin-

398 668 484 703 ceps,
507 656 558 703 qui
582 656 750 690 creationis
777 655 877 689 extitit
907 654 993 688 solus
1028 662 1145 688 auctor:

377 706 468 752 iflise
498 705 625 753 quidem
654 704 813 739 Ecclesiae
842 703 1024 743 catholicae,
1049 715 1149 749 pecu-

398 755 484 791 liaris
507 755 615 803 procul
634 754 731 789 dubio
748 754 861 788 domus
875 765 962 796 suae,
979 752 1148 800 peculiaris

398 806 490 840 etiam
514 804 646 840 civitatis
669 803 756 838 solus
783 802 962 837 aedificator
984 809 1014 836 ct
1029 808 1147 841 custos,

399 854 435 889 ad
459 853 551 889 cuius
579 854 646 888 sine
674 852 747 899 Ipso
774 851 952 887 custodiam
980 862 1034 885 seu
1065 858 1149 884 stru-

399 910 519 938 cturam
543 902 655 937 frustra
680 901 885 936 aedificantes
918 900 968 934 alii
1009 899 1147 933 laborem

397 959 605 991 assumerent,
628 950 742 984 frustra
764 949 911 984 custodes
934 948 1046 983 caeteri
1072 947 1149 992 tigi-

399 1001 511 1041 larent3
534 1008 620 1034 tanto
644 999 743 1045 magis
765 1010 800 1033 ea
820 998 965 1045 specialis
989 996 1149 1043 regiminis

398 1057 428 1083 et
455 1048 618 1084 custodiae
652 1059 726 1082 cura
766 1047 988 1094 prosequitur,
1031 1053 1149 1092 quanto

399 1098 508 1132 maiori
553 1096 770 1143 singularitate
807 1096 992 1130 construxit.
1033 1094 1148 1140 Siqui-

398 1146 470 1182 ‹lem
493 1155 614 1183 caetera
638 1145 733 1179 verbo
756 1157 874 1179 creans:
897 1144 995 1187 Dixit,
1012 1151 1043 1177 et
1072 1143 1147 1177 facta

396 1202 480 1229 sunt:
509 1195 683 1230 Ecclesiam
700 1206 773 1229 vero
789 1206 850 1228 non
874 1194 976 1228 solum
992 1192 1077 1227 verbi
1101 1204 1151 1227 ex-

398 1245 572 1291 pressione,
595 1243 651 1279 sed
673 1252 703 1277 et
735 1243 782 1277 sui
822 1243 947 1290 pretiosi
976 1242 1150 1287 Sanguinis

398 1293 551 1328 effusione
575 1292 728 1327 fundavit.
753 1292 799 1326 Ad
828 1291 924 1326 buius
946 1300 1050 1327 autem
1080 1303 1151 1337 spe-

399 1342 543 1377 cialitatis
570 1341 760 1376 evidentiam
785 1340 951 1388 discipulis
973 1340 1049 1380 suis,
1073 1352 1152 1386 quos

399 1391 541 1425 eiusdem
565 1390 724 1425 Ecclesiae
748 1389 820 1424 fecit
858 1390 943 1424 velut
985 1390 1151 1436 praecipua

401 1439 624 1475 fundamenta:
666 1440 750 1484 E90,
793 1439 964 1485 inquiens,
999 1439 1153 1472 vohiscmn

400 1501 466 1523 sum
488 1502 581 1534 usque
615 1489 657 1523 acl
693 1490 983 1522 consummationem
1025 1489 1149 1525 saeculi,

401 1550 476 1572 snae
514 1538 639 1572 virtutis
672 1537 881 1572 assistentiam
910 1537 1089 1583 repromisit
1124 1544 1153 1570 et

403 1588 462 1634 ipsi
492 1587 681 1622 Ecclesiae
675 1599 704 1620 tn
728 1586 956 1633 Apostolomm
990 1585 1152 1631 Principe

403 1637 452 1671 cui
476 1637 631 1684 cuiusque
649 1635 886 1671 successoribus
904 1634 1061 1670 commisit
1075 1635 1155 1668 eius-

403 1686 474 1720 dem
504 1686 666 1731 regiminis
694 1685 851 1725 vicetiam,
873 1685 925 1720 ait:
953 1685 1019 1729 Eyo
1047 1696 1107 1729 pro
1131 1691 1156 1716 te

402 1737 523 1781 ioqavi,
547 1737 646 1780 Petre,
674 1747 709 1769 ne
736 1736 855 1780 deficiat
882 1736 955 1780 fides
974 1742 1040 1774 lucu·
1069 1745 1156 1768 eam-

404 1784 475 1819 dem
499 1784 629 1831 insuper
657 1784 804 1818 vicariam
829 1784 873 1818 sic
900 1795 969 1818 esse
993 1783 1089 1817 voluit
1116 1783 1155 1815 vi

405 1833 654 1869 cissitudinariae
682 1833 892 1868 successionis
921 1832 1157 1867 continuatione

407 1891 602 1930 perpetuam,
631 1891 664 1917 ut
686 1895 877 1929 quamquam
902 1882 959 1929 ipsi
989 1881 1092 1916 vicarii
1120 1893 1156 1915 ex

407 1932 562 1967 humanae
586 1931 762 1979 fragilitatis
784 1931 965 1966 conditione
987 1931 1046 1976 legi
1073 1942 1158 1964 rnor-

407 1980 537 2016 talitatis
561 1981 690 2021 addicti,
714 1981 792 2015 vitae
816 1980 989 2028 praesentis
1011 1992 1157 2014 occasum

408 2031 540 2077 imperio
563 2030 673 2064 mortis
695 2030 902 2071 incurrerent,
926 2029 1028 2076 ipsum
1054 2037 1157 2063 tamen

409 2080 574 2114 vicariatus
601 2079 738 2114 officium
762 2078 1054 2114 substituendorum
1085 2078 1160 2111 vici-

410 2128 470 2163 bus
493 2129 670 2163 immortale
694 2129 722 2162 in
751 2137 940 2175 perpetuum
974 2136 1158 2162 remaneret.

410 2177 547 2213 Proinde
579 2177 736 2224 saepefata
759 2186 858 2212 mater
881 2177 1020 2211 Ecclesia
1064 2177 1161 2210 inter-

410 2227 484 2261 dum
518 2227 583 2261 utili
623 2226 812 2274 desponsata
845 2226 1002 2270 Pontifici,
1037 2226 1162 2273 nuptia-

409 2275 494 2311 libus
516 2284 623 2312 ornata
656 2276 842 2321 monilibus,
873 2276 932 2311 sub
970 2276 1077 2331 sponsi
1115 2287 1162 2309 sut

411 2325 538 2368 ducatu,
560 2325 702 2361 eiusdem
738 2326 885 2361 Rectoris
907 2326 1050 2360 omnium
1086 2323 1163 2359 diri-

412 2383 507 2421 gente
530 2376 679 2423 potentia,
701 2375 781 2410 laeta
801 2375 978 2410 deducitur.
1002 2373 1161 2409 interdurn

413 2438 485 2460 vero
513 2425 544 2460 in
568 2425 704 2480 pastoris
739 2425 888 2460 subtracti
929 2424 1076 2465 carentia,
1119 2423 1165 2456 vi-

414 2474 543 2509 duitatis
563 2475 678 2510 amictu
706 2474 912 2515 circumdata,
945 2474 1048 2509 oculis
1078 2485 1166 2508 reso-

415 2523 490 2558 lutis
512 2524 542 2558 in
566 2525 709 2560 lacrimas
732 2524 799 2558 eius
814 2524 871 2559 sibi
895 2524 1038 2570 queritur
1061 2522 1168 2557 adem-

417 2580 467 2619 pta
489 2573 610 2618 solatia,
632 2574 769 2609 lamenta
791 2573 829 2608 de
853 2573 936 2607 illius
952 2572 1167 2607 subtractione

417 2621 612 2668 multiplicat,
641 2632 669 2658 et
693 2623 786 2657 anxia
811 2635 865 2670 pro
893 2622 1020 2658 alterius
1048 2621 1167 2656 substi-

978 255 1016 277 1317
1021 255 1057 277 11
1061 255 1165 277 Anum
1187 254 1348 277 ROMANUM

1189 309 1308 343 tutione
1331 307 1458 342 laborat:
1487 317 1524 340 eo
1553 317 1648 352 quam
1675 304 1852 351 prolixius,
1871 316 1934 351 quo

1189 358 1237 399 iis,
1260 369 1394 404 quorum
1424 356 1564 398 interest,
1587 366 1660 388 cum
1689 353 1773 388 omni
1797 353 1936 400 diligen-

1189 407 1227 441 tia
1250 406 1380 441 solerter
1407 417 1441 440 ac
1464 405 1614 439 instanter
1642 402 1786 438 eiusdem
1825 402 1937 439 Eccle-

1188 457 1252 491 siae
1294 454 1464 502 provisioni
1502 453 1696 493 vacantibus,
1730 451 1938 487 nihilominus

1190 514 1291 540 tamen
1317 503 1487 539 vacationis
1510 502 1719 549 prolixitatem
1743 502 1856 547 ingerit
1883 513 1938 536 oc-

1189 555 1381 589 currentium
1412 564 1542 588 casuum
1575 552 1719 598 qualitas,
1743 550 1939 597 aliarumque

1189 604 1497 639 circumstantiarum
1522 602 1704 640 necessitas,
1734 612 1795 635 non
1819 600 1941 634 instan-

1190 654 1267 687 tium
1291 651 1480 699 negligentia
1509 650 1554 684 vel
1588 650 1747 685 v.oluntas
1783 649 1823 684 Et
1865 649 1940 684 licet

1191 703 1313 737 interim
1338 702 1446 736 cadem
1469 699 1623 738 Ecclesia
1653 699 1729 734 dum
1758 698 1796 733 ad
1827 697 1942 733 editio-

1191 763 1261 786 nem
1283 750 1455 798 spiritualis
1476 748 1592 789 Patris,
1616 749 1668 783 filii
1692 747 1865 795 sponsique
1887 759 1942 782 vo-

1191 800 1281 834 tivam
1311 800 1453 843 enititur,
1476 799 1679 845 parturientis
1707 806 1808 844 partes
1841 808 1944 843 expe-

1192 849 1287 893 riens,
1315 855 1445 883 conatus
1487 857 1695 893 prosequens,
1723 854 1753 881 et
1781 845 1943 880 molestias

1193 898 1364 943 perferenS,
1387 896 1520 932 acerbos
1542 894 1668 930 dolores
1689 895 1814 936 sentiat,
1844 895 1944 929 instar

1192 947 1275 981 illius
1297 954 1400 981 tamen
1424 943 1599 980 consultius
1622 944 1772 979 idoneum
1801 943 1943 990 pariendi

1192 1004 1318 1051 tempus
1340 1002 1497 1041 expectat,
1516 1004 1554 1026 ne
1583 993 1760 1028 inconsulte
1798 992 1946 1028 festinan-

1192 1053 1252 1079 ttae
1267 1054 1419 1090 impetum
1443 1051 1565 1090 partum
1591 1042 1773 1089 praecipitet
1799 1042 1828 1076 in
1852 1040 1945 1076 abor-

1194 1102 1269 1128 tum.
1304 1093 1368 1137 Ob,
1403 1093 1497 1138 igitur
1538 1100 1799 1138 praesumptuosa
1828 1089 1944 1125 iudicia

1193 1142 1455 1177 murmurantium
1484 1142 1514 1175 in
1552 1141 1712 1175 Ecclesiae
1752 1139 1944 1186 provisione,

1191 1205 1286 1239 quam
1325 1203 1418 1238 saepe
1452 1190 1579 1236 indigne
1614 1197 1750 1235 arguunt
1790 1188 1945 1229 tarditate3

1194 1254 1263 1276 nam
1309 1241 1366 1275 etsi
1390 1240 1428 1274 tle
1463 1239 1658 1286 providendo
1694 1237 1813 1272 utiliter
1843 1236 1945 1272 eidem

1193 1290 1354 1325 Ecclesiae
1397 1289 1427 1323 in
1463 1288 1667 1335 generalitate
1705 1286 1838 1334 quadam
1883 1287 1947 1321 sint

1193 1339 1376 1386 eligentium
1401 1346 1470 1372 vota
1503 1337 1684 1377 concordia,
1726 1344 1828 1371 tamen
1870 1335 1945 1370 dum

1193 1388 1395 1443 singulariter
1417 1386 1454 1422 ad
1479 1386 1509 1422 id
1535 1399 1668 1435 petsona
1704 1385 1815 1420 idonea
1850 1396 1948 1432 quae-

1194 1438 1284 1479 ritur,
1308 1437 1337 1471 in
1367 1436 1427 1470 boc
1450 1436 1600 1471 nimirum
1635 1435 1855 1483 quaerentium
1892 1435 1948 1469 iu-

1194 1487 1272 1521 dicia
1292 1485 1381 1521 facile
1401 1497 1462 1519 non
1487 1484 1690 1520 concordant.
1714 1483 1778 1519 Sed
1806 1492 1838 1518 et
1860 1496 1949 1519 non-

1196 1547 1381 1583 numquam,
1397 1534 1521 1570 occulta
1538 1534 1640 1569 forsan
1657 1533 1713 1567 Dei
1729 1533 1948 1580 dispositione,

1197 1584 1436 1631 postponendus
1453 1583 1588 1630 eligitur,
1603 1592 1632 1618 et
1648 1583 1848 1630 postponitur
1864 1594 1949 1630 prae-

1197 1634 1356 1674 ferendus,
1378 1634 1459 1667 sicut
1487 1634 1535 1668 liis
1569 1632 1723 1667 accidisse
1759 1631 1873 1667 diebus
1911 1644 1948 1666 ex

1198 1692 1377 1718 nostrorum
1401 1682 1582 1717 delectuum
1599 1681 1853 1717 consideratione
1875 1694 1950 1729 sup-

1199 1733 1345 1780 ponimus
1373 1741 1401 1767 et
1428 1732 1591 1766 humiliter
1613 1731 1810 1765 confitemur.

1247 1782 1357 1829 Nuper
1380 1782 1463 1816 enim
1506 1782 1607 1816 felicis
1636 1780 1864 1815 recordationis
1892 1779 1949 1815 Ιο-

1198 1843 1280 1866 anne
1317 1831 1401 1878 Papa
1438 1831 1682 1878 praedecessore
1720 1837 1827 1864 nostro
1866 1829 1948 1884 apti-d

1198 1880 1386 1921 Viterbium,
1410 1880 1463 1914 ubi
1488 1888 1564 1914 tunc
1586 1891 1657 1913 cum
1683 1890 1740 1913 sua
1762 1879 1848 1914 curia
1871 1879 1951 1913 resi-

1200 1930 1305 1971 debat,
1332 1929 1370 1964 ab
1403 1929 1461 1964 ltac
1484 1929 1554 1963 luce
1582 1928 1754 1968 subtracto,
1787 1936 1817 1962 et
1852 1927 1952 1974 ipsius

1201 1991 1330 2033 corpore
1351 1979 1379 2012 in
1407 1978 1597 2014 Viterbiensi
1626 1977 1767 2012 Ecclesia
1789 1989 1861 2011 cum
1884 1988 1953 2012 ese-

1201 2029 1346 2075 quiarnm
1387 2028 1584 2062 solemnitate
1627 2026 1731 2060 debita
1774 2026 1953 2065 tumulato3

1203 2077 1327 2112 tandem
1359 2089 1415 2111 nos
1437 2085 1466 2111 et
1487 2076 1598 2111 statues
1626 2076 1736 2119 nostri,
1759 2075 1876 2122 quibus
1898 2086 1955 2109 uos

1204 2136 1276 2161 tnnc
1299 2126 1391 2160 officii
1420 2126 1522 2173 quoad
1547 2125 1607 2159 hoc
1643 2124 1870 2158 annumerabat
1897 2136 1956 2158 ae—

1203 2175 1347 2223 qualitas,
1372 2176 1400 2209 iu
1423 2175 1534 2222 palatio
1547 2174 1719 2221 episcopali
1736 2174 1957 2218 convenimus,

1205 2225 1442 2273 ΡΓΟΡΕΠ81οΓΟΙῺ
1499 2223 1689 2270 (iiiigffllliassl
1743 2223 1958 2257 consideratae

1206 2286 1374 2321 provistont
1410 2273 1551 2308 eiusdem
1575 2272 1738 2307 Ecclesiae
1773 2271 1957 2318 impensuri.

1206 2323 1245 2358 Et
1266 2335 1458 2370 quamquain
1481 2322 1546 2366 illc,
1575 2322 1628 2368 qui
1656 2321 1782 2356 caelesti
1806 2322 1858 2356 dat
1887 2333 1960 2356 cou-

1207 2373 1311 2407 centui
1336 2374 1521 2412 armoniam,
1550 2384 1607 2406 nos
1634 2370 1693 2404 sub
1721 2372 1865 2406 clausura
1900 2382 1960 2405 ea-

1207 2422 1278 2456 dem
1301 2421 1480 2456 habitantes
1507 2422 1536 2455 in
1561 2432 1659 2455 unum
1683 2420 1719 2454 ad
1747 2421 1856 2455 utilem
1887 2432 1961 2466 pro-

1208 2472 1359 2506 visionem
1395 2472 1494 2518 ipsius
1531 2470 1692 2505 Ecclesiae
1732 2469 1961 2513 obtinendam,

1210 2528 1300 2567 prout
1322 2520 1517 2566 singulorum
1548 2519 1683 2555 habebat
1706 2519 1848 2562 assertio,
1882 2531 1962 2553 una-

1210 2571 1311 2604 nimes
1339 2570 1404 2604 fore
1438 2582 1493 2604 sua
1530 2570 1642 2616 pietate
1674 2569 1890 2609 concesserit,
1923 2566 1961 2603 ad

1210 2619 1517 2654 consummationem
1545 2627 1647 2653 tamen
1664 2617 1852 2665 provisionis
1874 2618 1963 2652 eius-

1952 248 2001 275 An.
2017 247 2047 274 C.
2066 248 2133 274 ¹278

1979 1789 2003 1810 Ut
2051 1788 2149 1809 detuticn)

1964 1820 2043 1841 Ioanne
2052 1819 2151 1843 XXLcar-

1965 1851 2047 1872 dinato:
2061 1851 2086 1870 de
2100 1855 2151 1870 suc-

1966 1886 2052 1902 cessore
2068 1880 2151 1905 eligen-

1966 1913 1991 1933 do
2007 1911 2124 1932 tracturint.
