2274 3265
104 273 154 300 An.
172 272 199 299 C.
219 270 284 299 «374

116 371 208 393 lrritntio
225 378 286 392 sevus
303 376 308 382 '

103 408 206 423 actorum,

116 478 215 503 Exceptio
249 483 286 503 pro

103 514 151 530 artu
168 510 287 529 obtinenti·
317 526 322 531 ,

103 542 148 560 bns.

135 1900 254 1921 Exordium.

118 2103 242 2130 cripiamus
257 2110 289 2123 rs-

105 2135 138 2154 dix
154 2141 224 2161 prava.

919 270 1105 294 aumonius
1127 270 1161 292 ΧΙ
1185 269 1234 292 Pr.

350 330 365 370 ἓ
388 328 421 360 2.
447 326 662 361 Decerncntes
695 339 730 361 ex
754 338 839 360 nnnc
875 326 995 360 irritum
1025 333 1055 360 et

303 388 409 419 inane,
429 377 454 410 si
478 388 570 411 secus
591 376 757 422 contigerit
779 376 934 410 attentari.

350 426 370 472 g
393 429 425 460 5.
450 426 510 460 Per
534 433 730 472 praesentem
761 433 866 460 antem
900 424 1056 459 constitu-

302 476 432 516 tionem,
456 475 518 510 illis
540 475 607 522 qui,
629 474 788 509 desectum
812 474 991 509 huiusmodi
1008 486 1056 521 pa-

303 533 428 565 tientes,
445 526 475 560 in
497 526 665 572 praedictis
688 525 839 560 Ecclesiis
856 524 902 559 vel
917 525 1054 571 ipsarum

302 576 417 623 aliqua,
439 576 646 611 canonicatus
665 584 694 609 et
719 575 927 620 praehendas,
949 574 1056 620 ‹ligni-

301 635 392 669 tates,
409 634 595 671 personatus
619 624 664 659 vel
683 625 783 659 officia
801 624 952 659 canonice
972 637 1055 658 nunc

301 676 456 716 obtinent,
480 676 630 710 nolumus
655 676 684 709 in
702 676 807 722 aliquo
826 674 1054 722 praeiudicium

300 726 455 771 generari.

351 774 435 808 Nulli
458 786 546 819 ergo,
568 782 620 808 etc.

348 822 464 857 Datum
479 823 652 864 Avenione,
672 823 762 857 tertio
780 823 849 857 idus
867 822 1056 865 novembris,

301 872 503 919 pontificatus
526 873 624 907 nostri
648 884 732 906 anuo
754 881 876 919 quarto.

319 934 378 963 Dat.
400 934 446 963 die
465 934 495 963 ll
517 933 686 963 novembris
707 934 790 969 1374,
808 938 887 972 pont.
906 942 983 963 anno
1001 942 1036 963 lv.

634 1073 720 1108 XXI.

304 1147 419 1180 Contra
450 1147 609 1191 praelatos
636 1154 661 1179 el
689 1147 769 1179 alios
795 1147 902 1180 dantes
929 1156 1057 1179 munera

350 1208 401 1229 seu
427 1203 543 1229 strenas
570 1197 691 1229 nunciis
724 1196 912 1240 provisiones
946 1195 1058 1228 Eccle-

350 1247 468 1279 siarum
503 1246 549 1278 vel
587 1246 799 1291 beneficiorum
831 1246 892 1278 sibi
929 1256 947 1277 α
980 1245 1058 1278 Sede

351 1296 530 1339 Apostoli'ca
552 1295 732 1328 collatorum
755 1294 982 1338 quomodolibet
1004 1294 1058 1325 de-

351 1344 517 1388 ferentibus
546 1345 602 1387 (1).

571 1412 784 1443 SUMMARtUM

303 1471 470 1501 Exordium.
493 1487 532 1492 —
550 1471 575 1499 1.
594 1470 770 1509 Cupiditatis
803 1470 884 1499 radix
905 1479 1001 1508 prava.
1021 1487 1059 1492 -—

340 1515 367 1544 1³..
387 1515 551 1545 Prohibitio
574 1519 690 1544 strenas
713 1514 802 1543 dandi
823 1523 873 1552 pro
904 1514 1058 1544 beneficiis

342 1559 552 1590 ecclesiasticis
568 1558 705 1597 acceptis.
721 1575 759 1580 -
776 1558 802 1588 3.
819 1558 1056 1588 lnobedientium

342 1613 464 1642 poenae.
506 1620 545 1625 —
575 1604 603 1633 4.
639 1602 678 1632 De
712 1603 911 1642 publicatione
948 1603 1058 1633 decreti

343 1648 441 1678 huius.
460 1665 499 1670 -—-
516 1649 544 1678 5.
569 1647 740 1678 Clausulae.
915 1648 918 1649 ⁷

354 1715 501 1751 Gregorius
520 1716 662 1752 episcopus
682 1723 778 1744 servus
798 1723 939 1745 servorum
952 1716 1007 1749 Dei,

462 1761 496 1789 ad
525 1760 653 1790 suturam
674 1762 714 1790 rel
731 1762 901 1790 memoriam.

352 1824 482 1859 Solicite
506 1826 592 1860 vitari
616 1826 708 1859 debet
724 1825 808 1872 qnod
827 1826 976 1860 indecens
991 1838 1059 1860 esse

302 1874 510 1919 dignoscitur,
543 1884 574 1909 et
596 1887 633 1909 ex
665 1875 858 1922 turpiditatis
886 1878 930 1918 (2)
957 1876 1060 1910 radice

302 1925 395 1958 etiam
409 1923 438 1957 in
463 1924 593 1958 honoris
608 1924 811 1970 Apostolicae
826 1923 919 1959 Sedis
933 1924 1060 1972 depres-

303 1973 424 2006 sionem
451 1982 553 2007 ortum
584 1973 732 2007 habuisse
756 1973 890 2007 videtur.

352 2026 372 2068 g
397 2024 425 2056 Ἰ.
451 2022 535 2057 Sane
558 2035 658 2070 nuper
688 2023 726 2057 ad
751 2031 893 2057 nostrum
920 2024 1059 2070 pervenit

303 2072 444 2105 anditum
482 2072 565 2119 qnod
591 2073 735 2106 nonnulli
773 2072 938 2106 inhonesta
975 2072 1060 2106 lucra

303 2130 494 2167 quaerentes
511 2149 518 2161 ,
541 2122 617 2155 dum
649 2133 704 2168 per
725 2121 841 2156 Sedem
867 2122 1059 2168 praedictam

304 2170 343 2204 de
367 2171 510 2216 personis
532 2171 712 2217 aliquorum
736 2171 820 2217 apud
844 2170 961 2205 Sedem
983 2183 1061 2205 con-

304 2220 423 2254 stitutis
445 2221 589 2254 eamdem
615 2220 889 2266 patriarchatuum,
909 2229 1062 2266 metropo-

304 2270 410 2304 litanis
432 2278 462 2304 et
484 2269 553 2304 aliis
575 2269 810 2304 cathedralibus
829 2269 981 2304 Ecclesiis
995 2271 1060 2303 sive.

306 2320 505 2354 monasteriis
549 2319 733 2354 vacantibus
773 2319 978 2366 providetur,
1015 2319 1060 2353 vel

308 2380 460 2415 personae
495 2369 581 2415 ipsae
604 2368 641 2403 ad
667 2369 850 2403 huiusmodi
883 2369 1061 2409 Ecclesias,

307 2431 362 2465 per
383 2419 496 2453 dictam
512 2418 641 2455 Sedein.
657 2418 694 2452 de
710 2418 776 2452 aliis
795 2418 944 2453 Ecclesiis
965 2427 1063 2453 trans-

308 2469 533 2512 l'ernntur,seu
566 2469 710 2515 personis
734 2468 852 2502 eisdem
879 2468 1061 2503 huiusmodi

306 2517 468 2552 Ecclesiae
500 2526 530 2552 et
563 2518 751 2552 monasteria
786 2518 1062 2563 commendantur,

307 2576 357 2601 ant
380 2567 456 2601 alias
479 2568 620 2615 ipsorum
657 2567 879 2613 gubernationi
915 2569 1062 2602 commit-

343 2626 382 2659 (t)
404 2625 441 2651 Ex
460 2626 563 2660 Regest.
586 2625 611 2651 in
632 2624 740 2651 Archiv.
771 2625 855 2651 Vatic.
896 2626 936 2659 (ἢ)
964 2626 1062 2653 Forsan

309 2660 359 2695 leg.
382 2663 545 2692 cupiditatis.

387 2700 462 2730 Ball.
482 2700 559 2730 Rom.
584 2700 638 2729 Vol.
658 2700 703 2729 ll'.
908 2701 943 2729 '13

1735 260 1803 294 577

1099 333 1219 368 tuntur,
1244 324 1425 359 huiusmodi
1450 325 1658 372 provisiones,
1681 325 1855 361 translatio-

1099 386 1165 414 nes,
1189 374 1393 409 commendas
1416 375 1480 409 sive
1504 375 1746 409 commissiones
1771 387 1854 422 prae·

1098 424 1190 457 dicus
1224 424 1366 470 personis
1400 424 1445 459 sic
1473 424 1555 470 apud
1593 424 1707 460 dictam
1737 424 1853 459 Sedem

1098 473 1291 513 constitutis,
1330 483 1360 507 ut
1395 474 1522 520 aliquod
1561 487 1676 509 munus
1709 475 1748 509 ab
1777 474 1854 521 ipsis

1099 522 1260 569 recipiant,
1283 522 1476 557 denunciare
1496 523 1654 557 festinant.

1147 575 1161 614 ἓ
1184 573 1216 605 2.
1240 571 1306 606 Nos
1330 572 1423 618 igitur
1446 572 1474 606 in
1493 573 1687 618 praemissis,
1711 581 1802 620 prout
1817 586 1854 607 ex
1876 584 2057 605 enunciamus-

1098 621 1206 655 ‹lebito
1227 631 1372 655 tenemur
1389 622 1553 668 pastoralis
1568 621 1673 661 officii,
1692 623 1854 669 providere
1870 618 2058 667 ss{{„⁴,¹„¹,¹,¹{¹¹‚cg,¹,⁰‚

1101 671 1251 710 volentes,
1290 671 1443 705 universis
1479 679 1509 705 et
1541 670 1678 717 singulis
1711 673 1963 718 personismfsnffl
1992 682 2057 697 2⁹0²-

1098 720 1330 764 ecclesiasticis,
1358 719 1570 755 saecularibus
1593 729 1622 753 et
1646 721 1856 766 regularibus,
1872 714 1912 736 ⁹¹¹⁵

1099 770 1329 817 cuiuscumque
1344 777 1455 810 status,
1469 769 1598 816 graduS,
1615 781 1722 813 sexus,
1736 770 1858 804 ordinis

1101 819 1145 854 vel
1169 818 1362 854 conditionis
1385 819 1667 859 existant,etiamsi
1686 819 1857 865 pontificali

1100 868 1146 902 vel
1170 868 1227 902 alia
1252 867 1393 916 qualibet
1410 868 1623 903 ecclesiastica
1642 867 1859 914 praefulgeant

1099 918 1274 964 dignitate,
1309 918 1492 952 anctoritate
1527 916 1698 964 apostolica
1716 945 1723 957 ,
1751 925 1860 952 tenore

1101 968 1327 1013 praesentium,
1352 966 1527 1002 districtius
1549 966 1743 1011 inhibemus,
1767 978 1805 1001 ne
1820 966 1858 1000 de

1100 1025 1224 1051 caetero
1257 1017 1329 1057 illis,
1353 1017 1405 1063 qni
1432 1016 1508 1063 ipsis
1531 1015 1715 1050 huiusmodi
1752 1016 1862 1063 provi-

1099 1067 1216 1106 siones,
1234 1066 1465 1109 translationes,
1480 1065 1686 1100 commendas
1700 1076 1755 1100 sen
1779 1077 1860 1099 com-

1101 1116 1268 1150 missiones
1302 1114 1512 1156 eornmdem,
1546 1114 1611 1149 sive
1648 1113 1687 1148 de
1722 1113 1861 1148 Romani

1101 1164 1264 1199 Pontificis
1288 1177 1343 1211 pro
1367 1173 1510 1211 tempore
1530 1164 1704 1203 existentis,
1727 1163 1794 1197 sive
1821 1163 1861 1197 de

1100 1214 1236 1248 alicuius
1270 1226 1326 1248 seu
1351 1213 1528 1260 aliquorum
1564 1225 1599 1247 ex
1624 1212 1860 1247 venerabilibus

1101 1262 1249 1297 fratribus
1267 1263 1381 1297 nostris
1400 1263 1433 1296 S.
1452 1262 1489 1296 R.
1509 1262 1544 1296 E.
1561 1261 1788 1302 cardinalibus,
1806 1270 1860 1295 aut

1100 1312 1230 1346 alterins
1253 1312 1488 1358 cuiuscumque
1511 1311 1660 1345 mandato
1694 1323 1750 1345 sen
1783 1311 1861 1345 alias

1100 1361 1374 1407 qualitercumque
1397 1360 1480 1407 apud
1506 1361 1620 1394 dictam
1643 1359 1760 1394 Sedem
1778 1372 1860 1394 nun-

1100 1410 1230 1444 ciabnnt
1253 1422 1308 1444 seu
1333 1410 1477 1444 nunciari
1503 1409 1629 1453 facient,
1653 1409 1720 1444 sive
1735 1408 1797 1443 dici
1813 1408 1860 1442 vel

1100 1472 1195 1506 super
1230 1459 1290 1494 hoc
1325 1471 1403 1493 nova
1440 1459 1570 1506 portari,
1593 1458 1711 1505 aliquid
1740 1457 1861 1493 directe

1101 1510 1147 1544 vel
1174 1508 1339 1552 indirecte,
1363 1520 1417 1555 per
1434 1521 1468 1542 se
1484 1508 1530 1542 vel
1553 1507 1648 1542 alium
1669 1508 1788 1542 donent
1804 1519 1860 1541 seu

1103 1559 1308 1606 promittant,
1334 1570 1435 1605 neque
1472 1570 1527 1604 per
1550 1557 1648 1591 alium
1673 1557 1781 1591 datum
1805 1568 1859 1591 sen

1103 1609 1293 1655 promissum
1323 1607 1513 1655 persolvant.

1151 1658 1225 1704 §5-
1252 1657 1317 1691 Nos
1352 1657 1436 1691 enim
1471 1668 1694 1703 quoscumque
1728 1667 1862 1703 praesu-

1103 1715 1225 1742 mentes
1247 1707 1441 1741 contrarium
1478 1706 1704 1753 quoquomodo
1732 1717 1862 1740 excom-

1103 1756 1328 1792 municationis
1345 1756 1511 1790 subiacere
1526 1755 1700 1790 sententiae
1717 1754 1862 1789 volumus

1103 1816 1131 1841 et
1170 1807 1372 1841 decernimus
1401 1806 1470 1852 ipso
1507 1805 1599 1844 facto,
1627 1817 1642 1839 3
1666 1816 1729 1852 qua
1758 1804 1862 1839 nullus

1103 1857 1141 1890 ab
1164 1856 1224 1891 alio
1247 1868 1342 1903 quam
1366 1867 1380 1888 a
1404 1855 1550 1889 Romano
1572 1854 1727 1889 pontifice
1751 1854 1861 1901 possit,

1105 1906 1162 1940 nisi
1186 1905 1347 1939 dumtaxat
1375 1904 1404 1938 in
1430 1905 1540 1939 mortis
1562 1904 1708 1944 articulo,
1730 1903 1861 1938 absolu-

1104 1955 1200 1989 tionis
1234 1953 1424 1988 beneficinm
1449 1954 1604 1988 obtinere.
1638 1952 1708 1987 Non
1733 1952 1863 1987 obstan-

1105 2004 1190 2039 tibus
1203 2003 1459 2051 exemptionibus
1473 2011 1502 2037 et
1517 2003 1586 2037 aliis
1604 2002 1862 2049 quibuscumque

1105 2053 1290 2101 privilegiis,
1313 2052 1522 2098 indulgentiis
1534 2060 1563 2086 et
1578 2052 1688 2098 gratiis
1709 2063 1745 2086 ac
1764 2051 1863 2085 literis

1103 2104 1286 2150 apostolicis
1300 2102 1465 2149 quibusvis
1482 2102 1639 2149 personis,
1651 2101 1863 2135 communiter

1105 2154 1150 2187 vel
1171 2152 1310 2191 divisim„
1331 2151 1389 2185 snb
1412 2163 1615 2198 quacumque
1635 2151 1732 2185 forma
1752 2150 1798 2184 vel
1813 2161 1861 2184 ex-

1106 2202 1268 2249 pressione
1308 2200 1475 2235 verbornm
1512 2213 1526 2234 a
1561 2199 1644 2235 Sede
1681 2198 1862 2246 Apostolica

1104 2251 1266 2285 concessis
1299 2258 1329 2284 et
1364 2251 1393 2283 in
1433 2259 1593 2297 posterum
1630 2248 1862 2291 concedendis,

1104 2301 1226 2335 etiamsi
1256 2301 1294 2334 de
1318 2299 1379 2334 illis
1403 2300 1493 2346 plena
1517 2308 1545 2333 et
1569 2310 1716 2346 expressa
1744 2298 1864 2332 mentio

1104 2364 1139 2385 ac
1175 2350 1213 2384 de
1242 2349 1340 2383 verbo
1371 2350 1407 2383 ad
1434 2349 1563 2383 verbum
1592 2349 1621 2382 in
1646 2347 1865 2396 praesentibus

1104 2402 1145 2435 sit
1181 2399 1342 2442 habenda,
1365 2411 1459 2446 qnae,
1482 2397 1586 2445 quoad
1616 2397 1687 2437 hoc,
1710 2397 1804 2432 alicui
1833 2397 1862 2430 in

1107 2450 1194 2484 nullo
1218 2449 1365 2483 volumus
1387 2448 1565 2495 suffragari.

1154 2500 1173 2547 g
1201 2503 1233 2533 4.
1247 2498 1289 2534 Ut
1304 2507 1408 2534 antem
1427 2506 1531 2532 nostra
1550 2497 1705 2541 inhibitio,
1720 2496 1863 2532 voluntas
1881 2507 2061 2536 Dopuuicauone

1105 2558 1134 2584 et
1167 2549 1328 2584 decretum
1361 2547 1543 2582 huiusmodi
1584 2547 1620 2581 ad
1657 2558 1862 2581 communem
1877 2539 2042 2562 ¹¹‘⁰“¹⁵‘⁰'“³'

1106 2599 1249 2633 omnium
1274 2598 1414 2632 notitiam
1438 2597 1648 2637 deducantur,
1671 2605 1771 2631 cartas
1797 2597 1863 2629 sive

1107 2648 1307 2683 membranas
1345 2647 1579 2691 inhibitionem,
1607 2646 1798 2680 voluntatem
1834 2653 1863 2679 et

1870 270 1920 296 An.
1939 270 1967 296 C.
1989 269 2055 296 ¹375

1890 1664 2059 1686 inobedientium

1877 1702 1967 1724 poen-«le.
