2274 3265
76 254 124 281 An.
144 252 171 279 C.
195 254 261 282 ¹275

90 315 114 337 Ει
128 316 219 338 barones
240 320 260 338 ot

77 346 186 368 officiales.

107 851 224 872 fflausutao.

882 255 1052 279 lNNOCENTl
1059 255 1093 279 US
1120 255 1139 277 V
1168 256 1218 278 PP.

276 310 387 354 iacere,
410 322 425 344 a
453 310 571 356 quibus
596 310 713 345 absolvi
734 322 797 344 non
818 310 938 356 possint
957 310 1025 344 sine

275 358 423 394 mandato
450 359 544 394 Sedis
571 359 773 406 Apostolicae
795 358 935 405 speciali.
964 358 1026 393 As-

274 408 421 442 sumendi
446 418 548 443 antem
578 409 607 442 in
643 408 794 447 barones,
829 407 1025 442 consiliarios

274 462 395 497 etalios
416 462 563 497 officiales
587 461 747 508 publicos,
771 473 827 496 seu
850 462 945 496 etiam
962 462 1023 496 iam

273 517 436 562 assumpti,
477 517 501 549 si
542 528 672 558 eornm,
714 527 795 561 qnae
831 515 1023 555 iuraverint,

274 569 390 603 fuerint
414 577 671 614 transgressores,
713 568 771 603 nisi
807 568 919 602 exinde
947 568 1022 603 infra

274 634 414 658 mensem
443 622 651 657 satisfecerint
683 628 918 668 competenter,
955 622 1022 656 laici

273 688 309 710 eo
355 676 443 727 ipso⁸
462 676 649 725 sententiam
685 675 1023 710 excommunicationis

273 731 452 775 incurrant,
491 729 595 764 elerici
625 741 697 763 vero
727 737 756 763 et
791 730 899 763 cadem
938 730 1021 776 ligati

271 784 426 819 sententia
454 792 483 818 et
510 783 648 818 obtentis
683 784 843 818 beneficiis
865 784 927 818 sint
951 785 1022 831 pri-

273 839 329 873 vati
358 846 387 872 et
414 838 568 873 inhabiles
591 836 628 872 ad
656 837 715 872 alia
743 836 925 871 obtinenda.

319 891 404 926 Nulli
440 904 514 938 ergo
554 891 683 926 omnino
726 891 888 925 hominum
932 891 1020 926 liceat

271 945 351 980 hanc
385 946 528 992 paginam
558 954 735 980 nostrarum
763 945 1020 989 constitutionis,

271 994 478 1030 ordinationis
505 1003 535 1028 et
563 994 750 1041 provisionis
779 994 947 1040 infringere
976 995 1020 1029 vel

271 1044 298 1079 ei
327 1056 405 1079 ausu
429 1045 593 1078 tcmcrario
621 1044 786 1078 contraire.
816 1043 850 1078 Si
872 1043 942 1090 quis
965 1056 1022 1078 au-

272 1100 347 1136 tem,
369 1100 422 1127 etc.

320 1141 435 1176 Datum
459 1140 625 1176 Bellicadri
653 1140 792 1176 secundo
820 1153 919 1175 nonas
946 1153 1021 1188 sep-

272 1190 414 1235 tembris,
438 1189 637 1237 pontificatus
660 1190 757 1224 nostri
779 1202 862 1224 anno
881 1202 925 1225 ιν.

290 1251 349 1281 Dat.
367 1252 413 1282 die
430 1253 448 1282 4
462 1253 636 1292 septembris
655 1253 740 1288 1275,
757 1252 858 1291 pontif.
876 1261 951 1281 anno
967 1261 1002 1282 tv.

469 1448 749 1498 tNNocENt‘tth
793 1449 819 1496 V

517 1543 612 1575 PAPA
630 1544 767 1576 CLXXXV

386 1613 476 1645 Anno
502 1612 630 1646 Domini
657 1612 895 1647 MCCLXXt‘l.

268 1701 415 1778 Inclusis
441 1741 581 1778 conclavi
609 1741 705 1776 Aretii
732 1741 944 1777 cardinalibus
966 1742 1017 1777 die

268 1793 314 1826 20
342 1792 471 1827 ianuarii
500 1793 607 1834 4276,
631 1790 780 1837 postridie
804 1792 906 1838 primo
933 1792 1017 1826 cele-

268 1841 355 1876 brato
377 1850 406 1875 et
435 1841 592 1886 publicato
625 1840 790 1880 scrutinio,
823 1840 941 1875 electus
969 1849 1016 1875 est

267 1891 298 1924 in
326 1890 509 1925 Pontificem
538 1889 649 1924 Petrus
679 1890 716 1924 de
743 1889 934 1929 Tarantasia,
959 1903 1017 1925 na-

267 1939 350 1974 tione
369 1938 574 1986 Burgundus‚
598 1951 633 1973 ex
657 1939 768 1973 ordine
787 1938 914 1973 fratrum
931 1939 1017 1975 Prae-

267 1988 453 2029 dicatorum,
481 1996 569 2022 antea
592 1988 851 2035 archiepiscopus
877 1988 1016 2034 Lugdu-

267 2037 386 2076 nensis,
403 2050 475 2072 mox
496 2037 530 2072 S.
549 2037 589 2071 R.
605 2037 642 2071 E.
659 2037 828 2072 cardinalis
848 2038 1015 2084 episcopus

267 2085 434 2126 Ostiensis,
461 2087 513 2133 qni
541 2086 745 2121 Innocentius
767 2087 896 2133 quintus
921 2088 1016 2121 voluit

267 2135 428 2182 appellari.
463 2136 583 2170 Romae
619 2144 788 2170 coronatus
822 2143 869 2171 est
896 2138 942 2170 22
970 2136 1016 2170 fe·-

267 2185 382 2220 bruarii
410 2197 492 2219 anno
518 2184 641 2228 eodem,
664 2185 808 2232 seditque
832 2186 862 2219 in
887 2185 1016 2232 pontifi-

268 2242 336 2268 catu
350 2246 365 2268 a
380 2234 430 2268 die
445 2234 607 2269 electionis
622 2246 749 2269 menses
777 2247 810 2275 v,
824 2235 893 2270 dies
915 2247 939 2269 ιι
959 2239 983 2275 (Ι
995 2241 1013 2277 ),

268 2283 497 2329 imperantibus
537 2283 565 2316 in
594 2282 724 2320 Oriente
762 2284 914 2319 Michaele
947 2284 1015 2318 Pa-

267 2332 429 2378 laeologo,
463 2332 493 2366 in
520 2331 694 2366 Occidente
735 2333 905 2380 Rodulplto
943 2345 1014 2379 rege

266 2381 494 2416 Romanorum.
529 2379 617 2415 Obiit
643 2380 764 2416 Romae
786 2382 836 2416 die
863 2384 910 2416 22
937 2382 1012 2417 iunii

265 2430 339 2465 anni
363 2430 518 2467 eiusdem.
541 2437 571 2464 et
592 2431 734 2476 sepultus
757 2438 806 2466 est
827 2431 856 2465 in
882 2431 1013 2465 ecclesia

266 2479 482 2515 Lateranensi.
506 2479 633 2514 Vacavit
654 2479 747 2514 sedes
768 2479 836 2515 dies
864 2493 921 2515 xx.

1729 243 1772 277 35

1436 309 1459 343 l.

1068 385 1261 418 Innocentius
1282 386 1384 429 fideles
1406 386 1560 429 encyclicis
1581 386 1676 418 literis
1694 386 1820 429 adeptae

1116 435 1278 478 clt'qnitatt's
1309 434 1448 466 cerciores
1479 435 1569 477 facit,
1596 446 1633 467 ac
1665 434 1819 478 praesules

1117 485 1159 516 ad
1191 494 1316 528 operam
1346 494 1403 526 pro
1438 493 1469 515 re
1500 483 1669 516 christiana
1707 484 1819 516 tuenda

1116 532 1361 576 coniungendam
1386 531 1498 564 excitat
1519 533 1576 573 (l).

1325 608 1541 639 SUMMAIuUM

1067 672 1104 702 De
1123 670 1256 708 Gregorii
1280 669 1334 699 PP.
1362 669 1453 705 obitu,
1476 678 1509 699 ac
1536 670 1677 699 conclavi.
1696 685 1735 692 —·
1755 668 1818 705 Quo

1105 717 1152 747 die
1175 715 1210 745 ad
1231 715 1430 753 pontificatum
1454 718 1572 743 evectus
1596 714 1643 743 sit.
1665 730 1705 736 —
1728 712 1816 743 Fide-

1105 761 1177 790 lium
1197 768 1300 799 preces
1324 759 1400 797 apud
1419 757 1510 788 Deum
1534 757 1679 797 implorat.

1108 834 1278 864 Innocentius
1295 834 1436 871 episcopus
1455 840 1549 862 servus
1563 839 1701 862 servorum
1716 832 1771 862 Dei.

1114 908 1223 951 Nuper
1250 914 1375 942 sanctae
1397 918 1433 941 ac
1460 905 1656 940 venerandae
1688 917 1814 940 memo—

1066 958 1127 992 riae
1156 956 1309 1002 Gregorio
1336 955 1420 1001 Papa
1451 963 1537 1000 patre
1563 966 1599 989 ac
1627 954 1814 1001 praedeces-

1064 1019 1133 1040 sore
1169 1014 1289 1044 nostro,
1317 1004 1348 1038 in
1377 1003 1614 1038 continuatione
1646 1003 1787 1038 laborum
1805 1031 1813 1043 ,

1063 1068 1144 1102 quos
1171 1055 1209 1089 ad
1232 1054 1289 1089 Dei
1315 1053 1534 1100 prosequenda
1563 1052 1688 1086 servitia
1715 1052 1814 1087 solers

1064 1114 1093 1138 et
1125 1104 1257 1137 devotus
1284 1110 1514 1148 assumpserat,
1545 1101 1711 1148 nobisque,
1740 1109 1814 1136 tunc

1040 1156 1044 1196 Ι
1063 1152 1201 1187 Ostiensi
1217 1153 1370 1198 episcopo
1385 1163 1420 1185 ac
1439 1151 1507 1184 aliis
1524 1158 1641 1184 nostris
1655 1148 1813 1190 fratribus,

1063 1214 1144 1247 quos
1166 1209 1227 1235 tam
1258 1201 1287 1234 in
1311 1199 1407 1238 Urbe,
1431 1212 1524 1246 quam
1548 1200 1628 1233 circa
1652 1199 1719 1233 eius
1741 1211 1815 1233 cou-

1063 1250 1147 1293 tinia,
1176 1250 1234 1284 iam
1257 1250 1378 1283 diversa
1408 1247 1472 1282 loca
1497 1255 1691 1293 receperant,
1714 1247 1813 1282 tribus

1064 1308 1183 1332 tantum
1206 1311 1244 1333 ex
1272 1298 1332 1332 illis
1353 1297 1560 1332 existentibus
1587 1297 1669 1331 circa
1699 1296 1813 1342 ipsum,

1062 1348 1100 1382 de
1125 1348 1354 1382 ultramontana
1384 1346 1590 1380 redeuntibus
1613 1346 1750 1390 regione,
1778 1357 1814 1379 ac

1062 1397 1173 1431 eodem
1199 1397 1439 1440 praedecessore
1461 1395 1543 1442 apud
1573 1396 1714 1428 Aretiutn
1742 1394 1815 1429 civi·

1062 1454 1155 1481 tatem
1178 1446 1312 1481 Tusciae
1340 1446 1370 1478 in
1395 1445 1572 1480 infirmitate
1606 1443 1719 1478 diebus
1749 1444 1813 1479 ali-

1061 1496 1178 1543 quibus
1205 1495 1349 1530 dednctis
1370 1495 1408 1528 tle
1437 1495 1495 1528 ltoc
1516 1494 1641 1528 saeculo
1664 1506 1812 1540 nequam,

1061 1546 1144 1591 quod
1173 1557 1211 1580 eo
1234 1545 1366 1589 dignum
1390 1543 1467 1579 forte
1497 1555 1558 1578 non
1587 1550 1664 1585 erat,
1691 1553 1812 1591 erepto,

1061 1603 1093 1629 et
1121 1594 1219 1641 ipsius
1246 1605 1378 1639 corpore
1410 1605 1482 1627 cum
1516 1594 1722 1639 exequiarum
1758 1605 1812 1628 so—

1061 1643 1223 1678 lemnitate
1256 1643 1359 1678 debita
1388 1642 1562 1681 tumul-aim
1598 1642 1669 1676 licet
1697 1642 1726 1675 in
1756 1654 1812 1688 pa-

1060 1694 1153 1728 storis
1188 1692 1401 1727 substituendi
1443 1703 1591 1737 processu
1627 1691 1810 1726 eorumdem

1061 1743 1188 1777 fratrum
1207 1742 1361 1784 absentia,
1383 1741 1522 1787 satisque
1543 1741 1633 1787 longa
1653 1741 1811 1784 distantia,

1060 1791 1272 1826 difficultatem
1302 1803 1361 1825 non
1387 1790 1544 1825 modtcam
1573 1793 1735 1824 communi
1753 1790 1811 1823 lto-

1060 1842 1181 1876 minum
1206 1841 1323 1875 iudicio
1351 1841 1488 1878 iuvaret2
1508 1840 1694 1883 Illotatnen,
1713 1839 1810 1874 utfir-

1059 1890 1333 1929 mitercredimus,
1347 1889 1532 1924 eorumdem
1563 1889 1691 1923 fratrum
1717 1889 1811 1923 corda

1059 1948 1225 1985 tangente,
1261 1939 1310 1973 cui
1349 1938 1438 1973 facile
1471 1946 1517 1973 est
1548 1938 1692 1972 distincta
1732 1950 1813 1972 con-

1059 1989 1200 2034 iungere,
1227 2001 1263 2023 ac
1289 1987 1383 2022 etiam
1413 1988 1494 2022 inter
1519 2000 1553 2022 se
1580 1987 1726 2021 distantia
1761 1987 1810 2020 in-

1058 2038 1151 2073 simul
1174 2038 1326 2080 adunare,
1343 2049 1411 2080 nos,
1439 2037 1547 2070 fratres
1570 2036 1664 2070 iidem
1688 2047 1810 2078 omncs,

1058 2087 1173 2133 quibus
1196 2087 1225 2121 id
1251 2098 1457 2134 personarum
1481 2097 1609 2120 suarum
1638 2093 1737 2119 status
1759 2084 1811 2118 in-

1058 2136 1165 2179 dulsit,
1188 2144 1301 2183 sponte
1325 2148 1360 2170 ac
1382 2135 1526 2170 celeriter
1547 2134 1755 2169 convenimus
1777 2133 1807 2166 in

1057 2186 1180 2220 civitate
1212 2185 1387 2232 praedicta:
1420 2193 1451 2219 et
1478 2185 1509 2217 in
1538 2183 1624 2218 omni
1658 2194 1809 2217 mansue-

1058 2235 1167 2269 tudine
1197 2242 1369 2280 spontanea
1397 2233 1559 2278 palatium,
1588 2233 1617 2266 in
1638 2244 1701 2278 qno
1724 2231 1806 2266 idern

1059 2288 1282 2334 praedecessor
1301 2287 1463 2329 habitarat,
1488 2286 1587 2333 pridie
1606 2294 1678 2320 ante
1693 2284 1807 2319 festum

1058 2343 1165 2376 beatae
1197 2342 1330 2387 Agnetis
1359 2342 1527 2382 intrantes,
1556 2340 1585 2373 in
1620 2339 1689 2385 ipso
1729 2338 1808 2373 festo

1057 2407 1182 2430 summo
1205 2407 1296 2428 mane
1319 2395 1486 2428 missarum
1510 2392 1673 2427 solemniis
1697 2391 1728 2426 in
1747 2391 1808 2426 ho-

1058 2460 1165 2482 norem
1182 2447 1288 2482 Sancti
1306 2447 1444 2493 Spiritus
1466 2445 1632 2480 celebratis
1647 2457 1683 2480 ex
1709 2456 1807 2485 more,

1058 2502 1219 2549 ipsiusque
1245 2501 1343 2547 gratia
1371 2500 1452 2534 votis
1479 2499 1620 2533 invocata
1654 2498 1808 2546 supplici-

300 2550 339 2585 (¹)
355 2548 404 2577 Tot
425 2549 494 2576 enim
514 2556 618 2576 menses
637 2552 662 2576 ‘³‘
687 2549 761 2582 dies,
788 2550 969 2586 computando
989 2553 1015 2578 0⁵
1057 2556 1126 2600 bus,
1150 2554 1347 2589 concorditer
1369 2553 1405 2588 ad
1434 2552 1654 2588 celebrandam
1682 2552 1809 2588 electio-

265 2590 335 2616 diem
355 2589 501 2620 electionis,
522 2593 547 2615 et
567 2589 635 2616 diem
649 2590 752 2622 mortis,
765 2597 825 2617 eum
836 2590 935 2617 sedisse
945 2591 1012 2617 scri-

265 2629 302 2655 bit
318 2629 484 2656 Ptolomaeus
501 2629 640 2655 Lucensis.

1091 2630 1130 2665 (t)
1148 2630 1185 2657 Ex
1202 2628 1340 2664 Raynaldo
1359 2627 1391 2655 ad
1412 2636 1474 2655 ann.
1498 2627 1574 2660 1276,
1591 2627 1607 2662 5
1625 2625 1667 2653 ¹7.

1838 253 1888 280 An.
1907 253 1935 280 C.
1955 254 2021 280 1276

1838 917 2012 943 DuGrezoriiPP.

1829 950 1895 976 obttn,
1924 955 1946 970 ue
1967 955 2017 970 eou-

1829 980 1891 1002 elavi.

1836 2188 1882 2216 Quo
1914 2189 1948 2209 dte
1983 2189 2007 2208 ad

1823 2218 1967 2246 pontificatum
1983 2221 2008 2238 0-

1823 2253 1896 2271 vectun
1913 2250 1946 2270 stt.
