2274 3265
84 264 122 289 An
151 264 179 290 C.
201 266 266 291 ¹559

82 367 94 379 Π

82 394 95 409 t.

82 427 144 447 pensu

25 2918 30 2922 ,
16 2863 37 2903 >·-:’-'

96 359 169 378 isnimlt
191 359 265 384 ubique

93 715 232 736 iuramentum
253 724 262 735 ,ι

79 750 159 771 magist!
167 754 182 767 t<
199 755 217 773 pi
225 755 262 766 ai·-

79 779 181 798 standum.

99 326 208 346 ¹1=veniia¹i
228 326 253 346 hu
284 317 340 351 fata
377 318 544 351 examinati
575 326 603 351 et
640 318 801 364 approbati
839 318 965 361 suerint,
999 330 1034 351 ac

105 390 265 411 „mmmm
282 365 416 400 docendi
441 366 598 401 licentiam
622 367 828 411 obtinuerint,
855 375 887 401 ut
915 375 961 401 est.
983 367 1034 400 ‹li-

148 424 177 440 ··¹<
281 423 378 453 ctum,
404 429 440 449 ex
460 424 547 455 tunc,
570 417 689 463 absque
712 417 943 451 examinatione
987 416 1032 450 vel

280 464 508 511 approbatione
552 466 622 505 alia,
660 466 782 511 legendi
828 474 857 499 et
898 465 1032 500 docendi

282 514 398 561 ubique
426 523 577 549 terrarum
603 516 725 562 plenam
764 524 792 549 et
821 515 948 549 liberam
978 515 1033 548 lia-

282 563 375 598 beant
398 564 589 609 facultatem,
614 577 671 599 nec
693 577 708 599 a
731 576 888 612 quoquam
912 564 1033 598 valcant

282 612 452 658 prohiberi.

328 667 343 705 ἕ
365 665 397 696 4.
423 662 518 706 Sane,
548 670 578 696 ut
603 664 657 697 rite
681 663 710 697 in
741 663 887 710 praefatis
914 663 1033 697 exami-

281 711 463 745 nationibus
505 712 705 758 procedatur,
735 712 965 759 praecipimus,
1001 721 1033 746 ut

280 761 418 806 magistri
448 760 551 806 legere
575 762 605 795 in
630 762 741 796 eodem
769 762 883 796 Studio
905 762 1034 808 cupien-

278 819 335 853 tes,
357 818 525 856 antequam
551 810 712 856 incipiant,
737 819 892 857 praestent
909 810 1032 856 publice

279 859 501 898 iuramentum,
511 861 594 905 quod
607 860 663 906 ipsi
678 861 774 895 vocati
786 861 822 894 ad
833 861 1031 895 examinatio-

278 921 332 942 nes
348 908 486 951 easdem,
512 909 647 948 venient,
672 910 729 943 nisi
755 910 869 944 fuerint
892 909 1032 955 legitime

277 957 430 1003 impediti,
454 965 485 990 et
512 959 610 1004 gratis
637 958 703 992 sine
731 959 927 997 difficultate,
959 959 1032 993 odio

276 1014 305 1040 et
328 1007 431 1041 favore
446 1008 641 1054 postpositis,
664 1008 785 1042 dabunt
808 1008 1030 1043 examinationi

278 1055 368 1090 lidele
392 1055 575 1100 consilium,
598 1058 652 1104 qui
677 1057 716 1092 de
735 1058 931 1097 examinatis,
961 1057 1032 1091 vel-

278 1114 309 1139 ut
335 1105 421 1151 digni
448 1106 614 1152 approbari
649 1106 804 1149 debeant,
832 1115 884 1141 aut
912 1106 1030 1152 indigni

277 1155 387 1189 merito
416 1154 588 1200 reprobari.
623 1155 684 1197 Qui
713 1168 784 1190 vero
818 1156 1029 1190 iuramentum

277 1204 459 1238 huiusmodi
497 1213 656 1250 praestare
696 1204 867 1243 noluerint,
900 1217 957 1239 nec
994 1205 1030 1238 ad

277 1253 458 1296 legendum,
488 1266 546 1287 nec
564 1255 601 1288 ad
625 1255 874 1288 examinationes
892 1253 1030 1294 easdem,

277 1315 333 1337 nce
355 1303 446 1338 etiam
492 1302 530 1337 ad
553 1303 656 1349 aliqua
687 1303 903 1337 Universitatis
933 1303 1031 1349 ipsius

275 1352 369 1386 studii
402 1351 570 1386 commoda
612 1352 657 1386 vel
688 1352 842 1387 beneficia
873 1352 1030 1386 ullatenus

274 1401 491 1436 admittantur.
514 1400 596 1435 Nulli
621 1413 695 1447 ergo
714 1402 844 1436 omnino
864 1402 1029 1436 bominum

275 1451 363 1485 liceat
405 1451 485 1485 hanc
509 1450 653 1497 paginam
677 1459 854 1485 nostrarum
873 1452 1030 1486 constitu-

276 1500 382 1543 tionis,
420 1499 641 1547 prohibitionis
669 1508 697 1534 et
723 1502 880 1548 praecepti
911 1501 1030 1535 infrin-

274 1562 347 1595 gere
369 1557 423 1583 etc.

324 1597 437 1633 Datum
483 1598 645 1633 Avenione
682 1599 825 1634 secundo
878 1599 1030 1634 kalendas

274 1648 422 1687 octobris,
446 1648 648 1695 pontificatus
676 1650 771 1683 nostri
796 1661 878 1683 anno
906 1650 1028 1696 quinto.

293 1712 353 1742 Dat.
370 1714 417 1743 die
429 1714 468 1744 30
483 1715 662 1753 septembris
684 1715 767 1751 1339,
788 1721 865 1754 pont.
884 1726 961 1745 anno
982 1726 1007 1745 v.

611 1869 690 1904 xvi.

275 1950 435 1983 Revocatt'o
475 1952 667 1995 vectigalium
714 1960 739 1985 et
770 1955 972 1997 petlayz'orum
1009 1969 1028 1989 α

320 2002 432 2044 populo
457 2001 608 2039 Romano,
625 2003 736 2046 absque
758 2005 845 2036 Sedis
865 2006 1027 2048 Apostoli—

321 2061 372 2082 cae
398 2050 531 2087 licentia,
557 2052 770 2095 impositorum
792 2055 847 2095 (1).

541 2129 755 2160 SUtttMAtutJu

273 2194 319 2224 lus
341 2196 509 2233 imponendi
527 2197 678 2234 vectigalia
699 2197 732 2226 ad
757 2208 831 2236 quos
850 2205 968 2237 spectet.
988 2218 1026 2223 -—

316 2240 337 2269 1.
357 2240 519 2275 Ouamilam
540 2241 695 2279 gabellum,
714 2242 748 2271 ab
773 2244 950 2274 officialibus
971 2245 1025 2275 Ro-

313 2284 408 2314 manis
425 2285 603 2324 impositam,
623 2303 659 2308 —
684 2287 710 2316 ⁹2.
732 2286 865 2322 Revocat,
889 2290 1024 2329 exigique

312 2333 394 2358 vetat.

315 2406 476 2434 Benedictus
495 2407 636 2442 episcopus
655 2414 751 2436 servus
770 2415 910 2438 servorum
922 2409 977 2443 Dei.

429 2457 463 2484 ad
492 2456 618 2485 futuram
639 2457 679 2485 rei
695 2458 865 2487 memoriam.

319 2527 475 2562 Consulto
493 2529 619 2574 provida
637 2528 773 2564 decrevit
786 2531 955 2577 antiquitas
969 2544 1022 2579 per

270 2589 422 2611 novorum
452 2578 670 2625 impositiones
709 2580 918 2626 vectigalium,
942 2594 1021 2629 qnae

303 2648 343 2681 (l)
361 2648 397 2674 Ex
419 2647 523 2682 Regest.
543 2648 567 2675 in
588 2649 696 2675 Archiv.
716 2650 796 2676 Vatie.

882 263 1080 285 titixtfititil‘stts
1109 263 1154 283 Xll
1186 263 1234 283 ¹¹1⁸.

1715 255 1769 285 itit
1843 266 1889 290 Ᾱιι,
1912 266 1928 289 c
1961 266 2026 291 1359

1075 316 1143 349 sine
1181 317 1344 362 principali
1381 326 1566 352 auctoritate
1609 319 1725 352 institui
1764 333 1825 353 non
1857 325 2028 351 immanem.

1077 373 1221 411 possunt,
1261 378 1322 399 non
1358 366 1421 399 sore
1461 367 1578 414 aliquid
1617 368 1825 413 exigendum:
1842 358 2024 414 {fissffissi'ssnfd

1075 415 1218 460 quinimo
1243 414 1444 460 pedagiorum
1469 429 1523 450 seu
1549 417 1745 463 vectigalium
1773 417 1829 452 hu-

1077 464 1210 498 iusmodi
1251 465 1441 508 exactiones,
1477 473 1538 499 tam
1569 466 1636 500 iure
1663 467 1827 511 canonico,

1074 526 1167 560 quam
1206 513 1301 552 civili,
1331 514 1514 560 regulariter
1541 523 1571 548 et
1608 517 1719 550 merito
1755 524 1828 551 sunt

1075 563 1255 596 damnatae:
1280 571 1405 597 vetusto
1419 563 1513 598 etiam
1534 576 1620 598 more
1645 573 1827 600 sanctorum

1077 612 1203 646 Pati-um
1235 620 1280 646 est
1310 613 1337 646 iu
1367 621 1473 647 sancta
1510 613 1652 648 Romana
1686 614 1828 650 Ecclesia

1076 661 1302 704 introductum,
1325 661 1408 708 quod
1433 662 1568 697 Romani
1592 662 1772 703 Pontifices,
1797 665 1827 698 in

1074 712 1168 745 certis
1189 719 1219 746 et
1243 712 1419 757 praecipuis
1439 711 1599 747 Ecclesiae
1616 712 1772 759 praefatae
1783 726 1828 747 so-

1075 760 1300 800 lemnitatibus,
1326 773 1391 804 eos,
1414 761 1467 808 qui
1497 774 1593 796 novas
1623 761 1827 808 pedagiorum

1074 811 1255 845 exactiones
1273 817 1409 845 statuere
1439 810 1486 845 vel
1511 811 1672 857 imponere
1692 823 1828 857 praesu—

1075 868 1175 899 munt,
1191 860 1249 894 nisi
1265 859 1328 893 siut
1351 860 1488 906 legitima
1501 860 1684 895 auctoritate
1697 860 1827 903 suffulti,

1077 910 1230 943 sententia
1254 910 1592 944 excommunicationis
1620 909 1793 945 involvunt.

1122 963 1137 1001 ᾗ
1164 961 1192 993 l.
1220 958 1303 993 Sane
1328 971 1438 1006 nuper,
1461 959 1543 994 sieut
1565 960 1759 1006 accepimus⁷
1776 960 1825 994 os-
1853 973 1964 998 eamdam
1991 979 2027 1005 ²1¹⁴

1075 1007 1190 1043 ticiales
1224 1020 1278 1042 seu
1301 1008 1436 1055 populus
1460 1008 1554 1044 Urbis
1574 1021 1636 1043 non
1659 1009 1826 1044 attenden-
1838 1003 2028 1055 ξξζξῇζζζζᾯζήξρῖῗ

1074 1064 1119 1091 tes
1149 1057 1331 1103 praemissa,
1353 1057 1473 1105 absque
1502 1066 1606 1093 nostra
1635 1058 1771 1102 lieentia,
1786 1059 1826 1094 de
1841 1066 1872 1085 Μ*
1899 1066 2016 1091 imr0³³¹⁶ffl

1075 1119 1154 1140 novo
1176 1106 1329 1152 gabellum
1345 1120 1399 1141 seu
1417 1107 1555 1153 gabellas
1577 1120 1612 1142 ac
1637 1120 1713 1142 nova
1731 1109 1827 1143 vecti-

1073 1155 1151 1200 galia
1190 1156 1218 1190 in
1256 1156 1338 1189 dicta
1379 1156 1464 1191 Urbe
1504 1157 1668 1192 instituere
1710 1165 1827 1192 temere

1075 1213 1356 1251 praesumpserunt
1386 1207 1415 1239 in
1440 1218 1589 1252 magnum
1635 1206 1826 1253 reipublicae

1072 1266 1108 1286 ac
1133 1254 1285 1287 libertatis
1307 1254 1422 1289 civium
1447 1267 1662 1296 romanorum,
1686 1268 1743 1290 nec
1764 1269 1827 1291 non

1074 1302 1301 1344 Ecclesiarum,
1325 1303 1512 1339 clericorum
1534 1312 1563 1339 et
1586 1305 1826 1351 peregrinorum

1074 1352 1302 1397 praeiudicium
1336 1362 1363 1386 et
1399 1366 1580 1399 gravamen,
1615 1363 1828 1401 proponentes

1072 1400 1214 1436 dedicta
1247 1401 1367 1447 gabella
1396 1411 1504 1437 tenere
1531 1411 1647 1437 certam
1685 1403 1826 1438 militiam

1072 1450 1227 1496 equitum,
1250 1460 1279 1485 et
1302 1451 1340 1485 de
1364 1451 1504 1486 eiusdem
1528 1452 1668 1499 gabellae
1691 1466 1827 1500 proven-

1073 1500 1156 1534 tibus
1184 1500 1339 1548 stipendia
1365 1502 1485 1536 solvere
1511 1502 1671 1549 equitibus
1699 1514 1823 1538 memo-

1073 1558 1158 1584 ratis.

1121 1603 1136 1641 ξ
1158 1602 1190 1633 ⁶2.
1214 1600 1279 1634 Nos
1296 1600 1391 1646 igitur
1413 1600 1624 1645 attendentes,
1640 1601 1724 1648 quod
1740 1602 1825 1637 eius-

1071 1647 1142 1682 dem
1176 1649 1316 1695 gnbcllae
1350 1662 1405 1684 seu
1442 1650 1638 1695 vectigalium
1670 1651 1825 1687 institutio

1071 1697 1172 1731 eidem
1202 1698 1397 1745 reipublicae
1425 1712 1460 1734 ac
1494 1699 1627 1734 libertati
1668 1701 1824 1736 ecclesia-

1071 1749 1177 1791 sticae,
1211 1756 1240 1782 et
1276 1748 1466 1783 immunitati
1504 1749 1660 1784 dictorum
1695 1751 1823 1791 civium,

1072 1808 1129 1831 nec
1153 1809 1213 1831 non
1231 1797 1417 1833 clericorum
1441 1807 1470 1834 et
1489 1800 1730 1845 peregrinorum
1755 1801 1827 1849 plu-

1072 1846 1183 1880 rimum
1210 1847 1440 1893 praeiudicialis
1479 1848 1595 1889 existit,
1623 1857 1654 1884 et
1676 1850 1761 1897 quod
1789 1863 1825 1885 ex

1071 1895 1227 1941 praedicta
1271 1897 1382 1932 militia
1422 1898 1607 1933 eorumdem
1649 1899 1766 1934 civium
1795 1909 1825 1935 et

1069 1945 1202 1979 aliorum
1245 1946 1416 1992 plurimum
1451 1949 1674 1994 oppressiones
1702 1957 1733 1984 et
1767 1950 1824 1985 alia

1070 1995 1147 2029 mala
1192 1996 1423 2042 quamplurima
1477 2006 1605 2044 possent
1652 1999 1754 2046 sequi,
1789 2012 1825 2035 ac

1070 2044 1208 2079 volentes
1232 2053 1396 2092 propterea
1425 2048 1622 2094 perniciosae
1640 2048 1822 2084 huiusmodi

1070 2094 1196 2129 novitati
1225 2096 1371 2141 congruis
1400 2096 1547 2131 remediis
1569 2097 1706 2139 obviare,
1731 2111 1824 2146 prae-

1067 2143 1167 2178 dictas
1189 2144 1328 2191 gabellas
1350 2146 1472 2180 noviter
1495 2147 1752 2194 praesumptione
1776 2157 1824 2183 te—

1068 2194 1200 2227 meraria
1225 2194 1396 2233 institutas,
1419 2204 1576 2243 quatenus
1600 2206 1824 2243 processerunt

1066 2242 1105 2277 (le
1131 2244 1221 2281 sacto,
1238 2245 1423 2279 auctoritate
1446 2246 1614 2291 apostolica
1637 2258 1823 2282 revocamus

1066 2301 1095 2327 et
1122 2293 1324 2327 annullamus
1358 2294 1504 2333 omnino,
1533 2295 1727 2330 exactionem
1763 2309 1822 2330 ea—

1066 2343 1209 2376 rumdem
1233 2343 1299 2377 fieri
1335 2343 1507 2378 districtius
1540 2344 1731 2386 inhibentes,
1755 2358 1821 2390 eos,

1065 2392 1118 2439 qui
1143 2400 1249 2427 contra
1291 2392 1493 2427 inhibitiones
1528 2393 1721 2435 huiusmodi,
1751 2404 1821 2442 post

1066 2441 1277 2488 praesentium
1294 2441 1454 2476 obtentam
1477 2443 1629 2485 notitiam,
1645 2444 1820 2490 praedictas

1063 2491 1200 2537 gabellas
1237 2491 1275 2525 de
1305 2504 1384 2526 novo
1421 2492 1577 2527 institutas
1609 2493 1748 2540 exigere,
1772 2495 1818 2529 ret

1063 2541 1185 2575 similes
1208 2540 1328 2587 absque
1352 2549 1455 2575 nostra
1486 2542 1608 2577 lieentia
1634 2543 1759 2589 speciali
1780 2544 1819 2578 de

1064 2603 1144 2624 novo
1171 2590 1346 2628 instituere,
1371 2603 1427 2625 nec
1451 2604 1511 2626 non
1542 2591 1622 2633 illos,
1645 2593 1700 2640 qui
1722 2605 1819 2640 super

1064 2639 1100 2673 iis
1137 2648 1293 2686 praestare
1313 2641 1357 2673 eis
1380 2641 1561 2682 consilium,
1595 2642 1751 2677 auxilium
1769 2643 1818 2678 vel

1854 1610 1952 1633 nemen,
1979 1617 2011 1631 oxi

1839 1643 1902 1669 gique
1917 1645 1981 1662 vetat.
