2274 3265
135 261 183 286 Λη,
201 260 230 286 C.
250 261 316 286 1305

139 1015 177 1036 Eas
195 1016 219 1036 ab
235 1017 308 1043 Ainost.

125 1047 178 1067 Seite
223 1048 308 1068 validari

124 1080 175 1105 petit
192 1079 280 1099 Sancia-

133 1413 192 1439 Quod
207 1412 305 1432 runca-lit

120 1444 215 1464 Pontifex

140 1866 207 1878 uuuuuu
210 1866 221 1879 e
244 1865 299 1884 tegi*

116 1895 155 1908 nae
173 1890 254 1910 liter-te.

961 256 998 279 cl
1002 256 1106 278 EMENS
1129 256 1160 277 Vt
1185 256 1233 277 ΙΨ.

329 314 402 348 dato
426 313 510 361 prius
534 314 688 361 piaclatac
710 314 831 352 Clarae,
854 312 927 346 oliui
944 311 1077 346 Sancia‹

330 364 468 410 reginae,
498 376 552 410 pio
594 363 654 398 illis
683 375 718 397 ex
755 362 922 409 praedictis
956 360 1077 404 castris,

329 414 419 448 terris
458 425 511 448 seu
528 412 719 453 civitatibus,
744 424 825 459 quae
847 412 884 445 de
908 423 993 445 mero
1018 410 1076 444 de-

329 463 434 498 manio
457 463 542 509 regio
566 475 628 497 non
651 463 796 505 existant,
819 461 922 495 cidem
945 461 1076 494 loannae

328 513 466 559 reginae,
492 512 620 559 suisque
644 511 833 546 haeredibus
859 519 888 545 et
911 522 1076 544 successo-

329 562 415 597 ribus
449 561 614 597 antedictis
666 562 705 595 sit
741 561 858 595 licitum
895 559 974 594 bona
1010 559 1075 606 ipsa

327 612 511 647 (lemanialia
545 611 581 646 ad
619 612 666 646 sui
702 611 884 645 demanium
921 621 1076 649 revocare,

327 670 419 709 prout
442 662 517 696 haec
552 669 582 695 et
617 661 675 695 alia
698 661 779 696 circa
808 660 857 694 illa
885 660 915 694 iu
943 659 1077 706 quibus-

325 712 396 745 dam
426 710 606 758 patentibus
634 711 744 744 litteris
775 709 886 744 exinde
913 708 1076 752 consectis,

326 760 480 808 praefatae
502 759 636 794 Ioannae
661 760 786 806 reginae
808 759 912 806 sigillo
936 758 1076 802 munitis,

324 822 457 857 quarum
499 819 639 845 tenorem
668 810 707 844 de
735 786 855 844 verboD
871 808 908 843 ad
945 808 1075 842 verbum

326 859 543 906 praesentibus
576 859 669 894 inseri
711 859 854 897 fecimus,
892 858 1016 906 plenius
1046 866 1076 892 et

325 921 476 944 seriosms
497 917 687 944 continetur.

373 959 393 1006 S
414 962 446 993 2.
471 959 577 1001 Quare
593 958 727 1006 praefata
741 958 845 997 Clara,
864 958 938 991 olitu
962 957 1074 991 Saucia

324 1010 442 1054 regina,
462 1008 554 1043 nobis
572 1008 731 1043 liumiliter
745 1008 945 1054 supplicavit,
970 1015 1002 1041 ut
1025 1019 1076 1041 ra-

324 1058 537 1098 tificationem,
564 1058 823 1105 approbationem
852 1065 883 1091 et
911 1058 1076 1091 confirma-

322 1107 438 1143 tionem
474 1108 667 1150 huiusmodi,
701 1120 736 1142 ac
763 1106 833 1141 aliis
861 1119 916 1153 per
942 1106 1073 1141 candem

321 1157 469 1192 loannanl
494 1158 632 1203 reginam
648 1170 744 1203 super
763 1156 811 1190 liis
829 1156 917 1190 factis
939 1164 966 1189 et
1003 1168 1075 1190 con-

321 1208 414 1242 tentis
453 1208 483 1242 in
517 1207 628 1242 litteris
667 1206 848 1245 antedictis,
884 1205 1074 1252 apostolicae

319 1257 566 1291 confirmationis
590 1256 684 1290 robur
705 1255 842 1290 adiicere
865 1255 903 1288 de
927 1255 1074 1300 benigni-

320 1314 381 1341 tate
403 1306 574 1353 apostolica
597 1306 813 1352 dignaremur.

368 1356 388 1403 S
416 1358 448 1390 5.
479 1356 543 1390 Νο5
577 1356 681 1410 itaque
720 1355 819 1400 ipsius
841 1353 964 1393 Clarae,
997 1353 1070 1387 olim

318 1404 463 1445 Sanciae.
486 1405 635 1440 devotis
629 1417 657 1438 ιιι
682 1404 739 1438 bac
763 1412 848 1450 parte
870 1402 1071 1450 supplicatio

320 1454 413 1489 nibus
434 1463 623 1494 annuentes
648 1454 897 1492 tatilicationem,
919 1452 1072 1499 approba-

320 1504 438 1539 tionem
471 1513 501 1539 et
523 1504 794 1539 confirmationem
824 1502 1019 1540 huiusmodi,
1041 1510 1072 1536 et

317 1554 376 1589 alia
404 1555 432 1589 in
461 1554 572 1589 litteris
595 1553 742 1601 praefatis
775 1561 918 1587 contenta
944 1561 1005 1586 rata
1042 1561 1070 1586 et

316 1613 400 1650 grata
421 1604 585 1648 babentes,
609 1604 659 1638 illa
687 1603 870 1637 auctoritate
901 1602 1068 1648 apostolica

317 1665 355 1688 ex
377 1662 460 1689 certa
495 1654 625 1689 scientia
654 1653 892 1691 confirmamus,
920 1659 949 1685 et
979 1664 1070 1697 prae—

317 1703 413 1738 sentis
454 1704 563 1751 scripti
607 1702 781 1750 patrocinio
822 1701 1067 1736 communimus

315 1753 421 1788 Tenor
448 1762 554 1788 autem
569 1754 711 1787 datarum
729 1752 902 1786 litterarum
927 1750 995 1784 talis
1011 1759 1067 1785 est.

364 1803 384 1850 g
407 1803 584 1838 4.10111na
607 1802 663 1836 Dei
692 1803 789 1849 gratia
819 1802 923 1847 regina
951 1800 1069 1835 Hieru-

316 1853 414 1887 salem
446 1861 475 1887 et
514 1853 665 1892 Siciliae,
701 1853 833 1886 ducatus
853 1830 1006 1897 DApuliae
1039 1859 1067 1884 et

317 1903 512 1949 principatus
539 1901 681 1948 Capuae,
723 1900 909 1935 Provinciae
932 1907 960 1933 et
990 1899 1068 1934 For-

316 1951 490 1998 qualquerii
518 1964 554 1985 ac
576 1951 778 1985 pedemontis
801 1950 977 1992 comitissa,
1002 1949 1068 1983 nni-

317 2001 414 2034 versis
426 2013 575 2047 praesens
593 2000 787 2047 privilegium
802 1999 991 2044 inspecturis
1005 2007 1065 2033 tam

316 2050 544 2095 praesentibus,
557 2063 649 2097 quam
667 2048 947 2084 suun-issstticnnn
966 2048 1067 2082 lilialis

316 2100 508 2135 reverentiae
523 2099 682 2143 admonet,
705 2108 734 2133 et
757 2098 916 2133 charitatis
937 2098 1066 2132 allectus

314 2149 474 2195 signanter
509 2149 648 2192 inducit,
690 2159 722 2183 ut
761 2148 885 2182 inclitae¹
919 2148 1065 2181 dominae

315 2197 447 2233 Sanciae
469 2199 525 2233 Dei
554 2200 650 2246 gratia
669 2198 861 2233 Hierusalem
883 2205 910 2232 et
939 2197 1065 2231 Siciliae

315 2249 428 2293 reginae
446 2248 622 2283 reverenda·
644 2248 780 2282 domina·
805 2248 912 2281 matris
933 2255 1063 2286 nostrze,

315 2299 479 2344 potestatis
515 2306 640 2333 nostrae
680 2297 869 2345 praesidium
899 2297 1062 2331 commoda

313 2348 453 2382 studiose
476 2357 669 2395 promoveat,
684 2356 713 2382 et
727 2349 797 2382 eius
811 2354 974 2391 augmenta
990 2359 1060 2380 cum

313 2398 417 2432 solerti
446 2398 617 2432 attentione
647 2398 805 2445 producat.
846 2397 926 2431 llinc
960 2397 1062 2443 itaque

313 2447 572 2482 considerationis
594 2448 789 2488 instinctum,
806 2459 840 2481 ac
856 2446 1008 2480 babentes
1023 2447 1059 2479 ad

313 2497 411 2544 ipsam
441 2498 578 2543 reginam
604 2505 732 2531 matrem
753 2504 888 2531 nostram
914 2496 1061 2543 specialis

314 2547 537 2582 benevolentiae
552 2547 652 2581 zelum
665 2561 672 2588 3
686 2560 748 2594 quo
763 2547 883 2580 interne
899 2558 1062 2580 movemur

312 2597 381 2631 eius
402 2597 584 2644 compendia
611 2609 807 2644 promovere,
836 2596 1060 2631 conformando

313 2647 341 2681 in
366 2647 422 2681 bac
446 2656 530 2694 parte
564 2656 630 2680 vota
660 2655 761 2681 nostra
791 2646 989 2692 dispositioni
1031 2653 1059 2678 et

1753 244 1821 276 1079

1123 310 1329 357 beneplacitis
1352 310 1454 345 clarae
1483 310 1653 345 memoriae
1672 309 1789 344 domini
1823 310 1870 344 avi

1121 360 1216 394 nostri
1245 359 1443 394 Hierusalem
1467 368 1496 394 et
1535 359 1663 394 Siciliae
1691 360 1772 405 regis
1800 359 1872 393 illu—

1119 410 1204 453 stris,
1223 409 1252 443 in
1270 422 1328 443 suo
1353 409 1462 443 ultimo
1485 422 1541 456 per
1559 422 1631 444 eum
1655 409 1784 444 condito
1800 409 1873 455 legi-

1121 460 1195 493 time
1224 467 1426 502 testamento,
1455 459 1610 505 praefatae
1639 459 1766 505 reginae
1782 460 1870 493 matri

1121 518 1244 543 nostrae
1267 520 1486 556 quascumque
1507 508 1692 542 donationes
1719 516 1749 542 et
1795 521 1872 543 con-

1118 559 1279 593 cessiones
1306 559 1401 592 factas
1439 566 1469 592 et
1492 557 1627 592 indultas
1648 558 1706 592 sibi
1735 566 1796 593 tam
1818 570 1873 605 pei·

1120 608 1222 656 ipsum
1257 608 1421 643 dominum
1460 619 1550 642 avum
1593 616 1759 651 nostrum,
1794 608 1870 642 dum

1119 659 1249 697 viveret,
1276 670 1369 705 quam
1394 670 1448 704 per
1476 669 1532 691 nos
1555 656 1593 691 dc
1616 656 1870 706 quibuscumque

1120 708 1233 747 terris,
1261 708 1370 743 castris
1408 716 1503 754 atque
1533 707 1691 741 casalibus
1721 717 1752 742 et
1783 707 1872 743 bonis

1119 758 1296 794 feudalibus
1332 766 1393 792 tam
1432 757 1472 792 de
1514 757 1601 803 regni
1641 757 1806 798 demanio,
1833 771 1869 793 ex

1119 816 1202 842 certa
1232 817 1336 844 nostra
1358 807 1501 847 scientia,
1528 819 1564 841 ac
1593 807 1673 853 lege,
1695 817 1870 844 consuetu-

1119 858 1192 893 dine
1221 866 1252 893 et
1286 857 1506 901 ordinatione,
1537 869 1618 903 quae
1651 858 1869 894 alienationem

1118 907 1338 943 demaniorum
1368 908 1431 942 fieri
1461 907 1616 954 probibet,
1643 916 1674 942 et
1700 909 1785 956 quod
1814 909 1870 945 de-

1119 958 1222 993 manio
1246 959 1394 997 existant,
1418 971 1478 992 non
1506 957 1703 992 obstantibus
1724 970 1870 1006 quoquo-

1120 1008 1224 1051 modo,
1248 1021 1326 1055 quas
1350 1008 1379 1042 in
1418 1008 1475 1042 bac
1509 1015 1595 1054 parte
1623 1007 1661 1042 de
1693 1008 1759 1055 ipsa
1786 1017 1867 1044 certa

1117 1058 1247 1092 scicntia
1272 1067 1374 1093 nostra
1394 1057 1546 1096 tollimus,
1568 1069 1605 1092 ac
1627 1057 1745 1093 viribus
1766 1066 1796 1092 et
1823 1059 1870 1093 ef-

1119 1107 1223 1142 ficacia
1245 1121 1425 1151 vacuamus,
1446 1119 1539 1154 quam
1567 1106 1604 1141 ad
1622 1106 1721 1154 ipsius
1749 1108 1867 1142 domini

1116 1157 1163 1190 avi
1193 1159 1301 1197 nostri,
1329 1166 1357 1191 ct
1381 1165 1501 1191 nostras
1525 1169 1637 1191 manus
1659 1157 1725 1191 suis
1748 1157 1869 1192 vicibus

1118 1207 1342 1241 rationabiliter
1358 1206 1526 1250 devolutis,
1544 1218 1666 1241 necnon
1685 1207 1724 1241 de
1742 1207 1868 1253 quibus-

1118 1256 1161 1289 vis
1203 1257 1314 1295 terris,
1350 1257 1462 1291 castris
1501 1264 1594 1302 atque
1625 1256 1803 1300 casalibus,
1838 1267 1866 1292 et

1117 1305 1207 1340 bonis
1247 1306 1426 1353 specialiter
1458 1305 1504 1340 vel
1532 1305 1721 1351 generaliter
1743 1306 1773 1340 in
1801 1307 1868 1340 suis

1115 1355 1242 1389 casibus
1280 1356 1318 1389 ad
1353 1367 1466 1389 manus
1501 1354 1615 1402 regalis
1653 1355 1777 1395 curiae,
1811 1368 1865 1390 seu

1116 1412 1236 1439 nostras
1259 1405 1400 1451 legitime
1427 1404 1643 1444 devolvendis,
1671 1404 1736 1439 sive
1759 1405 1789 1439 in
1812 1417 1867 1439 ex-

1114 1455 1271 1489 cambium
1297 1455 1434 1502 ipsarum
1459 1462 1614 1489 terrarum
1637 1453 1866 1495 demanii,sive

1115 1503 1143 1537 in
1159 1505 1393 1539 assecutionem
1418 1504 1645 1551 provisionum,
1667 1516 1746 1551 quas
1770 1504 1866 1539 babe-

1114 1553 1165 1588 bat
1204 1563 1233 1589 ct
1261 1554 1352 1589 babet
1386 1553 1424 1588 ab
1460 1554 1526 1601 ipsa
1562 1553 1656 1599 regali
1689 1554 1798 1597 curia,
1836 1563 1864 1588 et

1114 1612 1230 1644 nostra,
1252 1617 1307 1638 seu
1335 1604 1425 1638 aliter
1446 1615 1648 1650 quocumque
1671 1603 1765 1638 modo
1786 1616 1865 1639 con-

1113 1654 1221 1694 cessis,
1240 1664 1269 1689 et
1293 1655 1422 1700 insuper
1443 1665 1555 1688 omnes
1576 1661 1606 1687 et
1627 1653 1767 1699 singulas
1790 1666 1864 1701 pro-

1114 1703 1248 1739 visiones
1282 1717 1318 1739 ac
1339 1703 1560 1743 stabilitiones,
1588 1702 1653 1738 iura
1676 1711 1706 1737 et
1744 1703 1862 1737 indulta

1112 1762 1141 1788 et
1163 1755 1386 1789 concessiones
1413 1752 1489 1788 alias
1511 1752 1636 1787 factas
1631 1753 1688 1800 ipsi
1714 1753 1861 1788 dominae

1112 1804 1202 1838 matri
1226 1812 1349 1838 nostrae
1364 1815 1460 1851 super
1474 1803 1730 1858 quibuscumque
1743 1804 1861 1841 causis

1113 1853 1205 1888 rebus
1226 1862 1319 1900 atque
1347 1853 1480 1900 negotiis
1496 1861 1557 1887 tam
1573 1864 1628 1899 per
1641 1852 1743 1899 ipsum
1757 1853 1861 1887 domi-

1111 1916 1186 1938 num
1203 1916 1294 1937 avum
1320 1911 1474 1942 nostium,
1496 1914 1575 1950 quas
1598 1905 1693 1945 noso
1702 1906 1861 1950 >postmo-

1110 1953 1184 1987 dnm
1213 1953 1273 1988 sub
1304 1964 1504 2000 quacumque
1538 1953 1635 1986 forma
1663 1960 1693 1986 et
1731 1965 1861 1999 expres-

1109 2004 1198 2038 sione
1227 2002 1406 2047 v,erl)orum
1428 2014 1602 2049 eorumque
1625 2001 1753 2046 litteras,
1770 2003 1858 2049 privi-

1110 2052 1187 2095 lenia
1210 2060 1240 2087 et
1272 2052 1391 2087 indulta
1416 2051 1546 2098 proinde
1568 2063 1729 2091 concessa,
1757 2052 1858 2086 cuius

1108 2114 1244 2149 euinque
1271 2102 1333 2136 sint
1372 2102 1586 2136 continentiae
1629 2113 1684 2135 seu
1718 2102 1858 2144 tenoris,

1107 2164 1282 2199 eorumque
1309 2151 1514 2186 substantiam
1543 2159 1573 2185 et
1595 2151 1740 2185 ellectum
1763 2151 1855 2186 etiam

1107 2202 1130 2235 si
1161 2202 1238 2236 foret
1265 2202 1449 2248 expedienS,
1477 2200 1561 2248 quod
1600 2201 1687 2235 lieret
1722 2201 1760 2235 tle
1797 2201 1857 2235 illis

1108 2252 1326 2298 praesentibus
1348 2263 1495 2297 expressa
1524 2250 1664 2290 mentio,
1699 2262 1735 2285 ac
1762 2251 1854 2285 etiam

1106 2302 1252 2348 specialis
1281 2300 1461 2335 huiusmodi
1495 2300 1649 2347 privilegii
1682 2300 1780 2344 serie,
1816 2301 1855 2334 tle.

1106 2359 1188 2385 certa
1219 2360 1321 2385 nostra
1350 2351 1492 2394 scientia,
1516 2358 1601 2384 motu
1626 2350 1735 2394 libero,
1756 2351 1854 2396 gratia

1105 2401 1233 2447 speciali
1249 2409 1279 2436 et
1303 2401 1460 2435 dominica
1475 2408 1640 2448 potestate,
1655 2400 1694 2435 de
1720 2400 1854 2435 consilio

1105 2460 1133 2484 et
1160 2464 1290 2485 assensu
1308 2450 1449 2485 omnium
1473 2450 1717 2495 gubernatorum
1741 2458 1771 2484 et
1797 2450 1854 2484 ad-

1107 2500 1352 2535 ministratorum
1392 2508 1570 2534 nostrorum
1606 2500 1797 2534 ratificamus
1823 2509 1851 2534 et

1104 2551 1326 2597 approbamus,
1345 2562 1380 2585 ac
1407 2550 1553 2598 specialis
1581 2557 1703 2585 nostrae
1730 2549 1853 2584 confir-

1105 2601 1250 2635 mationis
1275 2600 1429 2647 praesidio
1462 2600 1708 2641 communimus,
1740 2599 1853 2647 illaque

1138 2660 1175 2689 (l)
1197 2659 1257 2692 [βξ.
1276 2659 1291 2684 Ῑ’.
1317 2668 1394 2690 quum
1411 2667 1458 2689 per
1479 2666 1533 2685 nox,

1887 251 1934 277 An.
1954 250 1982 276 C.
1999 250 2067 277 151ιῦ
