2274 3265
113 252 291 279 An.C.135s»

120 1499 275 1519 Contrariorum

138 1531 252 1555 vlf-rogatio.

118 2337 193 2358 Boium
218 2341 285 2358 ‚stutu-

105 2373 171 2388 torum
212 2375 285 2394 ruptae

105 2403 190 2425 quantu
204 2408 272 2420 minu

106 2434 152 2451 lium
174 2438 195 2451 c(

104 2461 140 2483 lius
157 2463 208 2482 «land
218 2470 243 2481 ιυ,

905 249 1097 272 ΙΗΞΝΕΙ)11“,““115
1122 250 1166 272 xli
1193 250 1240 271 Pht

308 316 373 339 rum
391 311 549 351 poterunt,
563 304 631 339 Deo
646 303 789 351 propitio,
802 303 921 337 l'acilius
943 304 1054 337 trinin-

309 353 416 401 pbarc,
446 366 501 401 per
522 366 630 388 eorum
648 353 876 400 publicationes
895 352 1055 387 solemnes

306 403 342 438 ad
371 411 555 438 cunctorum
594 404 800 450 professorum
829 401 902 437 dicti
935 402 1054 436 ordinis

307 453 447 487 notitiam
466 453 672 494 deducantur,
688 465 724 487 ac
745 452 854 486 devote
876 460 906 486 et
922 452 1054 486 fideliter

307 502 514 537 observentur
535 502 573 537 ab
595 503 657 542 eis3
679 502 861 537 anctoritate
882 501 1052 549 apostolica

308 561 413 587 tenore
436 554 646 599 praesentium
670 552 862 592 ordinamus,
884 551 968 598 quod
991 559 1054 584 sta-

307 611 372 638 tuta
393 610 423 636 et
451 601 662 637 ordinationes
701 600 854 648 praedicta
887 614 915 635 in
946 601 1054 647 primis

306 663 415 686 eorum
443 650 580 697 generali
603 658 632 685 et
652 651 895 697 provincialibus
911 650 1054 697 capitulis

306 713 321 738 a
339 700 493 747 principio
516 712 617 747 nsque
639 700 676 734 ad
702 700 794 735 linem
817 701 946 746 integre
963 707 1054 747 prout

307 750 418 790 iacent
457 750 598 795 legantur
633 749 758 797 publice
795 759 824 785 et
870 750 1054 785 solemniter

306 798 521 845 publicentur,
561 811 732 853 earumque
769 800 913 845 singulae
947 800 1054 846 copiae

306 848 439 894 singulis
460 848 612 882 ministiis
640 849 886 895 provincialibus
911 849 949 884 ad
974 862 1054 896 ptae-

305 898 401 932 latum
435 897 569 944 primum
608 898 821 954 ωρὶ--ῦιυΙιιῐη
804 899 948 934 ‹reuerile
971 911 1055 933 con-

306 945 507 982 venientibus
548 959 604 993 per
643 948 820 983 ministrum
862 949 1053 995 geneialem,

305 997 372 1031 eius
393 1005 423 1032 et
443 996 648 1031 diffinitorum
672 997 812 1032 eiusdem
836 998 963 1045 capituli
999 1010 1053 1044 ge-

306 1045 419 1081 neralis
440 1046 553 1092 sigillis
565 1046 717 1091 sigillatae
742 1047 904 1082 tradantur
916 1055 945 1082 et
960 1048 1052 1082 etiam

304 1096 514 1142 assignentur.
543 1095 651 1130 itidem
683 1109 810 1143 qnoque
847 1097 1054 1143 provinciales

305 1145 438 1180 ministri
461 1146 583 1192 copiam
606 1154 791 1180 statutorum
820 1155 846 1181 et
879 1146 1053 1181 ordinatio-

305 1207 380 1229 num
409 1194 588 1232 buiusmodi
612 1196 744 1240 singulis
759 1195 965 1230 conventibus
983 1208 1053 1241 pro-

306 1245 483 1284 vinciarum,
500 1256 630 1279 suarum
655 1245 730 1278 infra
746 1245 878 1279 duorum
895 1245 1051 1279 mensium

304 1295 438 1341 spatium
463 1303 531 1340 post
550 1293 795 1340 publicationem
812 1306 921 1328 eorum
941 1295 969 1327 in
986 1295 1052 1328 suis

305 1343 549 1389 provincialibus
589 1344 734 1389 capitulis
779 1344 890 1378 factam
932 1344 1053 1378 mittere

305 1401 482 1429 teneantur.

351 1442 372 1489 S
399 1443 455 1476 35.
481 1441 636 1477 Volumus
676 1442 766 1476 etiam
807 1450 835 1476 et
869 1443 1053 1476 auctoritate

302 1491 469 1529 statuimus
496 1491 689 1538 supradicta,
731 1491 815 1538 quod
860 1492 889 1525 in
918 1492 1052 1537 singulis

304 1541 511 1576 conventibus
537 1541 612 1576 dicti
637 1541 757 1575 ordinis
781 1549 892 1575 statuta
917 1550 943 1575 ct
974 1541 1051 1575 ordi-

303 1592 447 1627 nationes
469 1591 604 1637 praefata
628 1591 770 1637 legantur
788 1590 925 1637 quolibet
945 1603 1052 1625 mense

303 1640 422 1680 semel,
449 1649 480 1674 et
507 1640 589 1687 quod
613 1640 769 1687 quaelibet
795 1641 852 1675 alia
886 1649 998 1675 statuta
1022 1650 1050 1675 et

303 1690 517 1725 ordinationes
556 1690 698 1724 eiusdem
727 1690 861 1733 ordinis,
896 1691 1050 1725 contraria

304 1741 342 1774 iis
364 1740 480 1775 nostris
502 1739 754 1774 ordinationibus
776 1748 805 1774 et
828 1742 963 1782 statutis,
984 1741 1051 1786 ipso

304 1789 383 1826 facto
405 1790 490 1823 omni
511 1789 622 1824 robore
644 1798 767 1824 careant
792 1798 821 1823 ot
843 1790 934 1824 etiam
959 1790 1052 1823 sirini-

302 1848 372 1874 tate.
396 1838 478 1875 Dicti
502 1851 629 1886 quoque
645 1839 778 1873 ministri
799 1848 828 1873 et
852 1839 1049 1873 l'rat1·es‹licti

301 1888 430 1929 ordinis,
458 1896 637 1934 praesentes
659 1897 687 1922 et
717 1890 843 1934 posteri,
864 1897 969 1923 contra
997 1902 1050 1922 or-

302 1938 480 1971 dinationes
513 1946 542 1971 et
565 1945 676 1972 statuta
722 1947 825 1972 nostra
868 1938 1048 1972 huiusmodi

302 1987 471 2034 quicquam
492 1996 629 2022 statuere
649 1987 695 2021 vel
711 1988 803 2022 etiam
824 1987 980 2031 ordinare,
997 1996 1049 2022 aut

302 2036 528 2071 observantiam
570 2037 706 2092 aliquam
752 2037 949 2072 introducere
988 2050 1048 2071 non

303 2094 522 2132 piaesumant:
546 2087 628 2133 quod
649 2087 673 2121 si
697 2098 788 2121 secus
812 2095 1048 2141 praesumptum

303 2136 406 2174 l'uerit,
442 2135 472 2169 id
509 2136 693 2170 auctoritate
729 2136 898 2183 apostolica
928 2136 1047 2170 irritum

301 2185 502 2220 decernimus
530 2193 561 2219 et
595 2186 698 2225 inane,
720 2195 749 2220 et
777 2187 893 2220 nullius
922 2186 1049 2233 penitus

301 2235 432 2270 existere
459 2235 627 2269 firmitatis.

349 2285 444 2327 §56
473 2283 628 2319 Volumus
662 2285 752 2319 etiam
787 2293 815 2319 et
852 2285 1048 2325 mandamns,

301 2335 382 2381 quod
406 2334 520 2381 singuli
545 2334 677 2369 ministri
707 2335 913 2381 provinciales
937 2335 965 2368 in
984 2335 1049 2369 sin-

276 2413 285 2415 -
301 2385 381 2429 gulis
400 2385 467 2418 suis
491 2384 659 2431 provinciis
681 2384 812 2430 singulis
839 2384 1049 2419 conventibus

195 2437 285 2451 '¹¹““¹'²¹‘
303 2434 483 2468 monialium
514 2433 754 2480 praedictarum,
781 2446 860 2481 quae
888 2433 948 2468 sub
975 2446 1046 2468 cura

302 2496 354 2517 sen
370 2484 524 2529 regimine
538 2483 694 2518 dictorum
712 2483 840 2518 fratrum
861 2484 1047 2518 consistunt.

303 2535 331 2566 in
368 2541 519 2581 quantuni
561 2545 613 2567 eas
647 2542 772 2578 tangere
809 2534 853 2567 vel
896 2534 1049 2580 respicere

301 2583 541 2629 dignoscuntur,
565 2583 642 2616 infra
658 2582 775 2617 dictum
800 2583 970 2618 terminum
988 2583 1049 2618 sub

300 2643 407 2668 eorum
445 2641 475 2667 et
512 2631 713 2667 diffinitorum
757 2632 867 2679 sigillis
910 2632 1049 2679 singulas

1727 239 1740 270 1
1754 240 1759 270 l
1772 241 1791 270 5

1095 303 1201 350 copias
1227 303 1361 337 debeant
1383 303 1558 349 assignarez
1587 315 1686 350 eaque
1719 303 1840 338 eisdem

1095 352 1302 387 conventibus
1338 352 1395 397 legi
1437 365 1472 387 ac
1513 353 1693 399 vulgarizari
1729 353 1842 388 faciant

1095 411 1123 435 et
1145 402 1276 448 exponi:
1297 414 1332 436 ac
1355 402 1414 436 snb
1438 403 1548 448 poenis
1570 404 1724 437 ‹ontcntis
1743 404 1771 437 in
1798 403 1842 437 cis

1095 451 1235 485 districte
1258 451 1411 494 mandati,
1428 459 1460 485 ut
1479 452 1527 485 illa
1545 452 1694 499 deinceps
1709 452 1841 487 dtbeant

1096 500 1315 534 inviolabiliter
1336 501 1511 536 observart.

1142 550 1162 598 S
1185 552 1241 584 57.
1278 550 1360 584 Nulli
1401 563 1475 597 ergo
1511 551 1640 585 omnino
1679 550 1841 585 bominum

1095 600 1184 634 liceat
1200 600 1280 634 bano
1295 600 1437 646 paginam
1454 607 1844 640 nostrorumstatutorum,

1095 650 1342 691 ordinationum,
1363 650 1557 684 voluntatum
1578 658 1607 684 et
1624 649 1841 685 mandatorum

1096 699 1264 745 iufringere
1286 707 1340 733 etc.

1143 749 1257 783 Datum
1286 748 1448 783 Avenione
1476 756 1586 795 quarto
1615 748 1763 783 kalendas
1790 748 1845 783 de-

1095 798 1242 838 cembris,
1265 798 1465 846 pontificatus
1483 798 1577 833 nostri
1594 810 1676 832 anno
1694 798 1843 832 secundo.

1119 860 1179 890 Dat.
1196 861 1242 891 die
1258 860 1295 891 ⁰28
1311 860 1479 890 novembris
1496 860 1582 897 1336,
1600 864 1677 899 pont.
1695 869 1770 890 anno
1787 869 1816 889 n.

1431 1011 1499 1046 Xll.

1095 1086 1220 1118 Stantia
1259 1092 1284 1117 et
1320 1086 1528 1118 ordinationes
1558 1096 1614 1129 pro
1650 1086 1728 1118 bono
1764 1085 1845 1128 reqi-

1142 1136 1221 1168 mine
1238 1135 1495 1168 Poem'ecntiariae
1509 1135 1704 1179 Apostolicae
1724 1135 1846 1179 eiusque

1144 1185 1337 1229 officialium,
1373 1197 1409 1217 ac
1435 1186 1537 1229 forma
1559 1185 1725 1218 iuramenti
1748 1195 1843 1229 prae-

1144 1235 1250 1267 standi
1270 1235 1309 1267 ab
1335 1234 1445 1267 eisdem
1469 1235 1530 1277 (sl).

1365 1311 1579 1341 SUMMARlUM

1094 1376 1284 1409 Prooemium.
1303 1396 1341 1400 ——
1361 1380 1386 1408 1.
1405 1378 1540 1409 Sancitae
1560 1379 1614 1408 bae
1634 1379 1712 1417 leges
1733 1385 1763 1409 ut
1786 1385 1846 1409 tuto

1133 1424 1200 1461 quis
1221 1424 1248 1453 in
1269 1424 1363 1453 officio
1383 1423 1628 1453 Poenitentiariae
1647 1433 1677 1452 se
1701 1428 1790 1461 gerat.
1808 1441 1847 1446 —

1133 1466 1159 1496 2.
1182 1467 1221 1497 De
1240 1469 1358 1498 doctore
1378 1468 1546 1497 adhibendo
1567 1469 1594 1497 in
1619 1468 1777 1499 consilium
1795 1479 1846 1508 per

1134 1521 1283 1542 summum
1303 1513 1565 1543 poenitentiarium
1590 1514 1617 1543 in
1638 1512 1759 1542 casibus
1783 1523 1843 1543 am-

1133 1556 1240 1594 biguis.
1262 1575 1301 1579 —
1323 1558 1350 1587 3.
1369 1557 1407 1587 De
1426 1558 1481 1587 alia
1502 1567 1628 1597 persona
1648 1566 1700 1597 per
1717 1559 1843 1588 eundem

1133 1602 1298 1640 deputanda
1313 1604 1347 1633 ad
1359 1603 1538 1642 expedienda
1550 1603 1663 1640 negotia
1673 1611 1730 1632 non
1745 1603 1843 1633 dubia.

1131 1662 1169 1667 —
1183 1646 1211 1675 4.
1224 1646 1263 1676 De
1278 1652 1476 1677 correctorum
1488 1647 1592 1682 officio,
1611 1646 1783 1684 sigillatum,
1794 1652 1844 1677 etc.

1131 1706 1169 1711 -
1181 1691 1208 1720 5.
1224 1690 1262 1721 De
1279 1691 1443 1721 iuramento
1462 1701 1476 1720 a
1497 1691 1664 1730 supradicto
1683 1692 1801 1721 doctore
1817 1699 1843 1722 et

1132 1734 1188 1764 alia
1207 1745 1330 1774 persona
1351 1736 1486 1774 deputata
1509 1736 1691 1774 praestando.
1708 1753 1747 1758 —
1762 1737 1789 1766 ὃ.
1805 1736 1843 1765 De

1132 1780 1401 1818 supplicationibus
1422 1780 1516 1819 Papae
1539 1780 1682 1818 legendis.
1698 1797 1736 1803 ——
1752 1781 1777 1810 7.
1794 1781 1843 1811 Ni-

1133 1823 1172 1852 bil
1197 1833 1248 1863 pro
1277 1824 1371 1854 literis
1401 1824 1498 1854 taliter
1526 1825 1667 1863 expeditis
1692 1826 1841 1864 accipien-

1131 1867 1210 1897 dum.
1233 1886 1272 1891 —
1289 1869 1317 1898 8.
1337 1868 1376 1898 De
1395 1869 1487 1903 horis,
1503 1869 1613 1908 quibus
1632 1869 1759 1908 quisque
1778 1879 1841 1909 poe-

1131 1913 1318 1942 nitentiarius
1338 1915 1443 1943 sistere
1464 1913 1490 1942 in
1507 1913 1638 1943 Ecclesia
1655 1913 1751 1943 debet.
1763 1930 1802 1936 --
1815 1915 1842 1944 9.

1130 1956 1258 1995 Benigne
1278 1967 1328 1996 per
1348 1967 1399 1987 eos
1420 1967 1487 1987 cum
1511 1957 1729 1997 poenitentibus
1753 1968 1843 1996 agen-

1130 2001 1210 2031 dum.
1233 2019 1271 2024 —
1290 2003 1336 2032 10.
1355 2002 1484 2032 Termini
1508 2002 1643 2032 nonnulli
1669 2002 1840 2032 facultatum

1130 2047 1312 2076 eorumdem.
1329 2064 1369 2069 -—
1390 2047 1433 2076 ll.
1452 2047 1491 2077 De
1511 2047 1668 2077 mulierum
1685 2048 1841 2078 audiendis

1130 2090 1378 2121 confessionibus.
1405 2108 1444 2114 —
1473 2092 1518 2121 1⁹2.
1539 2091 1650 2121 Literae
1672 2092 1840 2123 absolutio-

1130 2135 1175 2164 nis
1199 2135 1241 2164 vel
1270 2136 1501 2175 dispensationis
1531 2137 1649 2166 nonnisi
1680 2146 1731 2176 per
1762 2137 1839 2166 scri-

1130 2186 1226 2219 ptores
1251 2181 1284 2209 atl
1306 2181 1332 2209 id
1353 2181 1508 2220 deputatos
1530 2180 1713 2211 scribendae.
1736 2199 1774 2203 —
1793 2182 1840 2212 13.

1130 2224 1351 2255 Poenitentiarii
1366 2236 1379 2255 a
1398 2226 1576 2255 detractione
1592 2230 1642 2255 etc.
1664 2226 1840 2256 abstineant.

1128 2286 1168 2291 —-
1188 2270 1231 2299 1-1.
1254 2269 1292 2299 De
1316 2270 1481 2309 peregrinis
1513 2269 1711 2309 expediendis.
1733 2287 1771 2292 —
1794 2271 1840 2300 15.

1130 2313 1351 2344 Poenitentiarii
1382 2314 1447 2343 aliis
1474 2314 1626 2344 facultates
1660 2323 1728 2343 suas
1755 2324 1837 2344 com-

1129 2360 1282 2388 municare
1300 2368 1357 2389 non
1381 2363 1514 2398 possunt.
1532 2376 1571 2380 —
1590 2359 1636 2389 16.
1658 2358 1695 2388 De
1718 2359 1838 2389 conses-

1129 2404 1216 2433 sariis
1246 2404 1274 2433 in
1293 2404 1472 2434 adiutorium
1496 2404 1647 2434 admissis.
1669 2421 1707 2425 —
1736 2404 1782 2433 17.
1800 2403 1839 2433 De

1130 2449 1237 2486 sigillis
1262 2449 1296 2478 ad
1317 2449 1414 2479 literas
1438 2449 1622 2486 sigillandas
1650 2465 1689 2470 —
1712 2449 1758 2479 18.
1778 2448 1838 2478 Duo

1129 2493 1229 2523 clerici
1258 2493 1416 2532 deputandi
1448 2494 1482 2523 ad
1512 2494 1683 2524 huiusmodi
1713 2503 1837 2524 conser-

1130 2538 1219 2567 vanda
1241 2538 1348 2576 sigilla.
1370 2555 1409 2560 -—
1437 2539 1483 2568 19.
1506 2537 1544 2568 De
1568 2538 1760 2569 distributore
1784 2548 1837 2578 pe-

1130 2584 1274 2612 titionum.
1303 2600 1342 2605 —
1366 2583 1412 2613 20.
1438 2583 1528 2621 Leges
1546 2583 1705 2614 nonnullae
1728 2593 1741 2613 a
1766 2584 1840 2614 scri·

1125 2646 1163 2680 (t)
1183 2646 1220 2671 Ex
1239 2646 1340 2680 Regest.
1363 2646 1389 2672 in
1409 2645 1516 2672 Archiv.
1536 2646 1621 2673 Vatic.

1891 564 1924 583 (ila

1859 248 1893 273 ΧΠ
1923 248 2030 274 (Li-'⁷13⁶

1928 565 2007 584 nautae.
