2274 3265
98 281 147 307 An.
164 280 193 305 C.
213 278 274 305 159¹

113 785 143 805 ὃς.
178 784 286 803 viduarum

101 846 195 866 scribitur

900 274 1091 299 BoNtFACtns
1119 275 1151 297 ΙΧ
1182 275 1229 297 tw.

298 331 464 372 librum,in
476 342 537 377 quo
555 330 686 365 lidclitcr
703 338 904 370 annotantur,
922 330 1043 377 perqui-

297 393 364 417 rere
381 382 516 416 curiose.

346 436 361 475 g
384 433 438 465 50.
462 430 540 464 Vota
575 437 678 464 antem
711 430 793 477 apud
817 429 1044 464 monasterinm

299 482 328 516 in
352 480 541 515 Vuatzsteno
564 479 792 526 supradictum,
815 479 852 514 ad
881 478 964 526 qnod
993 490 1047 512 ve-

298 530 436 565 nerabile
458 541 575 576 corpus
601 529 693 563 buius
721 529 903 564 benedictae
926 527 1046 562 Viduae

300 579 486 615 translatum
523 578 592 616 suit,
629 579 800 626 persoluta,
829 587 859 613 et
885 579 1047 626 appositae

300 630 452 676 imagines
465 639 500 662 ac
514 636 634 662 statuae
657 641 806 676 magnum
831 627 1046 663 testimonium

301 679 472 727 perhibent
494 677 626 712 veritati.

349 733 364 772 g
386 726 686 774 51.th110niam
703 740 758 775 per
780 728 887 763 Sancti
910 726 1049 774 Spiritus

300 778 527 825 operationem
545 778 620 811 baec
643 777 743 812 Vidua
764 777 905 824 pervigil,
927 789 982 824 per
1000 789 1051 811 ex-

301 827 446 862 cellentia
471 827 594 871 merita,
619 827 650 860 in
672 827 728 862 Dei
751 827 853 862 Patris
871 827 969 874 gloria
989 826 1049 861 col-

302 878 412 920 locata,
447 875 633 911 militantem
665 877 894 924 propemodum
918 876 1050 911 illustrat

302 927 491 968 Ecclesiam,
514 938 636 973 nosque
664 935 827 972 gustamus
853 935 882 961 et
905 926 1050 961 videmus

302 977 373 1024 quia
399 976 478 1011 bona
510 976 567 1010 fuit
590 984 619 1010 et
642 985 688 1010 cst
715 976 884 1022 negotiatio
911 976 998 1018 eius,
1021 984 1052 1010 et

301 1035 465 1073 propterea
488 1026 517 1060 in
547 1034 638 1060 nocte
660 1026 912 1072 supervenientis
934 1033 1053 1072 tempo-

302 1075 374 1110 ralis
397 1077 510 1110 mortis
531 1076 613 1115 eins,
635 1076 785 1110 virtutum
809 1083 840 1110 et
862 1076 1050 1110 meritorum

301 1125 428 1160 lucerna
453 1137 514 1160 non
537 1125 632 1159 debet
649 1125 803 1171 extingui
817 1132 864 1159 est
885 1126 968 1159 enim
990 1137 1050 1159 non

301 1175 362 1209 sub
379 1175 497 1215 modio
513 1174 567 1209 sed
584 1186 681 1222 super
699 1174 922 1209 candelabrum
938 1175 1051 1229 posita,

301 1233 332 1259 et
355 1237 410 1272 per
431 1224 558 1260 Domini
596 1225 774 1259 universam
804 1223 934 1258 domurn
961 1224 1052 1258 inex-

302 1274 469 1320 tinguibile
506 1274 612 1308 lumen
647 1273 745 1314 affert,
767 1273 842 1319 quin
867 1274 971 1319 potius
998 1273 1050 1307 filii

302 1331 429 1358 sanctae
455 1324 564 1358 matris
585 1323 745 1357 Ecclesiae
770 1330 900 1368 surgant
926 1332 955 1357 et
983 1322 1054 1357 bea-

303 1374 453 1408 tissimam
474 1372 669 1420 praedicent
691 1372 785 1419 eique
804 1372 879 1405 dent
894 1371 932 1406 de
948 1371 1050 1405 fructu

302 1435 454 1457 manuum
469 1434 608 1461 suarum,
621 1421 812 1468 laudentque
825 1432 893 1455 eam
911 1421 940 1454 in
954 1421 1052 1476 portis

303 1473 411 1506 matris
433 1471 593 1506 Ecclesiae
615 1483 707 1518 opera
731 1472 809 1505 eius.
834 1470 898 1505 Nos
913 1471 979 1517 qni,
997 1483 1052 1517 pro

303 1522 445 1556 iniuncto
474 1521 642 1555 ministerii
672 1520 834 1567 pastoralis
859 1520 972 1560 officio,
995 1532 1050 1554 sn-

303 1583 374 1606 mus
395 1570 593 1618 sapientibus
608 1578 637 1604 et
653 1569 874 1617 insipientibus
893 1569 1052 1604 debitores

304 1633 359 1667 per
380 1633 414 1656 ca
437 1632 519 1668 quae
549 1629 610 1654 tam
635 1619 674 1654 de
697 1619 797 1654 felicis
826 1619 1052 1654 recordationis

302 1670 447 1717 Gregorii
476 1669 521 1704 Xl
540 1678 571 1704 et
592 1669 712 1704 Urbani
735 1669 776 1703 Vt
799 1669 892 1703 Rom.
918 1668 1052 1703 Pontifi-

303 1733 387 1761 cum,
423 1719 702 1767 praedecessorum
732 1727 930 1757 nostrorum,
958 1731 1050 1766 quam

304 1770 452 1804 mandato
475 1777 580 1804 nostro
603 1781 700 1816 super
722 1769 771 1803 his
795 1768 898 1803 habita
914 1777 999 1813 sunt,
1014 1769 1052 1803 de

304 1820 433 1854 veritate
454 1819 696 1866 praemissorum
721 1831 777 1866 per
803 1826 899 1853 testes
922 1818 1053 1852 idoneos

303 1878 334 1902 et
360 1869 435 1903 alias
459 1868 659 1916 probationes
695 1868 848 1914 legitimas
871 1868 988 1902 certius
1010 1868 1053 1902 in-

304 1919 454 1962 formati,
474 1918 584 1963 eisque
618 1918 700 1952 veris
733 1917 915 1964 compertis,
942 1925 973 1951 et
996 1929 1052 1964 pro

304 1976 390 2014 parte
425 1967 606 2002 carissimae
634 1967 713 2001 filiae
749 1968 779 2000 in
808 1966 936 2000 Christo
972 1966 1052 2000 filiae

303 2026 427 2051 nostrae
450 2017 638 2062 Margaritae
667 2017 792 2062 reginae
814 2016 944 2051 Sveciae
974 2016 1052 2050 illu-

302 2067 375 2101 stris
390 2079 424 2101 ac
437 2067 646 2114 praelatorum
663 2074 692 2100 et
709 2078 873 2112 procerum
888 2066 975 2112 regni
990 2066 1050 2109 sui,

303 2128 427 2151 necnon
463 2116 648 2151 dilectorum
679 2115 828 2159 liliorum,
852 2115 960 2162 populi
984 2114 1053 2149 osti-

303 2166 430 2200 cialium
462 2166 564 2200 almae
600 2165 696 2199 Urbis
729 2177 765 2200 ac
803 2165 990 2200 dilectarum
1021 2165 1050 2199 in

303 2215 433 2250 Christo
447 2215 581 2250 filiarum
605 2215 638 2249 S.
657 2215 821 2249 Laurentii
844 2215 927 2249 etde
942 2213 1052 2249 Vuatz-

303 2274 393 2300 steno
424 2265 686 2299 monasteriorum
724 2264 955 2311 praedictorum
990 2264 1053 2299 ab-

305 2316 492 2351 batissarum
523 2324 749 2354 conventuum,
772 2315 899 2362 saepius
927 2322 957 2348 et
979 2326 1051 2348 cum

305 2366 451 2400 instantia
474 2365 631 2412 requisiti,
654 2364 684 2398 in
708 2364 837 2399 nomine
860 2363 1000 2407 Domini,
1019 2372 1050 2398 nt

306 2416 365 2449 iam
401 2414 527 2450 tandem
550 2414 685 2449 Viduam
713 2417 780 2448 eius
814 2414 1049 2449 celeberrimam

306 2465 530 2499 benedicentes
566 2464 792 2499 benedicamus
807 2491 815 2504 ,
838 2471 869 2498 et
892 2475 986 2510 super
1017 2475 1051 2497 ea

305 2514 444 2549 effloreat
462 2514 668 2548 sanctificatio
694 2522 811 2557 nostra,
839 2513 875 2547 ad
899 2513 1051 2547 honorem

308 2564 362 2598 Dei
386 2565 633 2610 omnipotentis,
657 2564 758 2598 Patris
780 2571 810 2597 et
833 2562 902 2597 Filii
925 2571 955 2596 et
976 2562 1054 2609 Spi—

306 2615 384 2648 ritus
393 2613 512 2658 Sancti,
530 2614 607 2648 etad
625 2614 843 2648 exaltationem
861 2612 1053 2647 orthodoxae

305 2663 378 2698 fidei
401 2673 431 2698 ct
453 2663 641 2699 christianae
665 2663 825 2710 religionis
837 2670 1052 2707 augmentum,

1714 263 1785 295 623

1089 342 1211 364 necnon
1234 329 1270 364 ad
1294 328 1487 364 sedationem
1509 328 1699 369 schismatis,
1714 328 1834 363 aclidei

1088 387 1117 413 et
1140 378 1299 413 Ecclesiae
1321 379 1470 413 unionem
1487 406 1496 421 ,
1519 378 1705 413 auctoritate
1735 378 1836 425 ipsius

1088 427 1145 463 Dei
1173 429 1409 475 omnipotentis,
1439 428 1541 462 Patris
1563 436 1592 462 ct
1615 427 1686 462 Filii
1710 436 1740 463 et
1761 428 1837 475 Spi-

1090 478 1168 512 ritus
1199 478 1323 517 Sancti‚
1356 490 1390 513 ac
1425 477 1586 512 beatorum
1622 478 1835 525 apostolorum

1090 527 1172 562 Petri
1196 527 1370 575 supradicti
1398 535 1428 561 ct
1461 527 1564 566 Pauli,
1591 535 1684 574 atque
1708 534 1812 561 nostra
1828 554 1837 570 ,

1089 577 1127 612 de
1150 577 1280 611 fratrum
1301 585 1483 612 nostrorum
1500 576 1633 611 consilio
1654 586 1684 612 et
1707 588 1837 611 assensu

1090 627 1232 662 omnium
1267 627 1477 673 praelatorum
1514 626 1545 660 in
1574 625 1714 660 Romana
1743 625 1837 660 Curia

1090 677 1356 717 consistentium,
1389 675 1601 719 decernimus,
1630 675 1838 719 declaramus,

1091 727 1271 770 definimus,
1288 725 1536 773 pronunciamus
1551 724 1650 759 bonae
1669 725 1840 759 memoriae

1093 777 1212 812 beatam
1248 776 1427 823 Bimigittam
1449 776 1527 810 alias
1548 774 1722 821 Brigidam,
1744 786 1839 821 supra

1091 828 1218 875 saepius
1241 826 1446 869 nominatam,
1469 802 1622 860 sanctam³³
1632 836 1701 859 esse
1720 831 1750 858 et
1766 832 1842 858 tam-

1092 889 1194 932 qnam·
1209 883 1349 911 sanctam
1372 875 1411 910 ab
1434 874 1600 909 uniicrsali
1628 873 1770 909 Ecclesia
1795 886 1843 908 ve-

1094 927 1195 961 nerari
1223 939 1259 962 ac
1292 933 1475 960 sanctorum
1510 924 1675 971 cathalogo
1705 922 1842 958 adscribi

1092 976 1232 1017 deber,e
1254 983 1284 1011 et
1308 976 1407 1023 ipsam
1445 987 1528 1010 nunc
1563 973 1775 1009 adscribimus
1802 972 1841 1007 de

1094 1027 1264 1074 praesenti.

1142 1080 1156 1119 ᾗ
1180 1078 1236 1110 52.
1260 1076 1442 1111 Statuentes
1467 1082 1500 1108 ut
1521 1074 1561 1108 ab
1584 1072 1752 1108 universali
1780 1072 1843 1107 Ec-

1093 1126 1210 1165 clesia,
1233 1137 1316 1160 anno
1338 1124 1501 1171 quolibet,
1530 1123 1559 1157 in
1583 1122 1634 1157 die
1655 1134 1714 1169 qua
1745 1122 1842 1163 illam,

1095 1183 1165 1231 post
1180 1175 1338 1210 devictum
1356 1173 1649 1220 triumphatumqne
1672 1171 1842 1213 mundum,

1094 1226 1125 1259 in
1156 1232 1323 1279 perpetuas
1357 1223 1560 1258 aeternitates
1598 1233 1748 1268 praesens
1784 1221 1843 1256 vita

1095 1275 1250 1329 parturiit,
1269 1272 1414 1308 videlicet
1436 1272 1558 1307 decimo
1573 1271 1723 1306 kalendas
1742 1283 1844 1318 augu-

1094 1324 1145 1364 sti,
1169 1324 1283 1357 ststum
1320 1322 1420 1369 ipsius
1446 1330 1477 1357 et
1501 1321 1655 1365 officium,
1677 1321 1759 1355 sicut
1789 1333 1845 1367 pro

1095 1385 1154 1407 una
1178 1382 1285 1407 sancta
1314 1384 1375 1405 non
1400 1371 1519 1418 virgine
1543 1382 1600 1405 nec
1622 1378 1772 1417 martyre,
1787 1370 1844 1404 de-

1094 1430 1164 1457 vote
1187 1430 1217 1455 et
1238 1421 1424 1457 solemniter
1445 1420 1633 1455 celebretur.

1142 1474 1236 1515 §53
1256 1471 1296 1506 Et
1324 1478 1357 1505 ut
1379 1470 1416 1505 ad
1441 1469 1618 1504 venerabile
1636 1468 1842 1516 sepulchrum

1095 1522 1196 1568 ipsius
1219 1521 1382 1556 ardentius
1404 1527 1433 1554 et
1456 1519 1633 1554 affluentius
1655 1518 1772 1553 Christi
1799 1519 1842 1552 fi-
1857 1545 1912 1565 „bus
1928 1545 2041 1570 mmmm

1093 1571 1213 1606 delium
1249 1570 1386 1605 confluat
1414 1569 1608 1609 multitudo,
1639 1578 1670 1604 et
1699 1567 1842 1603 eiusdem
1858 1576 2009 1601 mdulzeuuae-

1093 1621 1227 1656 Sanctae
1246 1620 1403 1655 celebrius
1418 1619 1539 1654 colatur
1557 1618 1717 1658 festivitas,
1731 1618 1844 1653 eteius

1095 1683 1210 1705 nomen
1250 1670 1395 1705 crebrius
1435 1669 1613 1709 recola,tur
1657 1667 1844 1703 auctoritate

1096 1721 1266 1768 praedicta,
1288 1719 1437 1754 omnibus
1464 1731 1536 1752 vere
1559 1717 1795 1773 poenitentibus
1814 1727 1844 1752 et

1094 1770 1260 1815 confessis,
1276 1770 1329 1817 qui
1345 1767 1548 1816 sepulchrum
1572 1768 1643 1802 eius
1659 1768 1842 1802 huiusmodi

1094 1821 1208 1867 apud
1202 1833 1304 1867 ipsum
1329 1818 1554 1854 monasterium
1584 1818 1613 1852 in
1643 1816 1843 1858 Vuatzsten0‚

1095 1870 1124 1903 in
1148 1870 1289 1904 eiusdem
1307 1869 1387 1912 testi,
1410 1880 1533 1902 necnon
1557 1868 1670 1915 quinto
1697 1866 1845 1902 kalendas

1849 276 1898 302 An.
1923 277 1949 301 C*
1967 277 2027 303 ¹39¹

1865 1085 1914 1106 Eius
1927 1085 2039 1105 celebran-

1857 1119 1882 1138 da
1899 1118 2010 1138 festivitas,

1874 1480 1922 1501 Eius
1968 1481 2042 1507 sepul-

1858 1512 1930 1533 chrum
1951 1514 2041 1532 visitan-

1095 1919 1184 1960 iunii,
1207 1932 1270 1967 quo
1293 1918 1438 1954 videlicet
1460 1918 1510 1952 die
1527 1916 1711 1951 huiusmodi
1728 1929 1845 1964 corpus

1096 1969 1309 2004 venerandum
1351 1967 1432 2015 apud
1472 1967 1575 2014 ipsum
1618 1967 1841 2001 monasterium

1095 2019 1280 2053 translatum
1311 2019 1393 2058 suit,
1416 2026 1446 2052 et
1468 2017 1528 2051 sub
1549 2016 1587 2051 ad
1614 2029 1765 2063 praesens
1789 2028 1844 2050 oc-

1095 2069 1296 2104 currentibus
1318 2067 1432 2102 diebus
1451 2067 1562 2101 devote
1582 2067 1776 2102 visitaverint
1793 2078 1844 2100 an-

1096 2119 1225 2158 nuatim,
1248 2118 1380 2165 singulis
1403 2117 1543 2152 videlicet
1567 2115 1751 2151 eorumdem
1780 2116 1845 2150 die-

1095 2186 1162 2208 rum
1197 2173 1321 2213 diebus,
1344 2172 1462 2220 quibus
1489 2171 1610 2206 dictum
1641 2170 1843 2217 sepulchrum

1097 2227 1297 2271 visitaverint,
1322 2236 1355 2262 ut
1378 2226 1566 2274 praefertur,
1599 2233 1719 2272 septem
1744 2237 1845 2259 annos

1094 2289 1124 2316 et
1147 2281 1276 2316 totidem
1306 2281 1522 2329 quadragenas
1551 2279 1590 2314 de
1619 2279 1771 2313 iniunctis
1799 2278 1845 2312 eis

1096 2336 1298 2384 poenitentiis
1321 2334 1567 2370 misericorditer
1589 2333 1779 2369 relaxamus.

1144 2395 1159 2434 ξ
1182 2392 1238 2425 54.
1262 2390 1417 2432 Quocirca
1442 2388 1677 2424 universitatem
1707 2395 1843 2422 vestram

1098 2457 1276 2488 monemus,
1292 2445 1481 2491 requirimus
1496 2452 1526 2478 ct
1542 2444 1703 2478 hortamur
1714 2450 1843 2483 attente,

1097 2498 1186 2534 vobis
1208 2499 1428 2542 nibilominnS,
1451 2499 1480 2532 in
1499 2498 1612 2532 virtute
1631 2504 1757 2532 sanctae
1772 2497 1845 2531 obe-

1096 2553 1234 2587 dientiae
1267 2561 1296 2586 et
1332 2553 1368 2587 ad
1405 2560 1603 2587 aeternorum
1630 2551 1842 2599 praemiorum

1096 2616 1316 2653 augmentum,
1331 2607 1504 2641 districtius
1520 2606 1744 2651 iniungentes:
1764 2617 1844 2652 qua-

1097 2669 1190 2696 tenns
1215 2669 1392 2707 praesentes
1416 2668 1537 2695 nostras
1570 2660 1678 2694 literas
1699 2659 1792 2694 cleris
1813 2667 1844 2693 et

1872 2396 1901 2417 ae
1913 2397 2041 2424 publicatio-

1859 2434 1884 2448 ne
1894 2429 1981 2450 huiusce
1989 2435 2042 2450 cuu—

1859 2461 1981 2481 stitutionis,
