2274 3265
413 274 433 303 6

365 356 522 398 Bullarii
558 352 723 395 Romani
756 364 854 404 opus
888 345 1151 405 (typographi
1192 351 1286 385 sunt
1319 343 1461 393 verba)
1494 339 1731 396 apostolicas
1771 339 1959 379 Summo-

366 458 454 482 rum
479 437 716 480 Pontificum
744 432 1044 474 constitutiones
1070 429 1353 484 complectens,
1380 428 1556 482 primum
1578 424 1638 466 Cl.
1663 425 1691 465 l.
1717 425 1760 464 C.
1786 424 1965 464 Laertius

368 524 617 567 Clierubinus
659 519 879 568 adornavit,
907 524 945 557 et
969 517 1017 556 ad
1043 514 1156 556 Pauli
1182 514 1218 555 V
1244 521 1422 568 tempora
1459 512 1656 568 perduxit:
1689 509 1830 550 deinde
1861 509 1966 548 eius-

368 611 456 650 dem
488 607 593 647 filius
625 606 667 645 P.
701 605 748 644 D.
781 600 958 656 Angelus
990 600 1130 649 Maria,
1165 597 1384 638 monachus
1407 596 1675 646 Cassinensis,
1709 609 1811 634 nova
1849 590 1965 633 colle-

369 695 494 734 ctione
532 693 579 732 ad
611 690 762 730 Urbani
794 687 886 728 VIII
934 685 1210 741 pontificatum
1256 684 1464 739 producta,
1516 682 1637 722 auxit:
1686 681 1847 721 tandem
1888 678 1968 718 PP.

370 777 544 833 Angelus
585 791 606 816 a
647 776 840 815 Lautusca
883 780 922 812 61
955 771 1062 811 10311.
1105 768 1252 810 Ρ3111115
1299 784 1319 808 3
1364 768 1505 818 Roma,
1554 768 1638 807 ord.
1683 767 1722 807 S.
1772 765 1970 806 Francisci

367 862 569 903 strictioris
602 859 886 908 observantiae,
912 857 961 896 ad
993 870 1142 895 annum
1176 854 1304 903 4ss72,
1338 868 1416 907 quo
1440 853 1667 892 universam
1701 850 1863 905 regebat
1896 849 1966 890 Ec-

371 947 529 987 clesiam
561 944 744 985 Clemens
775 943 826 992 X,
859 942 1152 981 continuarunt.
1185 938 1322 993 Neque
1354 936 1460 976 ullus
1492 951 1587 977 sane
1613 935 1715 976 alius
1748 942 1838 990 post
1862 949 1973 975 sexa·

372 1032 479 1086 ginta
512 1044 635 1070 annos
667 1028 790 1067 editas
822 1041 843 1065 a
875 1024 1169 1064 successoribus
1200 1022 1459 1062 Pontificibus
1492 1021 1794 1061 constitutiones
1818 1021 1973 1070 adiecit,

374 1118 477 1172 quod
511 1130 749 1169 magnopere
781 1112 955 1153 literaria
987 1109 1208 1166 respublica
1241 1108 1412 1149 dolebat.

438 1219 457 1239 «
488 1199 778 1254 Expectabatur
800 1197 990 1252 profecto,
1025 1203 1067 1235 ut
1090 1196 1128 1234 in
1152 1209 1253 1234 nova
1279 1192 1441 1233 Bullarii
1475 1193 1662 1242 editione,
1690 1199 1780 1247 post
1805 1193 1975 1246 primam

376 1286 610 1333 Romanam,
652 1282 834 1336 Lugduni
867 1281 966 1320 sacta
1014 1294 1117 1319 anno
1152 1278 1280 1327 4742,
1325 1292 1462 1317 omnes
1495 1291 1595 1331 quae
1629 1277 1677 1315 ad
1717 1276 1755 1315 id
1789 1274 1979 1329 temporis

377 1377 607 1412 emanarant
639 1368 938 1409 constitutiones
966 1367 1222 1415 adderentur·7
1254 1365 1322 1404 sed
1355 1370 1603 1418 compertum
1627 1370 1703 1414 est,
1737 1377 1816 1402 non
1849 1360 1980 1401 solum

381 1471 499 1496 novas
531 1470 609 1495 non
642 1454 860 1503 adiunctas,
895 1468 1032 1492 verum
1064 1451 1182 1491 etiam
1231 1458 1407 1490 veterum
1441 1447 1654 1488 nonnullas
1687 1446 1848 1487 mutilas
1880 1461 1980 1496 esse,

380 1556 423 1580 ac
455 1539 640 1579 methodo
680 1538 787 1577 haud
820 1537 917 1575 bene
943 1536 1122 1575 ordinata
1154 1535 1378 1588 dispositas.
1422 1532 1556 1573 Altera
1590 1540 1737 1582 autem,
1771 1547 1872 1586 quae
1905 1531 1983 1571 Lu-

381 1625 677 1679 xemburgensis
708 1623 867 1663 nomine
890 1621 1179 1671 circumfertur,
1205 1635 1331 1675 neque
1364 1635 1501 1660 omues
1527 1634 1625 1674 quas
1660 1617 1869 1673 pollicetur
1895 1632 1986 1657 con-

383 1710 605 1750 stitutiones
638 1708 951 1762 comprehendit,
985 1721 1056 1746 uec
1090 1706 1353 1746 necessariam
1385 1706 1424 1744 in
1457 1705 1566 1744 hisce
1590 1704 1708 1744 rebus
1741 1702 1986 1758 diligentiam

384 1813 427 1837 ac
459 1796 577 1836 fidem
608 1795 788 1850 praefert.

448 1899 467 1919 «
498 1882 712 1921 Facturum
743 1880 864 1934 igitur
895 1895 958 1920 me
990 1894 1132 1933 operac
1166 1879 1337 1933 pretium
1379 1877 1614 1928 existimavi,
1647 1884 1686 1917 et
1717 1891 1801 1916 rem
1848 1876 1985 1915 catho-

383 1965 478 2005 licae
511 1963 748 2019 reipublicae
781 1979 824 2004 ac
848 1962 1043 2004 literariae
1077 1979 1155 2002 non
1188 1961 1383 2012 inutilem,
1416 1963 1449 2001 si
1483 1962 1768 2001 accuratiorem
1800 1960 1986 2014 antiquae

384 2049 582 2089 Romanae
608 2049 791 2088 editionis
816 2049 1151 2088 continuationem
1181 2051 1308 2098 (nota,
1336 2046 1490 2097 Lector,
1516 2046 1656 2097 verba)
1682 2045 1731 2085 ab
1751 2060 1855 2085 anno
1876 2044 1989 2085 ’1670

386 2133 490 2188 typis
522 2132 620 2171 meis
652 2147 888 2186 promerem.
923 2131 1177 2186 Quamquam
1209 2139 1344 2171 autem
1377 2131 1416 2170 in
1449 2137 1557 2170 sexto
1589 2137 1627 2170 et
1659 2128 1799 2169 ultimo
1835 2128 1988 2168 antedi·

386 2223 447 2254 cto
480 2215 678 2254 Romanae
710 2215 893 2254 editionis
919 2214 1120 2254 volumine
1153 2215 1406 2254 continentur
1429 2214 1554 2268 ipsius
1586 2211 1804 2253 Clementis
1835 2211 1871 2250 X
1897 2226 1986 2251 con-

389 2300 610 2340 stitutiones
643 2308 722 2340 tam
755 2301 891 2340 eodem
934 2316 1038 2341 anno
1072 2301 1185 2342 ’1670
1209 2333 1220 2351 ,
1253 2316 1372 2355 quam
1406 2300 1560 2341 duobus
1592 2298 1848 2353 sequentibus
1880 2296 1994 2338 annis

391 2384 593 2433 conditae,
643 2392 773 2424 tamen
819 2399 910 2424 cum
949 2384 1093 2424 ibidem
1138 2383 1237 2424 aliae
1281 2385 1479 2437 omissae,
1528 2383 1656 2434 aliae,
1703 2398 1783 2423 non
1837 2388 1992 2422 servata

393 2474 613 2519 temporum
645 2468 759 2518 serie,
793 2468 1007 2522 impressae
1039 2469 1133 2519 sint,
1167 2476 1378 2523 propterea
1409 2468 1459 2508 ab
1500 2468 1658 2508 exordio
1699 2468 1783 2507 eius
1828 2464 1991 2520 pontili—

393 2558 501 2589 catus
542 2551 697 2591 initium
729 2554 965 2594 sumendum
998 2553 1104 2604 duxi,
1131 2561 1174 2593 ut
1206 2553 1339 2594 01111113
1370 2553 1452 2592 51115
1474 2552 1634 2593 sedibus
1667 2553 1804 2593 ordine
1836 2551 1987 2605 digesta

397 2636 652 2689 reperiantur.
