2274 3265
101 255 148 280 Αιι.
167 255 194 281 C.
215 255 281 280 159&

136 422 253 443 Clausal-10,

129 1643 262 1665 Prooemium.

121 1994 201 2013 Causae
217 1993 291 2013 teren-

107 2026 144 2044 dae
161 2024 220 2049 legis.

907 257 1098 280 noan-'actus

298 310 439 344 ctoritate
461 310 597 345 scienter
621 311 664 346 vel
687 312 866 357 ignoranter
885 312 1050 358 contigerit

298 366 452 393 attentari.

347 408 367 453 g
390 411 421 442 5.
451 409 532 443 Nulli
562 423 637 455 ergo
664 411 794 445 oniniuo
815 410 977 444 bominum
1007 410 1052 443 li-

298 466 365 491 ceat
389 459 468 492 lianc
492 459 637 505 paginam
660 468 782 493 nostrae
799 460 977 498 creationis,
1000 458 1051 492 de-

298 508 478 549 cot-ationis,
500 509 617 551 statuti,
641 508 857 547 ordinationis,
884 508 1051 542 voluntatis

298 564 327 589 et
349 557 583 591 constitutionis
605 566 655 590 etc.

348 604 463 640 Datum
484 606 615 645 Romae.
638 606 720 653 apud
744 608 894 641 Sanctum
923 606 1050 640 Petrum

299 656 433 700 septimo
462 656 531 689 idus
557 665 695 701 angusti,
727 658 927 702 pontificatus
956 656 1051 689 nostri

300 715 382 737 anno
410 705 531 751 quinto.

353 765 413 794 Dat,
429 766 476 795 die
494 766 508 794 7
525 767 641 803 augusti
663 767 744 800 1:394,
763 768 864 805 pontis.
881 776 957 796 anno
974 776 997 795 v.

652 924 704 959 lX.

300 1006 467 1039 Servorum
489 1006 603 1039 Bootae
616 1007 739 1040 Mariae
756 1008 906 1049 fratribus
925 1009 1055 1042 Ordinis

348 1056 451 1099 officia
480 1056 647 1099 recipiendi
684 1068 733 1088 seu
761 1057 917 1090 obtinendi
943 1059 1056 1102 absque

345 1105 462 1147 prioris
487 1106 637 1147 'qenerahs
659 1106 786 1149 speciali
806 1107 928 1139 lieentia
955 1107 1056 1150 facid-

349 1161 439 1186 tatem
467 1154 620 1187 interdicit
647 1156 705 1197 (l).

570 1232 782 1263 SUMMAttttttt

303 1298 492 1328 Prooemium.
510 1316 549 1321 —
573 1300 597 1328 t.
621 1299 733 1328 Causae
755 1300 892 1328 serendae
917 1300 1000 1337 legis.
1019 1317 1055 1321 —

342 1343 369 1372 ⁶2.
393 1343 567 1373 Constitutio
593 1345 638 1381 (de
667 1353 718 1381 qim
744 1343 772 1371 ιἰι
803 1343 935 1381 rubrica).
963 1360 1001 1365 —
1029 1344 1055 1373 3.

342 1387 510 1416 Clausulae.

345 1463 500 1491 Bonifaoius
518 1463 659 1499 episcopus
681 1470 776 1490 servus
801 1469 942 1490 servorum
955 1462 1010 1494 Dei,

436 1518 470 1545 ad
498 1518 659 1552 perpetuam
692 1516 733 1544 rei
752 1515 921 1544 memoriam.

352 1589 521 1624 pastoralis
556 1588 647 1623 officii
683 1587 910 1630 debitnincni,
945 1586 1057 1633 dispo-

304 1648 397 1674 nente
420 1639 573 1678 Domino,
598 1637 833 1685 praesidemus,
860 1637 1001 1683 exposcit
1026 1645 1057 1670 ut

303 1690 384 1724 circa
401 1696 515 1723 statum
534 1700 739 1734 personarum
760 1686 1057 1729 ecclesiasticarum,

304 1739 485 1786 praesertim
514 1737 743 1783 religiosarum,
770 1736 937 1770 salubriter
961 1736 1059 1769 inten-

302 1789 426 1828 damus,
454 1796 484 1822 et
508 1796 539 1821 ut
561 1787 607 1821 eis
635 1787 761 1821 materia
785 1785 929 1832 vagandi⁷
952 1798 988 1819 ac
1012 1785 1058 1818 in-

303 1838 508 1872 solentiarum
537 1845 567 1870 et
590 1836 822 1871 inobedientiae
846 1834 916 1869 vitia
938 1834 1059 1869 subtra-

304 1888 418 1922 hantur
441 1886 625 1921 studeamus
652 1886 784 1920 sollicite
808 1883 983 1931 providere.

354 1937 374 1984 S
404 1942 432 1971 1.
456 1937 537 1971 Cum
562 1936 678 1982 itaque,
704 1936 785 1969 sicut
807 1933 944 1967 exliibita
968 1933 1060 1968 nobis

306 1998 407 2033 nuper
431 1998 486 2031 pro
511 1993 596 2031 parte
619 1984 723 2019 dilecti
754 1984 807 2017 lilii
845 1983 969 2017 loannis
999 1982 1061 2017 fra-

308 2044 388 2070 trnm
421 2035 593 2070 Servorum
622 2034 737 2068 Beatae
772 2033 888 2067 Mariae.
929 2032 1061 2066 Ordinis

306 2086 413 2119 Sancti
436 2084 605 2130 Augustini
635 2084 746 2130 prioris
773 2081 928 2128 generalis
953 2082 1061 2127 petitio

307 2135 498 2173 continebat,
527 2146 620 2180 saepe
648 2134 821 2178 contingat,
844 2130 927 2178 qnod
952 2131 1062 2165 fratres

307 2184 383 2219 dicti
411 2183 544 2217 Ordinis
567 2182 778 2229 praelaturas,
810 2181 993 2227 dignitates,
1016 2180 1063 2214 of-

308 2235 375 2268 ficia
405 2241 435 2267 et
457 2234 549 2268 ctiam
573 2232 630 2266 alia
660 2232 811 2266 beneficia
838 2230 1063 2274 ecclesiastica⁷

308 2285 411 2330 priore
427 2282 564 2329 generali
585 2282 685 2329 ipsius
700 2281 832 2315 Ordinis
847 2292 902 2326 pro
923 2288 1064 2326 tempore

309 2333 462 2367 existente
486 2332 599 2371 inscio,
624 2330 682 2365 sibi
705 2330 839 2365 conferri
865 2328 910 2362 rel
930 2329 1004 2363 alias
1032 2343 1064 2363 se

310 2381 346 2415 ad
372 2383 420 2415 illa
451 2381 629 2427 promoveri
655 2388 845 2426 procurent,
880 2387 909 2411 et
939 2386 1066 2425 propter

310 2431 495 2465 collationes
515 2430 559 2463 vel
580 2430 793 2475 promotiones
811 2428 990 2461 huiusmodi
1011 2428 1067 2462 l'ra-

311 2488 373 2513 tres
394 2480 451 2527 ipsi
470 2488 501 2513 ut
530 2479 700 2525 plurimum
724 2478 895 2512 insolentes
914 2485 945 2511 et
974 2490 1067 2523 vaga-

312 2529 409 2563 bundi
434 2541 469 2562 ac
486 2528 609 2575 reprobi
630 2527 812 2570 reddantur,
826 2537 854 2560 et
872 2539 931 2561 non
952 2539 1067 2574 pauco—

313 2591 380 2613 rum
397 2578 556 2613 materiam
580 2577 746 2624 praebeant
762 2577 993 2617 scandalorum,
1014 2588 1068 2623 pro

347 2650 386 2685 (t)
403 2649 442 2676 Ex
462 2650 569 2684 Regest.
588 2649 670 2675 Vatic.

1126 259 1161 280 ix
1188 259 1237 280 m».
1725 251 1794 282 627

1095 319 1179 358 parte
1213 311 1288 346 dieti
1330 314 1442 359 prioris
1471 315 1560 349 nobis
1594 316 1651 349 fuit
1687 315 1849 350 humiliter

1093 361 1305 408 supplicatum
1325 390 1331 399 ,
1356 371 1389 397 ut
1415 377 1514 411 super
1542 364 1601 399 lioc
1624 365 1787 411 providere
1810 365 1849 399 de

1094 418 1275 457 opportuno
1307 412 1445 446 remedio
1471 414 1509 448 de
1543 414 1736 459 benignitate
1770 427 1845 460 apo-

1093 460 1202 494 stolica
1231 461 1446 506 dignaremur.

1143 509 1163 555 5²
1190 511 1222 542 2.
1252 510 1316 544 Nos
1344 511 1449 557 itaque
1485 511 1666 546 huiusmodi
1690 512 1850 559 supplica·
1876 524 2003 544 ‹ion‘utuvm
2026 524 2050 543 da

1867 562 1905 581 qua
1918 560 1937 574 in
1948 555 2049 574 rubricat

1095 558 1235 592 tionibus
1271 559 1430 599 inclinati,
1467 561 1651 595 auctoritate
1679 562 1850 607 apostolica

1095 616 1202 642 tenore
1245 610 1457 654 praesentium
1498 611 1666 644 statuimus
1699 619 1730 645 et
1757 612 1849 645 etiam

1094 657 1303 696 ordinamus„
1339 659 1424 705 quod
1466 659 1504 693 de
1541 667 1664 693 caetero
1694 661 1852 706 perpetuis

1095 706 1292 753 temporibus
1321 708 1427 742 nullus
1455 707 1584 742 fratrum
1613 708 1687 742 dicti
1721 708 1852 743 Ordinis

1096 759 1312 803 (quacumque
1336 758 1430 791 etiam
1453 758 1622 804 apostolica
1646 758 1851 800 auctoritate)

1098 806 1306 852 praelaturam
1335 819 1388 841 seu
1413 807 1598 851 dignitatem
1634 815 1687 841 aut
1714 807 1851 842 officium

1098 855 1144 890 vel
1167 856 1393 902 quodcumque
1421 856 1507 890 aliud
1531 856 1780 891 ecclesiasticum
1798 856 1853 891 be-

1099 906 1244 939 neficium
1263 933 1271 949 ,
1296 918 1350 952 per
1387 906 1496 940 fratres
1530 906 1604 940 dicti
1635 906 1765 941 Ordinis
1794 919 1855 953 gu-

1099 954 1221 989 bernari
1237 968 1291 989 seu
1310 956 1373 1000 regi
1389 964 1592 999 consuetum,
1607 955 1726 1003 absque
1743 956 1854 1003 prioris

1097 1004 1253 1050 generalis
1276 1005 1350 1038 dicti
1386 1004 1517 1039 Ordinis
1546 1017 1601 1052 pro
1629 1013 1771 1052 tempore
1792 1005 1855 1039 exi-

1098 1054 1210 1088 stentis
1238 1054 1360 1088 licentia
1390 1054 1530 1101 speciali,
1555 1063 1676 1099 praeter
1698 1067 1791 1101 quam
1815 1067 1852 1088 ex

1099 1102 1294 1148 indulgentia
1312 1103 1404 1137 Sedis
1427 1104 1628 1150 Apostolicae
1645 1104 1778 1138 faciente
1794 1103 1853 1149 ple-

1100 1164 1170 1186 nam
1195 1160 1225 1186 et
1240 1164 1419 1199 expressam
1435 1165 1471 1187 ac
1492 1152 1531 1186 de
1553 1153 1647 1187 verbo
1662 1152 1699 1187 ad
1722 1152 1851 1187 verbum

1098 1201 1136 1235 de
1161 1201 1283 1235 indulto
1300 1201 1482 1236 huiusmodi
1500 1203 1704 1239 mentionem.
1728 1204 1850 1249 assequi

1100 1251 1201 1285 valeat
1224 1263 1354 1297 quoquo
1373 1251 1478 1285 modo.
1503 1251 1566 1285 Nos
1593 1252 1675 1286 euim
1704 1263 1738 1285 ex
1768 1263 1854 1285 nunc

1100 1300 1220 1333 irritum
1256 1300 1458 1334 decernimus
1493 1309 1522 1334 et
1559 1302 1673 1339 inane,
1707 1301 1731 1333 si
1761 1313 1854 1335 secus

1099 1361 1193 1395 super
1223 1349 1270 1382 his
1303 1362 1318 1383 a
1342 1361 1501 1395 quoquam
1524 1351 1635 1396 quavis
1665 1350 1853 1384 auctoritate.

1099 1400 1234 1433 scienter
1254 1399 1297 1432 rel
1323 1399 1503 1444 ignoranter
1515 1399 1683 1444 contigerit
1697 1400 1852 1433 attentari.

1148 1453 1163 1491 ξ
1187 1452 1218 1482 5.
1243 1447 1327 1482 Nulli
1351 1461 1428 1494 ergo
1455 1448 1585 1482 omnino
1614 1448 1780 1482 hominum
1816 1449 1855 1482 li-

1099 1506 1166 1532 ceat
1188 1498 1270 1532 lianc
1295 1498 1440 1544 paginam
1457 1505 1637 1532 nostrorum
1655 1498 1856 1532 constitutio—

1101 1548 1159 1586 nis,
1182 1547 1389 1581 ordinationis
1411 1555 1442 1581 et
1464 1547 1579 1582 decreti
1606 1547 1776 1593 infringere
1802 1556 1855 1581 etc.

1148 1597 1263 1631 Datum
1284 1597 1415 1635 Romae.
1440 1596 1523 1643 apud
1539 1597 1692 1632 Sanctum
1716 1596 1857 1639 Petrum,

1101 1646 1245 1681 kalendis
1262 1647 1420 1687 februarii,
1439 1647 1643 1693 pontificatus
1663 1647 1758 1681 nostri
1775 1658 1858 1680 anno

1102 1709 1197 1731 nono.

1141 1758 1201 1788 Dat.
1218 1759 1264 1788 die
1283 1759 1294 1787 1
1315 1758 1455 1787 februarii
1479 1757 1561 1791 1398,
1585 1761 1664 1797 pont.
1685 1766 1762 1787 anno
1781 1766 1817 1787 tx.

1462 1944 1500 1979 X.

1104 2029 1229 2061 Statum
1256 2039 1275 2060 a
1301 2027 1458 2059 cardinali
1484 2027 1519 2059 S.
1548 2026 1685 2059 Sabinae
1704 2037 1762 2070 pro
1793 2026 1862 2059 Ter-

1154 2077 1359 2110 racinensibus
1385 2077 1466 2108 edita
1491 2076 1597 2118 firmat
1619 2077 1674 2118 (l).

1376 2153 1590 2184 SUMMARtUM

1106 2223 1273 2253 Exordium.
1297 2239 1335 2243 —
1358 2223 1380 2251 1.
1406 2222 1425 2250 Α
1447 2220 1589 2250 cardinali
1613 2220 1642 2250 S,
1664 2220 1790 2251 Sabinae
1814 2222 1863 2251 da-

1147 2271 1191 2296 tae
1221 2265 1488 2295 Terracinensibus
1522 2265 1601 2303 leges
1641 2269 1669 2294 et
1711 2266 1862 2304 privilegia

1148 2312 1223 2340 iuxta
1255 2311 1495 2340 ronstitutionem
1520 2309 1653 2346 Gregorii
1680 2307 1712 2336 Xl
1745 2309 1798 2338 hac
1829 2309 1863 2338 de

1149 2365 1188 2384 re.
1206 2372 1245 2377 —
1263 2355 1290 2383 2.
1314 2354 1475 2383 potestates
1500 2357 1527 2382 et
1550 2353 1663 2382 iudices
1688 2354 1716 2382 in
1741 2354 1794 2382 bac
1817 2353 1863 2382 ci—

1150 2401 1236 2428 vitate
1266 2399 1357 2428 voluit
1380 2398 1460 2435 eligi3
1486 2415 1524 2419 —
1547 2398 1573 2426 3.
1599 2397 1761 2427 Prudentes
1791 2397 1863 2427 inibi

1151 2444 1212 2473 sieri
1247 2444 1344 2480 leges:
1376 2459 1414 2464 —-
1445 2443 1473 2471 4.
1499 2442 1612 2471 Poenas
1635 2442 1805 2481 corporales
1835 2443 1863 2471 in

1151 2488 1337 2526 pecuniarias
1362 2498 1418 2516 non
1439 2487 1678 2522 commutandas,
1701 2487 1805 2516 sanxit.
1827 2503 1866 2508 —

1151 2533 1178 2561 5.
1196 2532 1375 2561 Examinatis
1401 2531 1570 2561 huiusmodi
1591 2531 1695 2567 literis,
1722 2547 1762 2553 —
1788 2531 1815 2560 6.
1834 2530 1865 2560 ln

1152 2578 1189 2606 iis
1206 2581 1341 2606 contenta
1365 2577 1461 2605 firmat
1480 2574 1657 2605 Bonifacius.

1148 2648 1187 2683 (Ι)
1205 2649 1243 2675 Ex
1261 2649 1365 2682 Regest.
1386 2647 1467 2674 Vatic.

1864 262 1916 288 An.
1934 262 1962 286 t).
1981 261 2047 293 tlt00

1902 1457 2019 1477 clausulae.
