2274 3265
102 274 148 300 An.
168 274 194 300 C.
217 274 282 300 1517

793 271 927 294 maxses
950 271 1007 293 xxi
1038 259 1146 291 <dicius
1175 261 1255 301 xvii)
1286 271 1333 292 ri».
1717 260 1760 292 ΞΓ
1745 263 1786 292 »Ξῖ

296 338 400 359 cessor
440 334 555 365 nostor,
590 326 722 360 crrdeus
757 327 898 360 ciusdem
923 325 1042 359 ordinis

295 375 418 409 utilitati
444 375 632 422 prospicere,
655 375 763 410 cadom
781 376 964 410 auctoritato
979 382 1043 408 sta-

296 425 400 468 tuerit,
430 433 462 458 ut
483 425 587 459 dictus
608 425 767 472 qnondam
794 425 878 471 prior
901 423 1042 458 eiusdem

297 474 475 509 monasterii
511 475 621 509 fratres
652 474 724 508 dicti
755 475 874 508 ordinis
902 474 930 507 in
955 473 1044 507 collis

295 524 361 557 suis
385 531 489 571 posset
507 536 590 559 anno
605 523 747 570 quolibet
770 535 825 570 1101·
845 535 898 558 sex
916 536 1043 557 mensi-s

295 576 481 613 continuos,
518 573 564 607 vcl
589 573 721 607 diversis
749 573 945 619 temporibus
968 573 1044 607 visi-

296 631 370 663 tare,
398 632 428 657 et
452 636 506 669 per
528 635 580 657 sex
603 634 730 656 menses
754 622 891 669 reliquos
913 622 1044 657 deberet

296 673 325 706 in
362 673 474 707 eodem
507 672 698 706 monasterio
726 673 929 718 personaliter
964 673 1043 707 1051-

294 722 382 766 dere,
409 734 445 757 ac
473 721 512 756 de
542 721 609 768 ipso
633 733 647 755 a
677 723 868 756 monasterio
894 735 949 757 sou
974 723 1044 757 cius

294 772 428 806 claustro
456 783 618 818 nunquam
653 772 754 815 exire,
791 772 848 806 nisi
883 785 939 818 pro
968 773 1044 807 visi-

295 822 410 855 tatione
438 821 510 855 111011
535 821 654 855 ordinis
684 821 841 862 sacienda3
865 822 904 855 ita
933 822 1044 856 videli-

295 879 360 915 cet,
381 870 466 918 quod
490 870 529 904 dc
553 870 614 905 illis
635 883 689 905 sex
714 871 889 909 mensibus,
913 872 1042 918 (111111115

295 928 328 953 111
356 920 577 967 praemittitur,
604 920 731 955 (10110101
756 922 961 968 personaliter
992 935 1042 957 rc-

293 969 407 1011 sidere,
429 978 564 1017 quatuor
586 970 623 1004 ad
641 971 745 1005 minus
761 971 900 1005 continui
919 984 1043 1006 meuses

292 1028 409 1059 essent,
437 1028 467 1054 et
494 1033 566 1054 cum
603 1019 705 1053 ollicio
743 1021 928 1055 visitationis
958 1021 1043 1055 insi—

292 1077 404 1108 steret,
445 1082 572 1115 sempcr
608 1070 686 1104 duas
725 1083 875 1116 personas
913 1070 1042 1105 idoneas

292 1119 434 1153 eiusdem
463 1119 603 1161 ordinis,
639 1120 668 1153 iu
697 1133 828 1166 quarum
867 1121 1040 1166 praesentia

293 1168 395 1203 dictae
429 1169 614 1203 visitationis
646 1179 854 1216 exequeretur
882 1170 1040 1209 osticium,

291 1229 398 1252 secum
427 1218 572 1261 baberet,
602 1231 659 1253 nec
683 1231 743 1253 non
768 1228 797 1253 et
820 1232 916 1266 quos,
940 1220 969 1253 in
995 1220 1042 1253 di-

291 1269 349 1302 ctis
375 1280 428 1302 sex
466 1268 630 1302 mensibus
665 1268 788 1303 visitare
825 1281 886 1302 0011
917 1277 1041 1315 posset,

291 1318 405 1351 faceret
428 1329 482 1363 per
503 1317 598 1351 alium
632 1317 677 1351 vel
706 1318 784 1352 alios
813 1319 943 1352 visitari:
982 1319 1041 1353 ita-

290 1378 351 1413 que
372 1378 456 1400 anno
483 1366 623 1413 quolibet
661 1368 765 1401 omnis
792 1367 906 1401 domus
930 1367 1041 1402 fratros

291 1416 492 1449 visitarentur
527 1416 646 1450 ordinis
681 1417 862 1460 memorati,
899 1427 928 1451 et
955 1417 1039 1464 1111011

291 1473 456 1512 postquam
493 1478 585 1500 unam
622 1466 752 1500 domum
791 1467 968 1511 visitasset,
1002 1467 1039 1501 ad

289 1515 379 1549 aliam
403 1515 449 1549 sic
471 1515 625 1550 visitatam
656 1528 825 1563 quousque
847 1529 957 1550 omnes
989 1517 1042 1551 do-

290 1576 358 1599 mos
385 1573 416 1599 et
452 1564 571 1605 fratres,
599 1577 680 1612 quos
703 1566 783 1599 idem
810 1567 894 1612 prior
919 1567 1040 1601 visitare

290 1623 395 1660 posset
443 1614 670 1662 impedimento
720 1624 862 1650 cessante
903 1616 1040 1662 legitimo

290 1664 456 1703 visitasset,
487 1665 546 1698 nisi
574 1677 610 1699 ex
631 1677 724 1699 causa
749 1665 888 1711 legitima
913 1678 974 1700 non
997 1679 1042 1700 re-

288 1713 385 1754 diret3
412 1726 469 1748 nos
491 1714 560 1754 etsi,
590 1714 819 1761 praedictorum
846 1716 1041 1761 praedeces—

289 1775 394 1797 sorum
435 1772 612 1798 nostrorum
642 1764 805 1799 inhaerere
834 1765 985 1808 vestigiis,
1010 1766 1038 1799 in

289 1822 441 1860 quantum
466 1822 643 1861 temporum
672 1815 808 1862 qualitas
830 1823 861 1849 ct
895 1816 1040 1861 negotio-

291 1875 359 1897 rum
383 1863 493 1897 suadet
517 1864 646 1903 utilitas,
669 1864 883 1904 intendentes,
906 1865 1041 1899 velimus

290 1912 420 1947 modum
435 1921 465 1946 et
489 1913 619 1948 formam
636 1913 821 1948 visitationis
843 1914 1040 1957 huiusmodi,

290 1962 393 2009 quoad
429 1961 530 1997 dictos
559 1964 714 2009 prioratus
741 1971 770 1997 et
798 1964 935 2010 priores,
958 1964 1039 1998 etad

289 2020 463 2046 conventus
486 2013 624 2059 ipsorum
650 2013 843 2059 prioratuum
875 2014 1038 2048 dumtaxat

290 2073 345 2107 per
371 2061 515 2096 abbatem
558 2062 632 2097 dicti
666 2064 867 2107 monasterii,
894 2064 947 2110 qui
986 2076 1039 2109 pro

290 2118 431 2158 tempore
454 2111 559 2153 fuerit,
591 2112 621 2146 10
648 2120 840 2167 perpetuum
867 2113 1039 2154 observari3

289 2160 486 2196 attendentes
525 2171 626 2196 tamen
671 2163 898 2197 monasterium
936 2163 1038 2209 ipsum

289 2218 362 2244 tune
385 2211 495 2246 maiori
523 2223 616 2258 quam
652 2211 805 2246 liactenus
829 2212 980 2258 dignitate
1003 2225 1039 2247 ac

289 2261 417 2295 nomine
435 2260 634 2307 insignitum,
657 2262 805 2308 quodque
825 2264 923 2297 maior
940 2262 1041 2297 bonor

287 2308 390 2344 abbati
419 2312 577 2357 congruit,
606 2323 700 2359 quam
724 2312 829 2358 priori,
857 2312 1040 2347 ordinamus

287 2368 381 2406 atque
408 2362 595 2402 statuimus
633 2369 665 2395 ut
692 2361 773 2395 idem
806 2362 924 2401 abbas
962 2362 1037 2396 dum

287 2408 389 2444 officio
404 2410 506 2445 dictae
522 2410 705 2445 visitationis
720 2411 854 2445 instituit
877 2416 935 2455 (l),
960 2412 1036 2446 ultra

288 2468 409 2505 septem
430 2460 622 2508 equitaturas
642 2460 725 2494 dicto
748 2460 908 2507 quondam
930 2462 1038 2507 priori,

288 2517 322 2542 ut
347 2510 571 2557 praemittitur,
605 2510 742 2544 visitanti
768 2522 945 2554 concessas,
960 2511 1040 2545 duas

288 2558 363 2593 alias
385 2561 577 2606 equitaturas
605 2572 661 2606 pro
688 2560 758 2593 aliis
785 2560 907 2594 duabus
936 2572 1039 2606 perso-

289 2609 337 2642 nis
370 2609 491 2644 idoneis
525 2622 599 2644 eum
635 2610 864 2644 associantibus
902 2610 1037 2644 babeat:

324 2670 363 2706 (1)
380 2670 481 2697 Forsan
498 2673 605 2697 insistit.

1084 325 1122 358 ita
1152 324 1236 371 quod
1272 325 1300 358 in
1328 325 1473 360 universo
1498 337 1608 360 novem
1638 327 1835 372 equitaturas

1083 386 1192 407 secum
1221 374 1337 408 ducere
1369 376 1482 421 poterit,
1518 375 1697 409 huiusmodi
1727 376 1836 410 visita-

1085 424 1179 458 tionis
1223 423 1359 457 ollicium
1396 425 1599 471 exequendo:
1643 425 1711 459 licet
1751 426 1834 459 enim

1085 486 1170 507 mora
1199 473 1413 507 contrahenda
1442 487 1497 520 per
1524 474 1642 508 dictum
1675 474 1834 522 quondam

1086 524 1223 570 priorem
1259 523 1288 556 in
1325 523 1419 557 domo
1450 523 1588 569 qualibet
1611 524 1684 558 dicti
1718 524 1836 558 ordinis

1084 573 1194 607 eodem
1224 572 1357 606 durante
1386 573 1573 606 visitationis
1609 573 1711 607 ollicio
1745 574 1836 608 suerit

1086 635 1140 669 per
1174 622 1321 656 cumdem
1356 621 1576 656 Innocentium
1614 623 1836 669 praedecesso-

1084 685 1150 707 rem
1176 679 1332 712 1105111101,
1361 679 1394 705 ut
1422 672 1652 718 praemittitur,
1688 673 1834 713 limitata;

1085 734 1141 756 nos
1176 731 1278 756 tamen
1305 721 1522 756 limitationem
1548 721 1731 756 huiusmodi
1766 734 1835 756 esse

1086 772 1232 806 volumus
1277 771 1438 818 paululum
1479 772 1637 805 latiorem.
1688 772 1833 806 videlicet

1084 821 1168 868 quod
1193 834 1253 855 nox
1278 821 1361 855 illius
1389 821 1466 865 diei,
1495 821 1523 854 10
1547 833 1610 868 quo
1637 821 1675 855 ad
1699 822 1834 877 aliquem

1083 872 1122 905 de
1160 871 1349 917 prioratibus
1384 871 1459 917 ipsis
1492 872 1667 917 pervenerit
1707 872 1835 905 visitans

1084 921 1252 955 dioecesim
1282 921 1379 955 abbas
1405 921 1464 954 sub
1496 921 1681 955 limitatione
1711 921 1761 955 illa
1797 921 1836 955 de

1085 970 1203 1009 tribus,
1238 979 1271 1004 ut
1301 970 1521 1016 praemittitur,
1550 970 1696 1005 noctibus
1734 971 1835 1005 nulla-

1085 1028 1176 1054 tenus
1200 1020 1390 1054 includatur.

1131 1072 1150 1116 ,ξ
1177 1074 1211 1103 9.
1241 1070 1301 1104 Per
1332 1070 1391 1104 1100
1413 1077 1516 1103 autem
1547 1082 1608 1103 nou
1639 1068 1890 1104 1010011110115“’“
1914 1069 1918 1081 ¹

1850 1094 1892 1117 gius
1909 1094 1946 1113 *ilii
1965 1094 2033 1113 11111105

1849 1129 1917 1151 potest
1939 1128 1976 1146 visi
1989 1133 2011 1145 ar

1082 1119 1185 1153 abbati
1211 1119 1352 1153 1011111010
1377 1119 1547 1165 praedicto,
1571 1119 1645 1166 quin
1665 1119 1755 1154 liceat
1774 1120 1831 1154 sibi

1083 1169 1176 1203 cellas
1199 1181 1254 1203 5011
1278 1170 1424 1215 grangias
1448 1169 1494 1202 vel
1515 1168 1626 1202 domos
1651 1169 1711 1203 sibi
1731 1169 1834 1204 unitas

1083 1218 1208 1252 visitare
1235 1231 1291 1252 5011
1313 1219 1430 1261 videre,
1453 1218 1576 1265 quoties
1598 1218 1656 1252 sibi
1675 1218 1834 1254 videbitur

1083 1267 1242 1313 expedire.

1082 1373 1145 1400 tres
1172 1366 1244 1400 dicti
1269 1367 1389 1400 ordinis
1418 1366 1447 1400 in
1471 1366 1695 1411 conventibus,
1717 1367 1747 1400 in
1768 1367 1836 1414 qui-

1083 1416 1141 1449 bus
1166 1417 1279 1463 recepti
1301 1417 1417 1450 suerint
1445 1424 1475 1450 et
1499 1415 1727 1462 professionem
1752 1407 1935 1451 fece-Lissi

1082 1466 1154 1503 rint,
1192 1474 1345 1512 perpetuo
1369 1467 1596 1508 immorentur,
1628 1478 1685 1500 nec
1707 1466 1745 1499 dc
1768 1467 1834 1500 suis

1082 1515 1290 1550 conventibus
1332 1516 1557 1555 immutentur,
1595 1523 1648 1549 aut
1683 1515 1720 1550 ad
1756 1516 1834 1550 alios

1082 1565 1239 1611 prioratus
1274 1566 1423 1600 moraturi
1462 1564 1701 1611 quomodolibet
1733 1573 1834 1600 trans-

1082 1616 1221 1649 ferantur
1249 1615 1306 1649 nisi
1339 1623 1468 1662 propter
1495 1615 1607 1649 delicta
1645 1615 1689 1649 vel
1724 1627 1834 1650 exces—

1081 1678 1135 1699 sus
1164 1665 1320 1711 ipsorum':
1349 1677 1412 1712 quo
1448 1677 1520 1699 casu
1547 1664 1703 1698 dictorum
1730 1664 1834 1699 delin-

1081 1715 1245 1762 quentium
1270 1714 1315 1748 vel
1349 1714 1571 1749 excedentium
1595 1714 1740 1754 mutatio,
1770 1715 1833 1749 sive

1082 1765 1242 1798 translatio
1268 1764 1319 1798 liat
1342 1777 1398 1811 per
1422 1765 1556 1810 priorem
1589 1764 1688 1811 ipsius
1708 1765 1765 1798 loci
1795 1765 1831 1798 ad

1081 1815 1175 1848 alium
1209 1814 1449 1848 conventualem
1479 1815 1582 1848 locum
1613 1813 1688 1848 dicti
1713 1814 1833 1848 ordinis

1081 1864 1120 1898 110
1143 1876 1299 1898 consensu
1332 1864 1379 1898 sui
1417 1871 1591 1898 convontus
1629 1864 1674 1898 vel
1707 1864 1832 1898 maioris

1081 1915 1176 1960 partis
1199 1913 1298 1960 ipsius
1317 1913 1353 1948 ad
1378 1912 1504 1959 dignam
1529 1913 1738 1960 peragendam
1755 1925 1832 1960 poe—

1082 1964 1243 1997 nitentiam
1271 1963 1309 1997 de
1337 1963 1517 1997 commissis
1553 1975 1607 2009 per
1633 1970 1760 2010 tempus
1782 1975 1832 1997 ar-

1082 2012 1174 2047 bitrio
1203 2013 1327 2060 prioris⁷
1355 2013 1392 2047 de
1425 2013 1515 2046 cuius
1538 2021 1696 2047 conventu
1728 2012 1832 2047 delin-

1080 2076 1182 2109 quens
1219 2062 1327 2101 suerit,
1367 2063 1404 2096 de
1440 2063 1539 2110 ipsius
1575 2070 1750 2097 conventus
1784 2063 1829 2097 vel

1082 2113 1208 2147 maioris
1245 2113 1341 2159 partis
1368 2124 1511 2152 assensu,
1538 2112 1619 2145 iuxta
1643 2112 1829 2147 delictorum

1080 2162 1284 2207 exigentiam,
1322 2162 1564 2196 moderandum.
1611 2161 1699 2195 Prior
1726 2170 1829 2196 autem

1081 2211 1151 2251 loci,
1175 2212 1211 2246 ad
1235 2224 1330 2258 quem
1347 2211 1585 2258 delinquentem
1606 2210 1730 2245 fratrem
1748 2211 1827 2245 mitti

1080 2262 1249 2308 contigerit
1290 2274 1344 2296 seu
1382 2260 1560 2300 transferri,
1594 2272 1748 2307 expensas
1776 2272 1832 2308 per

1081 2320 1206 2358 tempus
1234 2319 1385 2345 statutum
1415 2310 1453 2344 ad
1478 2310 1652 2356 agendum,
1687 2318 1719 2344 ut
1745 2322 1832 2357 prae-

1081 2362 1222 2401 mittitur,
1252 2360 1497 2407 poenitentiam,
1533 2359 1741 2394 ministrabit:
1770 2372 1829 2407 qua

1081 2419 1214 2458 peracta,
1247 2410 1330 2444 idem
1366 2410 1555 2457 delinquens
1585 2409 1772 2444 emendatus
1800 2418 1830 2444 et

1079 2470 1241 2495 correctus
1269 2461 1305 2494 ad
1329 2459 1568 2494 conventualem
1592 2472 1683 2494 suum
1704 2458 1828 2498 locum,

1078 2523 1094 2544 a
1123 2522 1185 2557 quo
1207 2518 1330 2544 amotus
1354 2509 1463 2549 l'uerat,
1487 2508 1665 2543 reducatur.
1695 2508 1728 2542 ln
1760 2508 1830 2543 aliis

1080 2572 1151 2593 vero
1189 2560 1313 2593 casibus
1352 2560 1558 2593 mutationem
1608 2571 1663 2593 seu
1700 2558 1829 2593 transla-

1080 2610 1195 2643 tionem
1219 2609 1257 2642 de
1291 2617 1446 2643 conventu
1474 2609 1509 2642 ad
1541 2616 1730 2642 conventum
1762 2608 1828 2642 fieri

1080 2658 1253 2693 districtius
1298 2658 1491 2701 inhibemus,
1528 2658 1586 2693 nisi
1623 2669 1827 2705 personarum

1859 271 1903 298 ln.
1921 272 1949 298 C.
1968 272 2032 298 1317

1861 1276 1974 1297 l‘runslatiu
1986 1284 2035 1297 ron.

1849 1308 1978 1328 ventu-ilium
2009 1317 2032 1328 ai

1130 1320 1150 1359 ,ξ
1178 1320 1229 1350 tt).
1260 1317 1478 1363 Praecipimus
1506 1316 1632 1363 insuper
1655 1317 1738 1364 quod
1771 1318 1834 1351 fra·
1849 1345 1889 1357 ...m
1918 1346 1928 1357 Ἀ
1972 1346 2031 1358 affl.

1850 1371 1930 1389 domuin
1959 1371 2032 1395 quilius
