2274 3265
247 230 295 256 Αιι.
315 229 341 256 C.
363 231 428 257 taso

246 1376 273 1396 Ue
285 1377 417 1396 abstinentia.

493 220 561 252 sot

1024 229 1158 252 BULLAR!
1165 230 1208 251 tim
1232 230 1394 252 ttoMANttm

444 286 540 318 l'ectus
572 292 600 316 vt
639 295 787 317 excessus
821 295 928 317 corum
952 296 987 317 ac
1019 293 1183 319 contuma-
1226 283 1310 318 aliud
1352 283 1485 318 suaserit
1524 283 1712 325 facitodum,
1752 287 1870 331 possint
1897 300 1930 321 se
1956 300 1972 322 a

441 333 518 367 ciam
542 332 665 368 custodi
683 344 739 365 suo
755 332 798 366 vel
815 332 986 377 guar-diano
1003 333 1182 372 denunciet

439 383 490 429 qui
514 394 568 417 cos
590 380 640 416 tali
675 381 858 429 disciplinae
898 382 1064 423 subiiciat
1099 383 1180 430 quod

438 431 569 466 caeteris
603 439 739 465 transeat
775 443 803 465 m
836 432 1026 478 exemplum.
1061 432 1094 466 Si
1128 445 1180 478 qui

438 493 509 515 veto
543 480 724 515 huiusmodi
754 481 973 526 magistrorum
1010 491 1079 527 post
1108 493 1182 527 pto-

438 530 567 565 vinciale
591 530 761 576 capitulum
786 538 884 564 morte
904 531 948 564 vel
973 530 1064 575 longa
1085 531 1182 576 aegri-

436 579 557 620 tudine,
587 579 630 613 vel
653 579 709 613 alia
739 579 816 613 iusta
839 588 869 613 et
893 579 1064 613 rationabili
1088 592 1180 613 causa

436 628 547 664 l'uerint
587 629 753 675 propediti,
788 629 928 663 minister
961 641 1067 662 eorum
1110 641 1180 663 eum

434 678 639 713 discretorum
664 678 791 712 fratrum
815 678 945 713 consilio
960 678 998 711 de
1020 677 1090 711 aliis
1113 679 1180 712 ido-

435 728 501 762 neis
548 727 658 762 debeat
697 727 839 762 celeriter
873 727 1045 774 providere.
1086 727 1180 762 Tem-

435 789 509 823 pore
542 787 645 811 autem
670 777 831 821 regiminis
858 790 912 811 seu
940 789 1032 811 curae
1068 776 1180 812 liuius-

435 827 518 860 modi
561 827 728 873 magisterii
759 827 895 872 magistri
933 827 1081 872 praedicti
1117 840 1178 861 non

435 876 594 910 mittantur
627 885 710 910 extra
745 884 917 910 conventus
951 888 1005 909 seu
1036 876 1114 920 loca,
1150 877 1178 910 in

433 925 548 971 quibus
571 925 608 959 ad
634 925 790 971 praedicta
815 925 927 959 suerint
952 927 1104 971 deputati,
1127 935 1180 960 aut

433 974 507 1008 alias
528 975 572 1009 sic
591 984 795 1021 occupentur,
810 987 871 1021 quo
891 976 996 1009 minus
1016 975 1133 1010 utiliter
1151 985 1179 1010 et

433 1023 598 1058 salubriter
620 1036 711 1058 curae
747 1023 911 1058 intendere
941 1024 1060 1059 valeant
1090 1038 1178 1072 prae—

433 1072 553 1107 libatae.
589 1072 621 1107 Si
654 1082 757 1108 autam
787 1073 895 1108 lratres
923 1074 960 1108 ad
997 1074 1177 1109 huiusmodi

434 1124 646 1169 magisterium
674 1123 812 1170 deputati
841 1124 942 1170 ipsum
980 1125 1180 1170 pertinaciter

433 1174 591 1218 suscipere
614 1173 836 1209 mausz-wetini
861 1173 1034 1218 puniantur
1066 1187 1178 1220 poena

432 1235 490 1268 qua
519 1222 627 1256 stanes
662 1222 878 1256 inobediiutes
912 1222 1028 1256 debent
1062 1236 1179 1258 secun-

433 1272 506 1305 dum
536 1271 633 1318 ipsius
656 1272 775 1306 ordinis
798 1272 935 1306 instituta
966 1273 1078 1318 puniri.

480 1321 500 1368 S
524 1325 554 1354 7.
582 1320 671 1355 Circa
699 1321 916 1356 abstinentiam
945 1334 1014 1356 vcro
1050 1322 1178 1367 provide

433 1370 578 1404 duximus
600 1370 821 1409 ordinandum
841 1370 954 1417 quod
950 1384 977 1404 tn
996 1372 1132 1416 gtneiali
1149 1381 1177 1405 ιι

435 1420 675 1465 provincialibus
698 1420 855 1466 capitulis
877 1430 907 1454 (t
933 1421 1026 1454 etiam
1064 1421 1178 1469 ubique

434 1481 463 1503 in
493 1468 662 1503 refectoriis
685 1469 757 1503 dicti
785 1470 903 1503 ordinis
930 1470 1123 1505 ε-ιίι5ιιιιθθιιιι
1140 1471 1179 1505 ab

433 1531 489 1553 ‹su
525 1519 683 1558 carnium,
715 1520 880 1566 quodque
924 1520 975 1553 ubi
1014 1520 1178 1554 commode

434 1568 498 1602 lieri
522 1569 646 1615 poterit,
665 1569 696 1602 in
719 1578 873 1603 conventu
897 1569 1037 1615 quolibet
1059 1570 1178 1603 ordinis

434 1630 493 1651 una
510 1629 618 1663 magna
636 1630 706 1663 pars
722 1618 819 1664 ipsius
835 1628 1008 1652 conventus
1026 1619 1107 1652 iuxta
1120 1619 1177 1653 dis

433 1667 620 1711 positionem
655 1667 818 1712 guardiani
861 1680 896 1701 ac
930 1668 1177 1702 consiliariorum

432 1725 606 1750 conventus
620 1717 704 1749 omni
723 1716 773 1750 die
790 1718 820 1751 in
842 1718 1004 1752 refectorio
1023 1718 1178 1758 comedat

435 1767 515 1799 etin
543 1765 649 1810 domo,
677 1767 705 1799 in
734 1779 795 1813 qua
819 1767 875 1800 alia
901 1780 972 1814 pars
1007 1776 1180 1801 conventus

435 1817 517 1849 iuxta
540 1815 778 1862 dispositionem
802 1816 874 1850 dicti
894 1817 1054 1862 guardiani
1079 1830 1179 1851 come-

435 1865 526 1904 derit,
547 1865 625 1900 sicut
651 1865 680 1898 in
705 1865 878 1910 refectorio⁷
906 1866 944 1900 ab
966 1865 1114 1900 omnibus
1134 1867 1178 1900 si-

435 1914 564 1948 lentium
599 1914 791 1955 observetur,
824 1924 853 1949 et
883 1916 911 1950 in
944 1928 1050 1950 mensa
1085 1916 1178 1951 lectio

434 1963 596 1998 habeatur.
622 1964 653 1998 ln
677 1964 895 1999 festivitatibus
924 1975 1026 1999 autem
1056 1966 1178 2000 Nativi-

435 2014 515 2057 tatis,
532 2013 783 2049 Resurrectionis
802 2024 831 2049 et
853 2015 1056 2049 Ascensionis
1073 2015 1179 2050 Domi-

436 2063 534 2107 nicae,
556 2063 769 2103 Pentecostes‚
801 2064 1014 2110 apostolorum
1045 2065 1125 2098 Petri
1149 2075 1175 2099 et

436 2111 540 2157 Pauli,
567 2113 803 2159 Assumptionis
816 2113 952 2160 Virginis
971 2115 1134 2160 gloriosae,
1150 2125 1178 2149 et

435 2160 540 2197 Sancti
571 2162 739 2206 Francisci7
760 2163 865 2197 Sancti
889 2164 1016 2198 Antonii
1039 2173 1069 2197 et
1091 2164 1177 2198 Beati

434 2212 582 2247 Lodovici
605 2211 742 2259 episcopi
766 2221 849 2247 totus
874 2223 1046 2248 conventus
1069 2214 1098 2247 in
1126 2227 1176 2248 re-

435 2261 562 2296 fectorio
588 2262 741 2296 comedat.
777 2262 901 2297 Rursus
928 2263 1019 2298 etiam
1052 2263 1178 2298 ordina-

436 2323 515 2355 mus,
533 2312 616 2358 quod
636 2312 781 2355 ministri,
803 2312 949 2347 custodes
967 2321 996 2347 ct
1014 2313 1176 2359 guardiam

435 2373 469 2395 ac
491 2373 599 2396 eorum
637 2362 737 2396 vicarii
760 2362 821 2396 sint
857 2375 928 2397 cum
965 2362 1112 2397 fratribus
1147 2363 1175 2397 in

434 2420 601 2451 conventu
624 2411 653 2445 in
677 2411 824 2451 ecclesia
846 2421 876 2446 et
904 2412 934 2446 in
958 2424 1075 2453 mensa,
1098 2421 1128 2447 et
1145 2413 1175 2446 iu

435 2460 525 2504 cibis,
548 2460 684 2496 vestibus
704 2469 735 2495 et
757 2462 855 2501 lectis
886 2462 1036 2509 quamdiu
1058 2462 1123 2496 sani
1147 2471 1176 2496 et

434 2508 528 2544 fortes
551 2510 677 2551 suerint
699 2511 816 2545 eisdem
837 2511 984 2546 fratribus
1003 2524 1036 2546 sc
1051 2511 1176 2546 coufor—

436 2568 538 2600 ment;
565 2560 615 2594 ubi
643 2569 745 2595 tamen
775 2560 939 2596 infirmitas
966 2561 1011 2596 vel
1034 2560 1177 2596 debilitas

435 2616 486 2643 aut
522 2608 608 2644 labor
643 2609 761 2644 itineris
807 2622 862 2645 seu
899 2610 1177 2647 administrationis

1224 333 1383 367 communi
1414 332 1471 366 vita
1494 340 1681 375 conventum,
1705 334 1818 368 inlirmi
1842 335 1970 382 quidem

1223 391 1253 415 et
1280 381 1402 416 debiles
1435 381 1586 427 quamdiu
1620 382 1783 417 infirmitas
1811 385 1856 418 vel
1879 384 1971 419 debi-

1224 431 1293 465 litis
1314 430 1485 472 duraverit,
1508 430 1557 464 ilii
1584 444 1666 471 veto,
1695 432 1816 467 itineris
1837 445 1891 467 seu
1915 434 1970 468 ad-

1224 480 1460 514 ministrationis
1499 480 1658 514 laboribus
1702 481 1818 527 fatigati
1858 482 1969 518 diebus

1222 529 1378 575 aliquibus
1401 538 1555 576 separate,
1583 538 1612 563 et
1641 531 1671 563 in
1700 530 1804 577 aliquo
1831 543 1970 577 congruo

1222 587 1253 612 et
1276 578 1408 614 honesto
1431 579 1499 613 loco
1526 578 1610 613 refici
1638 579 1809 620 moderate,
1828 593 1970 627 asuper—

1222 628 1292 662 ssuis
1318 637 1347 662 et
1371 629 1542 663 excessivis
1563 629 1710 675 expensis
1728 630 1852 676 penitus
1878 642 1970 677 prae-

1221 679 1369 712 cavendo.
1407 677 1600 712 Ordinamus
1639 678 1768 725 insuper
1793 679 1877 726 quod
1908 680 1969 713 mi-

1223 728 1310 761 nistri
1336 737 1365 761 et
1384 727 1532 762 custodes
1549 727 1704 762 solicitam
1723 740 1829 762 curam
1849 737 1970 774 gerant,

1221 776 1305 823 quod
1329 777 1367 811 de
1395 777 1601 824 eleemosynis
1622 787 1651 812 et
1676 777 1768 812 rebus
1789 778 1870 822 aliis,
1891 790 1970 825 quae

1221 826 1389 861 obvenient
1424 827 1648 870 conventibus,
1688 839 1744 873 per
1778 828 1969 873 guardianos

1222 875 1422 922 provideatur
1444 876 1603 910 moderate
1636 876 1718 911 iuxta
1754 877 1970 925 eleemosyna-

1222 938 1289 959 rum
1319 934 1348 960 et
1375 925 1601 960 obventionum
1630 925 1809 960 huiusmodi
1841 928 1969 973 quanti—

1221 983 1312 1009 tatem
1342 975 1489 1009 sratribus
1525 975 1552 1008 in
1577 975 1754 1016 communi3
1787 988 1824 1010 ne
1859 975 1968 1011 fratres

1222 1024 1277 1070 ipsi
1305 1033 1431 1071 propter
1452 1024 1607 1059 desectum
1630 1025 1810 1059 communis
1828 1034 1858 1059 et
1882 1025 1969 1060 suffl-

1220 1075 1332 1109 cientis
1360 1075 1459 1109 victus
1486 1075 1616 1108 seorsim
1648 1074 1824 1114 comedere,
1846 1083 1876 1109 et
1899 1087 1968 1121 par-

1221 1123 1392 1158 ticulariter
1418 1135 1454 1158 ac
1482 1123 1659 1158 inordinate
1694 1124 1772 1158 vitae
1795 1125 1967 1159 necessaria

1219 1173 1278 1207 sibi
1322 1186 1488 1220 procurare
1537 1182 1700 1219 cogantur.
1746 1172 1826 1208 Dicti
1865 1182 1969 1208 autem

1219 1222 1380 1268 guardiani
1404 1222 1572 1267 diligenter
1595 1231 1735 1267 caveant,
1759 1235 1797 1257 ne
1820 1223 1888 1257 sine
1911 1235 1969 1257 ma-

1221 1272 1329 1306 nifesta
1353 1281 1383 1306 et
1406 1272 1578 1306 rationabili
1603 1284 1696 1306 causa
1724 1273 1799 1306 dent
1821 1272 1970 1307 fratribus

1220 1330 1304 1355 extra
1318 1323 1577 1355 communitatem
1595 1321 1751 1356 licentiam
1769 1322 1967 1356 comedendi.

1268 1372 1346 1417 §8-
1381 1371 1463 1404 Sane
1498 1383 1570 1404 cnm
1604 1371 1704 1406 felicis
1741 1371 1969 1407 recordationis

1222 1421 1352 1455 loannes
1385 1420 1467 1466 Papa
1496 1420 1665 1465 vigesimus
1692 1421 1851 1455 secundus
1874 1433 1969 1467 prae—

1219 1470 1366 1504 decessor
1389 1478 1493 1504 noster
1513 1469 1681 1504 intendens
1704 1469 1856 1517 quaedam
1873 1470 1967 1505 dubia

1220 1520 1300 1553 circa
1318 1520 1477 1562 vilitatem,
1505 1519 1635 1553 sormam
1659 1527 1689 1554 et
1709 1520 1891 1567 qualitatem
1916 1532 1968 1560 ve—

1219 1570 1316 1603 stium
1345 1578 1375 1603 et
1411 1569 1573 1602 habituum
1604 1568 1731 1603 fratrum
1762 1577 1868 1603 exorta
1905 1569 1968 1616 ple·

1221 1618 1290 1652 nius
1316 1618 1486 1657 declarare
1513 1630 1549 1651 ac
1575 1619 1783 1652 temeritatem
1819 1628 1848 1653 et
1877 1631 1969 1665 prae-

1219 1669 1432 1714 sumptionem
1478 1667 1688 1713 quorumdam
1722 1667 1880 1722 fratrum„
1915 1669 1967 1715 qui

1222 1718 1366 1762 praelatis
1388 1729 1455 1751 suis
1479 1716 1727 1752 inobedientes
1721 1731 1750 1751 ιιι
1780 1718 1817 1751 iis
1852 1717 1968 1752 existe-

1220 1766 1305 1806 bant
1341 1776 1371 1801 et
1411 1766 1535 1801 habitus
1557 1766 1734 1811 singulares
1755 1776 1785 1800 et
1808 1766 1966 1802 deformes

1220 1824 1325 1850 contra
1344 1828 1546 1851 communem
1563 1816 1792 1851 ordinationem
1809 1825 1839 1850 et
1854 1816 1965 1851 obser-

1221 1866 1352 1900 vantiam
1367 1866 1487 1900 ordinis
1502 1874 1531 1899 et
1550 1867 1757 1912 praelatorum
1772 1878 1901 1900 suorum
1917 1866 1967 1900 iu—

1219 1916 1336 1950 dicium
1351 1919 1455 1959 (nom)
1467 1915 1651 1949 verebantur
1663 1928 1821 1950 assumere
1829 1924 1858 1950 et
1869 1915 1968 1950 deser-

1221 1978 1263 2004 re,
1285 1965 1411 2012 provide
1424 1966 1579 2011 corrigere
1593 1974 1621 1999 et
1640 1977 1773 2006 cassare,
1797 1965 1877 2000 inter
1888 1965 1965 2000 alias

1219 2015 1353 2061 quadam
1373 2027 1428 2049 sua
1456 2015 1692 2058 constitutione,
1720 2027 1800 2062 quae
1828 2014 1962 2062 incipit:

1223 2065 1436 2104 Quorumdam
1451 2067 1557 2109 eaeiyt't
1566 2064 1876 2104 adiecitclausulam‚
1885 2077 1965 2112 quae

1219 2114 1360 2159 sequitur
1375 2115 1403 2147 in
1416 2114 1492 2148 liaec
1504 2113 1604 2148 verba
1618 2113 1963 2160 Nosquepraesatorum

1220 2164 1446 2204 niinistr·‚oium
1473 2163 1639 2198 ‹ustodum
1663 2172 1693 2197 et
1719 2164 1963 2219 guardianorum

1219 2213 1334 2247 iudicio
1358 2214 1568 2260 praesentium
1592 2213 1775 2248 auctoritate
1797 2214 1965 2248 committi-

1220 2275 1290 2296 mus
1304 2262 1524 2303 determinare,
1546 2263 1689 2297 videlicet
1712 2263 1855 2298 arbitrari
1870 2272 1964 2310 atque

1219 2313 1410 2359 praecipere,
1426 2313 1518 2347 cuius
1541 2312 1760 2359 longitudinis,
1792 2312 1964 2348 latitudinis

1218 2370 1247 2394 et
1270 2361 1423 2407 grossitiei
1446 2370 1476 2396 et
1494 2362 1675 2397 subtilitatis
1702 2363 1831 2397 cuiusve
1847 2362 1963 2398 formae.

1217 2411 1281 2445 sive
1309 2412 1438 2457 figurae,
1465 2421 1559 2459 atque
1584 2411 1733 2447 similium
1756 2412 1962 2448 accidentium

1217 2473 1286 2495 esse
1305 2460 1440 2496 debeant
1468 2471 1529 2496 tam
1566 2462 1715 2506 babitus,
1743 2475 1838 2510 quam
1869 2462 1961 2497 etiam

1219 2511 1356 2557 ipsorum
1385 2520 1507 2557 caputia
1541 2524 1576 2546 ac
1615 2511 1779 2547 interiores
1814 2512 1962 2556 tunicae,

1217 2560 1334 2606 quibus
1355 2560 1465 2596 fratres
1483 2560 1556 2596 dicti
1585 2561 1744 2597 Minorum
1767 2562 1885 2596 ordinis
1914 2562 1963 2597 in·

1216 2609 1380 2650 duuutur;
1408 2624 1443 2646 ac
1478 2610 1606 2658 insuper
1639 2612 1729 2646 cuius
1765 2620 1962 2658 quantaeque

1989 233 2036 256 An.
2056 230 2084 256 C.
2105 233 2170 259 ¹556

1997 1378 2025 1399 De
2066 1379 2166 1406 qualitate

1983 1410 2066 1430 habitus
2088 1414 2108 1430 et
2127 1416 2167 1431 ve-

1984 1442 2052 1461 stium.
