2274 3265
126 254 176 280 An.
191 253 216 280 C.
243 255 307 281 1555

137 759 256 779 flauum-iri:
269 767 306 785 pa-

123 795 206 811 ctiones
233 791 306 817 prohi-

124 823 198 843 bantur
214 824 233 842 in
254 829 306 843 enn-

124 857 219 874 stitutinn
252 855 306 874 tire-

124 886 175 909 3orii
192 884 207 905 X
223 889 242 905 Ν
258 885 307 905 Cle-

123 917 199 936 meniis
215 915 237 935 V.

131 1902 215 1922 Romani
244 1902 301 1922 Pon-

116 1936 178 1954 inicis
216 1935 302 1955 lieduut

117 1968 251 1991 patestatem.

906 250 1119 275 JNNOCENTIUS
1141 250 1172 272 Vl
1200 250 1249 272 PP.

321 309 360 343 de
388 309 454 343 inre
494 308 702 355 procederet:
730 308 814 355 quod
846 307 895 342 ille
927 319 963 341 ex
996 307 1064 350 eis,

321 370 413 405 quem
453 359 569 393 assumi
604 358 796 403 contingeret
824 357 862 391 ad
893 364 1064 403 papatum,

321 409 425 442 onmia
450 408 479 442 in
503 408 612 442 eadem
632 409 784 453 scriptura
808 414 952 442 contenta
971 406 1066 439 invio-

322 457 455 492 labiliter
473 458 663 497 observaret,
690 467 719 491 vt
753 456 835 504 quod
863 456 971 491 eadem
1003 455 1064 498 die,

321 520 380 553 qua
405 508 493 547 foret,
518 515 549 541 nt
578 507 760 554 praefertur,
783 513 975 552 assumptuS,
992 518 1065 552 pro-

323 557 474 596 fiteretur,
497 571 531 591 ea
555 557 658 590 omnia
687 566 714 591 et
737 556 858 602 singula
882 569 915 589 se
930 554 1065 588 tidelm-r

321 617 529 650 servaturum,
552 615 678 653 rataque
702 606 881 640 liabitnrnm
904 617 1000 652 snper
1021 606 1065 639 eis

322 665 466 703 praestita
491 665 672 691 iuramenta.

369 706 389 753 g
407 708 439 740 2.
468 705 674 741 Postmodum
700 718 772 739 xero
792 718 848 740 nos
869 705 906 740 ad
928 704 1063 739 officium

322 755 511 798 huiusmodi,
526 756 595 789 licet
607 755 863 790 insufficientibus
874 755 1002 797 meritis,
1015 755 1065 789 di—

322 806 390 839 vina
414 805 618 852 dispositione
636 807 748 844 vocati,
774 806 941 852 praemissa
960 806 1063 839 omnia

323 864 533 898 recensentes,
556 864 583 889 et
602 855 799 889 attendentes
812 856 893 902 qnod
914 855 982 889 licet
997 867 1065 890 car-

320 904 442 938 dinales
465 905 557 938 iidem
580 904 617 938 ad
641 918 675 939 ea
693 904 869 939 faciendum
891 904 1066 939 babuerunt

320 962 438 988 rectum
462 954 575 998 zelum,
598 963 627 988 et
646 954 806 1000 aliquibus
829 955 920 988 etiam
945 954 1066 989 videre-

319 1012 390 1047 tur,
426 1016 483 1038 nos
510 1004 625 1039 debere
656 1004 704 1038 illa
733 1012 760 1038 et
798 1005 942 1051 praestita
971 1018 1066 1051 snper

318 1065 377 1092 etS,
406 1061 438 1087 ut
465 1054 698 1100 praemittitur,
723 1054 895 1088 iuramenta
920 1066 1065 1094 servare,

317 1103 389 1149 quia
403 1111 507 1137 tamen
522 1103 597 1137 dicti
615 1104 800 1143 cardinales,
826 1103 1066 1150 prohibentibus

317 1152 595 1187 constitutionibus
623 1152 723 1187 felicis
741 1153 964 1187 recordationis
979 1152 1066 1188 Gre-

316 1202 394 1248 gorii
420 1202 447 1236 X
470 1211 498 1236 et
520 1202 694 1237 Clementis
723 1202 762 1241 V,
787 1204 1064 1247 praedecessorum

318 1259 496 1286 nostrorum
528 1252 741 1286 Romanorum
771 1251 971 1289 Pontificum,
994 1254 1066 1298 qni-

317 1302 376 1336 bus
390 1309 529 1344 cavetur,
548 1301 632 1347 qnod
648 1301 834 1340 cardinales,
849 1301 957 1335 eadem
983 1301 1066 1336 Sede

317 1361 455 1391 vacante,
469 1351 507 1385 de
526 1351 781 1397 ‹piilniscumqne
805 1352 956 1396 negociis,
977 1364 1066 1397 prae-

317 1410 458 1448 terquam
493 1402 531 1434 de
557 1402 734 1446 provisione
763 1401 924 1435 Romanae
954 1402 1066 1435 Eccle—

317 1453 379 1486 siae
416 1451 578 1489 facienda,
607 1453 699 1485 certis
730 1451 891 1485 dumtaxat
928 1453 1067 1498 exceptis

315 1501 452 1536 casibus.
467 1502 506 1534 de
519 1501 634 1547 quilius
651 1509 754 1535 tamen
768 1502 880 1547 aliquis
898 1511 1066 1536 (annuntiis

316 1564 347 1585 in
369 1552 523 1596 scriptura
544 1550 725 1585 huiusmodi
751 1564 811 1585 non
835 1552 950 1587 existit⁴
974 1566 1006 1585 se
1025 1552 1067 1586 in-

316 1601 488 1635 tromittere
530 1610 708 1647 nequeant,
745 1601 782 1634 ad
819 1614 853 1636 ea
897 1602 1066 1646 pianmlere

316 1651 445 1685 minime
473 1659 664 1698 potnerunt:
701 1659 728 1684 ct
753 1651 991 1685 considerantes
1019 1660 1066 1684 at-

315 1709 398 1736 tente
426 1702 510 1748 quod
545 1702 699 1747 scriptura
729 1702 791 1747 ipsa
826 1702 854 1735 in
879 1702 1065 1735 diminutio-

316 1764 386 1785 nem
415 1761 445 1785 et
473 1751 703 1797 praeiudicium
745 1751 948 1797 plenitudinis
977 1760 1066 1798 pote-

314 1802 404 1835 statis
427 1814 463 1835 ex
486 1814 539 1836 ore
564 1801 620 1834 Dei
653 1801 783 1835 collatae
819 1801 875 1834 soli
904 1801 1066 1835 dumtaxat

315 1851 461 1885 Romano
476 1851 621 1885 Pontifici
634 1850 831 1895 dignoscitur
846 1850 954 1896 procul
968 1850 1066 1885 dubio

316 1900 512 1935 redundare:
542 1913 613 1934 cum
639 1912 693 1945 per
713 1899 854 1934 eamdem
878 1900 1064 1946 scripturam

318 1949 474 1995 praefatae
491 1949 566 1984 Sedi
585 1949 705 1996 grande
725 1962 759 1982 ac
780 1957 965 1995 perpetuum
983 1962 1067 1995 prae-

317 1998 469 2033 iudicium
494 1999 655 2034 immineat
679 1999 855 2041 manifeste,
877 1998 952 2033 dum
971 2008 1065 2046 pote-

315 2056 380 2083 stas
401 2048 581 2083 huiusmodi
614 2048 761 2082 adimitur
788 2048 890 2082 eidem
922 2048 1065 2083 Romano

315 2098 475 2137 Pontifici,
512 2098 669 2146 certisque
706 2097 822 2143 regulis
848 2106 878 2131 et
912 2098 1065 2133 limitibus

315 2147 373 2182 sibi
399 2148 543 2195 praefixis
567 2148 606 2182 ab
634 2148 760 2182 bomine
782 2156 978 2182 coarctatur:
1009 2161 1064 2183 nec

315 2198 421 2231 minus
448 2198 608 2232 intuentes
634 2197 718 2244 quod
742 2205 826 2232 esset
848 2198 931 2244 apud
961 2199 1064 2232 catho-

315 2248 392 2282 licos
415 2248 618 2282 temerarium
643 2256 671 2281 et
695 2248 839 2282 insanum
859 2260 997 2282 asserere
1017 2249 1062 2281 vol

314 2299 430 2332 sentire
446 2297 530 2344 quod
548 2297 709 2331 Romanus
730 2297 873 2331 Pontifex
899 2310 1064 2332 successor

314 2347 397 2381 Petri
426 2356 455 2381 et
478 2347 610 2381 vicarius
633 2346 702 2380 lesu
726 2346 841 2381 Christi
871 2360 932 2380 non
952 2347 990 2381 sit
1014 2360 1064 2381 vo-

314 2405 402 2430 catus
424 2405 452 2430 ct
474 2404 656 2442 assumptus
672 2396 700 2430 in
727 2396 953 2443 plenitudinem
973 2406 1062 2444 pote—

313 2447 419 2480 statis:
437 2459 518 2494 quae
532 2446 671 2492 profecto
686 2446 767 2492 apud
782 2447 884 2493 ipsum
896 2459 956 2481 non
968 2455 1061 2489 esset,

313 2497 338 2529 si
361 2509 398 2530 ex
437 2497 571 2530 aliorum
606 2508 761 2530 consensu
787 2496 833 2529 vel
866 2497 993 2531 arbitrio
1017 2499 1061 2540 (l)

312 2546 519 2581 amminiculo
541 2545 730 2592 dependeret
749 2558 754 2578 z
778 2545 926 2593 quodque
946 2547 994 2581 illa
1018 2547 1062 2580 iu-

314 2604 450 2631 ramenta
469 2608 529 2629 non
551 2607 712 2639 canonica,
730 2608 791 2630 imo
809 2605 970 2631 temeraria
987 2605 1060 2631 sunt

347 2652 386 2688 (t)
403 2653 500 2680 Forsan
515 2654 634 2679 arbitrii.

1738 239 1807 271 507

1106 304 1275 348 censenda,
1303 316 1383 351 quae
1413 317 1473 339 non
1499 304 1602 340 solum
1631 303 1660 338 in
1684 302 1857 347 Romanae,

1106 355 1248 401 quinimo
1279 354 1309 387 in
1338 354 1508 389 cuiuslibet
1540 354 1668 388 alterius
1696 352 1857 387 Ecclesiae

1108 404 1334 449 praeiudicium
1371 404 1605 450 laesionemque
1636 410 1856 448 praestantur3

1108 453 1210 488 habita
1229 465 1326 499 snper
1347 454 1383 487 iis
1398 463 1426 487 et
1444 453 1603 487 nonnullis
1617 452 1698 497 aliis,
1712 464 1792 500 quae
1804 464 1857 486 no-

1106 511 1203 536 strum
1220 502 1257 536 ad
1275 502 1303 536 id
1320 503 1456 536 animum
1482 501 1707 537 rationabiliter
1724 502 1858 537 induxe-

1107 561 1189 595 runt,
1205 565 1277 586 cnm
1293 552 1482 598 quibusdam
1497 565 1534 586 ex
1551 551 1670 586 eisdem
1685 551 1778 586 etiam
1796 564 1857 586 car⁴

1106 602 1265 636 dinalibns
1281 615 1315 635 ac
1331 601 1472 647 pluribus
1488 600 1672 635 doctoribus
1686 609 1715 635 et
1730 602 1859 648 iurispe-

1107 652 1173 685 ritis
1195 652 1274 695 aliis,
1296 651 1521 685 deliberatione
1545 658 1676 690 matura,
1703 650 1740 684 ad
1766 663 1859 685 omne

1106 701 1294 748 scrupulum
1318 710 1347 735 et
1365 700 1495 735 dubium
1521 700 1550 734 in
1568 700 1624 734 liac
1647 707 1732 746 parte
1751 700 1861 735 tollen-

1106 751 1193 791 dum,
1217 751 1400 786 auctoritate
1424 750 1606 797 apostolica,
1632 757 1740 784 tenore
1767 762 1859 797 prae-

1106 802 1240 835 sentium
1281 801 1477 835 declaramus
1516 799 1644 834 eosdem
1685 799 1858 835 cardinales

1107 859 1252 885 contenta
1289 852 1318 884 in
1352 851 1506 897 scriptura
1543 849 1722 884 huiusmodi
1757 849 1858 885 facere

1108 900 1285 935 nullatenus
1305 902 1456 946 potuisse,
1480 912 1515 934 ac
1538 899 1587 934 illa
1610 907 1640 934 et
1662 911 1788 934 omnem
1811 912 1858 935 eo-

1109 963 1175 984 rnm
1191 952 1336 985 effectum
1355 950 1470 984 nullius
1487 949 1583 984 fuisse
1597 961 1633 984 ac
1648 961 1717 984 esse
1734 949 1860 996 penitus

1109 1000 1230 1035 roboris
1253 1001 1298 1034 vel
1321 1000 1493 1039 momenti3
1517 1011 1639 1047 nosque
1662 998 1708 1033 vel
1731 1011 1859 1034 succes-

1107 1063 1194 1085 sores
1214 1059 1335 1084 nostros
1350 1049 1510 1084 Romanos
1526 1049 1697 1084 Pontifices
1715 1061 1770 1083 seu
1791 1061 1860 1083 car—

1108 1099 1229 1133 dinales
1250 1100 1333 1146 ipsos
1357 1099 1393 1133 ad
1419 1099 1543 1133 illorum
1563 1107 1592 1134 et
1611 1099 1859 1133 iuramentornm

1109 1149 1336 1195 praedicttnnm
1355 1148 1586 1183 observantiam
1605 1161 1667 1183 non
1684 1148 1779 1183 fnisse
1802 1160 1860 1183 nec

1108 1212 1176 1233 esse
1199 1199 1352 1241 obligatos
1375 1198 1614 1244 quomodolibet
1636 1198 1681 1232 vel
1703 1199 1858 1233 astrictos.

1156 1249 1175 1295 ξ
1199 1251 1229 1282 3,
1253 1248 1359 1282 Tenor
1382 1261 1454 1281 vero
1476 1247 1577 1282 dictae
1601 1247 1773 1294 scripturae
1792 1248 1860 1282 talis

1108 1307 1153 1331 est
1182 1298 1411 1343 infrascriptus.

1157 1348 1176 1394 ξ
1211 1350 1242 1381 4.
1272 1347 1510 1382 Deliberatione
1538 1346 1630 1393 plena
1661 1346 1767 1381 habita
1803 1360 1859 1394 pro

1110 1397 1191 1430 bono
1221 1397 1346 1443 publico
1374 1396 1566 1431 concordant
1594 1408 1706 1431 omnes
1739 1396 1858 1431 domini

1108 1446 1294 1485 cardinales,
1319 1447 1444 1480 nemine
1468 1446 1681 1493 discrepante.
1702 1446 1731 1480 in
1748 1448 1859 1494 primis

1109 1497 1191 1543 qnod
1216 1496 1368 1531 Summus
1397 1496 1553 1534 Pontifex,
1582 1495 1719 1530 Domino
1748 1497 1859 1544 provi—

1109 1548 1214 1584 dente,
1237 1547 1404 1588 creandus,
1424 1547 1508 1580 nullo
1537 1557 1676 1592 unquam
1705 1555 1859 1594 ternpore,

1109 1610 1143 1630 ex
1173 1598 1281 1642 quavis
1304 1610 1410 1637 causa,
1434 1596 1579 1642 proci-dat
1604 1596 1641 1630 ad
1665 1598 1859 1632 creationem

1109 1647 1339 1684 cardinalium,
1369 1647 1424 1679 nisi
1454 1646 1630 1680 serundnm
1667 1646 1796 1681 modum
1831 1656 1861 1682 et

1110 1698 1239 1730 formam
1257 1697 1387 1731 inferius
1404 1696 1583 1730 denotatos:
1614 1695 1758 1731 videlicet
1773 1698 1858 1744 quod

1110 1759 1169 1779 non
1202 1755 1284 1779 creet
1322 1759 1376 1780 seu
1402 1747 1490 1781 faciat
1521 1746 1644 1792 aliquos
1671 1746 1858 1786 cardinales.

1108 1796 1210 1829 donec
1250 1808 1401 1830 numerus
1438 1795 1647 1830 cardinalium
1676 1797 1799 1831 venerit
1820 1797 1857 1831 ad

1109 1857 1274 1879 numerum
1299 1845 1457 1880 sexdecim
1482 1844 1704 1886 cardinalium,
1720 1845 1791 1882 aliis
1805 1847 1857 1894 qui

1108 1903 1212 1930 essent
1235 1909 1329 1942 supra
1354 1907 1519 1929 nnmerum
1540 1895 1699 1929 sexdecim
1723 1895 1762 1931 de
1788 1909 1858 1932 me-

1108 1945 1160 1979 dio
1183 1945 1243 1979 iam
1275 1945 1421 1983 sublatis,
1444 1955 1474 1980 et
1498 1953 1572 1978 tunc
1601 1954 1752 1989 assumat,
1776 1947 1800 1980 si
1829 1948 1857 1981 ei

1107 1994 1277 2038 videbitur,
1300 2003 1344 2029 tot
1365 2003 1441 2041 quot
1460 1993 1630 2029 ascendant
1653 1995 1689 2029 ad
1719 1996 1789 2043 plus
1810 2010 1859 2031 us-

1106 2057 1167 2091 que
1194 2045 1231 2078 ad
1256 2057 1423 2079 nnmerum
1453 2045 1584 2090 viginti,
1618 2053 1648 2078 et
1680 2057 1742 2079 non
1766 2046 1858 2090 ultra,

1108 2094 1276 2140 praedictis
1309 2094 1469 2129 sexdecim
1505 2103 1557 2128 aut
1590 2095 1803 2140 paucioribus,
1831 2097 1857 2130 si

1106 2144 1183 2179 forte
1207 2152 1281 2178 tnnc
1303 2152 1518 2191 superessent.
1536 2144 1565 2177 in
1590 2144 1700 2179 viceuo
1724 2157 1856 2180 numero

1106 2202 1308 2240 computatis

1153 2244 1173 2290 g
1197 2246 1228 2277 5.
1252 2244 1341 2285 Quos
1367 2243 1494 2291 quidem
1521 2243 1696 2278 cardinales
1719 2257 1773 2291 per
1795 2244 1852 2279 Pa—

1106 2306 1175 2340 pam
1211 2294 1387 2332 crea'ndos,
1413 2294 1478 2340 ipse
1506 2305 1611 2327 creare
1643 2302 1672 2327 et
1706 2294 1853 2329 ordinare

1105 2343 1216 2377 habeat
1238 2344 1276 2377 de
1298 2344 1439 2377 omnium
1464 2342 1669 2377 cardinalium
1699 2352 1775 2378 tunc
1797 2357 1852 2378 su-

1106 2393 1362 2439 perexistentinm
1392 2405 1447 2427 sen
1476 2392 1610 2426 duarum
1638 2393 1774 2439 partium
1797 2407 1852 2429 eo-

1105 2442 1248 2476 rumdem
1281 2442 1416 2477 consilio
1443 2451 1472 2476 et
1499 2455 1677 2477 consensu:
1715 2443 1774 2478 boc
1806 2452 1852 2478 ta—

1105 2504 1174 2526 men
1187 2492 1284 2533 salvo,
1299 2492 1395 2538 quod,
1411 2500 1534 2526 extante
1551 2504 1682 2526 numero
1696 2493 1749 2539 qni
1768 2505 1851 2528 nunc

1103 2550 1160 2581 est,
1188 2542 1233 2576 vel
1257 2541 1385 2576 forsitan
1410 2542 1569 2588 pauciore,
1597 2550 1735 2576 assumat
1755 2542 1849 2588 Papa,

1103 2592 1127 2626 si
1155 2591 1300 2631 voluerit,
1332 2591 1411 2625 duos
1438 2591 1624 2631 cardinales,
1657 2591 1695 2626 de
1718 2592 1850 2627 consilio

1102 2642 1245 2676 omnium
1263 2641 1391 2676 fratrum
1406 2653 1460 2676 seu
1477 2641 1601 2676 maioris
1616 2641 1712 2689 partis
1726 2653 1846 2677 eorum.

1877 246 1926 273 Anv
1946 245 2056 271 01553

1887 859 1966 879 Nullius
2009 864 2056 878 ann

1874 894 1972 910 momenti
1990 891 2059 910 derla-

1874 925 1938 942 ratur⁴

1888 1206 1999 1227 Parnones
2020 1206 2059 1225 hu-

1874 1239 1962 1259 iusmodi
2006 1243 2059 1263 quae

1875 1268 1951 1289 fuerint

1889 1353 1915 1373 De
1961 1354 2058 1373 creandi<

1875 1385 1968 1404 rardinal
1988 1401 1992 1407 .
2018 1390 2057 1404 eo-

1874 1422 1960 1443 rumque
1984 1421 2059 1436 nume<

1874 1454 1906 1468 ro.

1884 2213 1913 2235 Do
1947 2220 2053 2236 consensu

1869 2246 2005 2267 cardinalium
2029 2248 2054 2268 ad

1868 2278 1888 2298 id
1915 2278 2051 2304 requirendo.
