2274 3265
100 284 149 310 Αιι.
173 284 202 311 C.
218 285 281 312 12911

115 395 191 415 Absut
184 400 232 415 »Νι
263 401 286 415 e

101 428 128 446 tt
132 432 150 446 ιιι
182 426 218 445 inti
226 430 273 446 nnu-
264 432 286 446 rs

102 458 160 477 ‹inid›
150 464 190 477 net

910 285 1125 308 coenes'rinus
1154 285 1171 306 v
1198 285 1244 307 ιψ.
1728 275 1788 308 121

349 341 448 389 §23-
477 340 611 397 Insuper
646 339 873 388 recipientibus
906 339 1048 374 ordinem

303 400 440 426 iestrum
464 399 493 425 et
522 391 550 425 in
574 403 612 425 eo
639 390 717 425 faeta
748 389 959 438 professione,
996 390 1048 436 qni

302 440 520 496 υκςριῑιιςιοιιις
554 450 607 476 aut
647 439 801 475 interdicti
840 439 885 474 vel
920 451 1050 473 ‹xeom-

302 491 551 525 municationum
578 489 758 530 sententiis,
794 501 810 523 a
846 489 914 523 iure
943 488 987 522 vel
1011 488 1050 522 ab

301 540 428 575 bomine
452 539 674 587 promulgatis,
709 537 898 585 generaliter
925 546 955 573 et
977 550 1051 584 spe-

300 590 420 625 sialiter
453 596 527 624 sunt
554 589 651 635 ligati,
685 587 895 623 absolutionis
930 587 1050 622 benefi-

1092 339 1197 384 Sedis,
1226 340 1271 375 vel
1300 340 1474 386 legatorum
1503 341 1583 384 eins,
1627 341 1684 376 nisi
1728 342 1844 377 eaedem

1092 389 1198 424 literae
1220 390 1412 436 apostolicae
1432 390 1471 426 de
1500 390 1622 425 indulto
1651 390 1845 431 huiusmodi,

1092 448 1121 473 et
1145 438 1257 473 ordine
1280 447 1393 480 vestro,
1417 448 1447 474 et
1474 440 1513 475 de
1540 440 1623 474 dieto
1655 441 1846 476 monasterio

1091 487 1124 522 S.
1149 487 1289 536 Spiritus
1312 488 1350 523 de
1372 488 1524 524 Sulmona
1550 489 1680 524 fecerint
1704 490 1845 526 mentio—

1093 550 1177 582 nem,
1204 539 1390 574 auctoritate
1414 538 1502 574 vobis
1529 539 1700 586 apostolica
1741 540 1846 575 indul-

1092 599 1129 633 g«
1135 600 1217 622 mus

1859 288 1907 313 Αιι,
1926 286 1953 313 C.
1976 286 2040 313 twa

1139 638 1159 684 S
1186 639 1243 672 2ss
1269 638 1493 673 Concedentes
1518 638 1604 673 iobis
1626 639 1846 680 nibilominus
1873 648 1919 670 ιι
1923 652 1949 669 ,ι

1091 688 1176 734 qllOd
1205 689 1230 723 si
1259 689 1355 736 aliqui
1383 689 1475 723 xcstri
1500 689 1623 723 monaci
1652 701 1706 723 seu
1736 688 1846 724 fratres
1860 681 2042 738 „,‘,'''¹¹¹e¹¹⁴‚‘¹'

1093 747 1162 784 post
1185 739 1345 774 obtentam
1370 739 1530 775 licentiam
1554 752 1569 774 a
1593 738 1676 774 Sede
1708 739 1928 786 Aposto-mi
1919 749 1957 768 ν
1962 747 1994 762 *ἕ
2000 743 2017 762 1·

299 640 382 674 rium
411 639 495 673 iuxta
523 638 652 673 formam
684 637 847 673 Ecclesiae
877 638 1048 684 impartiri

300 690 449 737 ipsosque
472 689 501 722 in
525 688 636 722 fratres
658 695 688 722 et
711 699 861 722 monacos
889 687 1049 734 reciper,e

298 738 502 774 dummodo
496 751 526 773 tn
549 737 660 773 eodem
693 736 804 772 oidine
833 746 1049 784 perseiweient

108 1830 215 1851 Personae
243 1838 280 1852 or*

96 1863 150 1883 dinls
179 1868 220 1883 non
247 1867 280 1884 te—

95 1895 172 1913 nentur
188 1893 282 1920 publica-

97 1928 120 1944 ιο
136 1924 279 1947 interdictum,

96 1958 137 1975 etc.
156 1954 192 1978 (17.

108 2376 180 2404 Neque
197 2378 279 2398 moniu-

96 2406 145 2428 lium
161 2414 231 2428 rurum
248 2414 279 2428 su<
297 2421 302 2425 -

96 2439 186 2464 ncipere.

298 802 333 823 ae
355 801 420 832 eos,
447 788 500 835 qui
526 794 594 835 post
615 794 814 834 assumptum
837 787 978 822 liabitum
1004 788 1048 823 iel

298 838 528 893 professionem
570 837 718 871 emissam
767 836 981 892 ιεοοΙιιθιιιιι,
1016 850 1050 872 se

298 887 444 922 talibus
438 900 468 921 ιιι
496 886 621 922 saeculo
650 886 746 921 fuisse
768 886 934 921 sententiis
957 886 1050 921 inno-

297 937 397 981 datos,
419 936 595 971 secundum
619 935 750 970 formam
775 935 929 977 eamdem,
945 943 989 976 tu,
1007 935 1047 970 fili

299 994 385 1032 patei·
406 985 513 1027 abbas,
536 994 677 1032 tempore
701 993 766 1029 tuo,
788 992 816 1020 et
834 985 864 1019 in
885 993 1047 1032 posterum

297 1047 498 1070 successores
526 1035 569 1069 tui
597 1034 784 1070 auctoiitate
808 1042 912 1069 nostia
931 1034 970 1069 de
992 1033 1051 1068 ab-

295 1084 464 1119 solutionis
486 1083 640 1119 beneficio
672 1083 836 1131 providere
860 1091 890 1118 et
917 1084 1049 1131 dispen-

296 1146 365 1169 sare
387 1146 459 1168 cum
474 1134 519 1169 eis
537 1145 634 1180 super
657 1132 952 1179 irregularitatibus,
971 1145 1050 1179 quas

296 1191 521 1218 contraxerunt
551 1182 596 1217 iel
632 1182 839 1226 contrahent,
875 1182 900 1216 si
935 1182 1050 1217 talibus

296 1233 400 1268 forsan
430 1233 583 1267 innodati=
609 1231 794 1273 sententiis,
823 1230 869 1265 vel
907 1232 936 1265 in
973 1231 1050 1267 locis

297 1281 464 1318 interdicto
498 1281 671 1328 suppositis
698 1281 801 1315 divina
824 1293 1050 1328 praesumpse-

297 1332 357 1366 rint
379 1330 477 1366 offieia
504 1330 684 1371 celebrare,
712 1338 764 1365 aut
798 1329 926 1365 ordines
954 1342 1049 1365 reee-

297 1389 420 1426 pernnt.
443 1380 487 1415 Ita
511 1389 632 1424 tamen,
654 1379 739 1427 quod
762 1379 788 1414 si
816 1379 912 1427 aliqui
938 1379 1050 1414 liuius-

296 1429 379 1464 modi
402 1429 567 1466 sententiis
592 1438 720 1477 propter
753 1428 855 1464 debita
890 1436 964 1464 sunt
993 1429 1051 1464 ad-

295 1479 406 1520 stricti,
436 1479 466 1514 in
489 1486 642 1526 quantum
674 1488 810 1526 possunt
837 1478 1049 1519 satisfaciant,

297 1537 327 1562 nt
356 1538 512 1564 tenentur.
548 1527 675 1576 Vosque
704 1527 835 1564 abbates
869 1536 899 1563 et
927 1528 1050 1575 priores

297 1577 479 1625 parentibus
501 1590 739 1626 oppressorum,
762 1590 834 1613 cum
857 1577 896 1612 ab
924 1577 969 1612 eis
987 1577 1050 1613 fue-

297 1628 363 1663 ritis
394 1628 554 1663 humiliter
581 1627 746 1675 requisiti,
782 1627 821 1662 de
850 1627 1050 1675 poenitentiis

296 1677 487 1712 salutaribus
526 1678 609 1713 iuxta
650 1677 781 1712 formam
823 1690 838 1712 a
873 1677 1050 1712 canonibus

297 1727 439 1762 traditam
454 1727 629 1774 providere
651 1727 821 1762 salubriter
844 1726 982 1762 valeatis.

344 1776 443 1824 §24
472 1776 556 1813 Sane
596 1777 693 1825 quieti
729 1785 849 1812 vestrae
885 1776 1049 1823 providere

296 1827 449 1872 volentes,
485 1827 569 1875 quod
615 1839 670 1874 per
703 1826 809 1862 literas
849 1826 1049 1873 Apostolicae

295 1875 400 1922 Sedis,
427 1885 480 1912 aut
503 1878 677 1923 legatorum
700 1876 769 1911 eius
798 1888 852 1911 seu
890 1875 1049 1922 delegato·

296 1938 365 1961 rum
388 1925 635 1974 apostolicorum
679 1938 734 1960 seu
769 1925 1048 1970 subdelegatorum

296 1975 334 2009 ab
356 1976 400 2011 eis
423 1976 586 2011 conveniri
611 1987 626 2010 a
648 1987 809 2022 quoquam
834 1975 965 2009 minime
1003 1988 1050 2008 ιἰι-

296 2024 395 2065 leatis,
418 2025 568 2072 qnodque
603 2025 713 2059 nullus
744 2024 949 2059 correctionis
993 2037 1047 2059 seu

297 2074 481 2109 visitationis
511 2075 556 2109 vel
585 2074 801 2121 inquisitionis
841 2073 980 2108 officium
1018 2074 1046 2107 in

295 2124 494 2159 monasteriis
518 2124 562 2159 vel
590 2124 734 2159 ecclesiis
767 2131 821 2158 aut
846 2122 1048 2170 prioratibus,

295 2173 446 2208 membris
468 2182 497 2208 et
520 2174 598 2208 locis
622 2173 732 2208 vestris
761 2173 959 2220 impendere,
1002 2171 1047 2207 vel

294 2222 490 2268 cognitiones
517 2235 685 2258 cansarum
713 2221 823 2257 audire
857 2230 1047 2269 praesumat,

295 2283 352 2306 nec
379 2272 503 2307 subsint
531 2271 783 2319 inquisitoribus.

343 2320 362 2367 g
394 2323 451 2355 25.
490 2321 668 2369 Nullusque
705 2330 842 2356 vestrum
883 2321 1048 2356 citationes

297 2372 432 2417 partium
472 2380 501 2406 et
525 2370 788 2406 denunciationes
818 2371 1045 2406 sententiarum

296 2421 451 2455 interdicti
488 2420 532 2455 vel
570 2420 911 2455 excommunicationis
945 2420 1047 2454 facere

297 2470 325 2503 in
352 2469 519 2517 praedictis
541 2469 629 2510 locis,
667 2477 721 2504 aut
757 2470 897 2516 recipere
937 2482 1045 2504 curam

295 2520 477 2554 monialium
501 2531 556 2553 seu
585 2519 802 2565 religiosarum
834 2519 1047 2566 quaimnlibet

295 2581 500 2624 personarum
529 2568 659 2603 minime
688 2568 871 2609 teneamini,
899 2577 928 2603 et
951 2569 987 2602 ad
1017 2567 1044 2602 id

294 2619 363 2665 cogi
384 2630 446 2653 non
475 2618 601 2666 possitis
630 2618 718 2653 insiti
743 2630 798 2665 per
817 2618 922 2652 literas
945 2618 1045 2652 dittae

329 2680 368 2714 (t)
386 2681 529 2707 Revocavit
548 2679 647 2707 Concil.
666 2679 750 2705 Trid..
769 2687 833 2706 sess.
857 2679 915 2711 ult„
929 2688 986 2714 cap.
1005 2680 1043 2705 1⁸2.

372 2724 446 2754 Ball.
470 2725 546 2754 Rom.
569 2724 624 2753 Vol.
645 2723 690 2753 Π.
871 2724 906 2752 lt)

1093 788 1161 830 lica,
1188 790 1233 824 vel
1268 802 1283 824 a
1325 790 1424 830 vobis,
1465 789 1502 824 ad
1537 789 1720 835 religionem
1754 790 1845 824 aliam

1093 840 1289 884 transeundi,
1314 839 1392 874 infra
1417 839 1554 886 spatium
1579 839 1672 873 trium
1690 838 1844 873 mensium

1091 901 1123 922 se
1152 888 1189 923 ad
1215 889 1299 924 illam
1324 889 1510 936 religionem
1540 900 1614 923 suae
1636 888 1727 923 saluti
1768 900 1847 922 con-

1091 950 1202 984 gruam
1242 952 1303 974 non
1340 938 1545 979 contulerint,
1581 945 1609 971 et
1648 937 1748 984 ipsius
1783 949 1846 971 non

1091 988 1288 1036 susceperint
1310 988 1451 1024 habitum
1478 987 1665 1035 regularem,
1682 986 1765 1022 licite
1781 985 1846 1020 abs-

1091 1048 1153 1082 que
1185 1038 1242 1071 alia
1278 1038 1483 1084 requisitione
1520 1036 1754 1072 ordinariorum
1791 1047 1845 1069 seu

1091 1086 1354 1122 dioecesanorum
1378 1087 1532 1127 locorum,
1561 1085 1613 1121 ubi
1644 1084 1757 1133 reperti
1782 1084 1849 1119 fue—

1093 1136 1165 1180 rint,
1194 1136 1278 1183 ipsos
1308 1145 1468 1183 tamquam
1491 1143 1650 1183 apostatas
1692 1142 1848 1168 monaste-

1092 1185 1208 1220 riorum
1234 1193 1421 1230 vestrorum,
1437 1194 1467 1220 et
1490 1186 1644 1228 locorum,
1666 1195 1847 1218 excommu-

1093 1235 1209 1275 nicare,
1235 1235 1442 1275 incarcerare,
1464 1247 1500 1270 ac
1528 1234 1605 1269 alias
1640 1233 1733 1279 rigori
1769 1231 1846 1268 sub-

1091 1283 1166 1319 dete
1201 1285 1293 1320 *vestri
1329 1284 1452 1318 ordinis
1491 1283 1675 1330 disciplinae
1720 1282 1847 1328 possitis

1093 1346 1148 1379 per
1171 1346 1224 1369 ios
1251 1343 1305 1369 aut
1332 1334 1422 1374 alios,
1445 1334 1540 1367 etiam
1569 1334 1598 1366 in
1640 1342 1844 1379 quocumque

1092 1381 1200 1418 babitu
1229 1396 1284 1418 eos
1306 1383 1472 1430 contigerit
1501 1381 1656 1421 inveniti,
1693 1388 1723 1414 et
1758 1392 1847 1415 mio-

1091 1444 1162 1467 care
1185 1445 1281 1480 super
1308 1432 1368 1467 boc
1395 1432 1431 1476 (si
1456 1443 1584 1467 necesse
1606 1430 1709 1472 fuerit)
1751 1430 1846 1464 auxi-

1092 1481 1167 1516 lium
1192 1481 1312 1517 bracbii
1333 1481 1515 1521 saeculaiffis
1537 1480 1621 1528 qnod
1646 1488 1753 1514 tenore
1775 1491 1847 1513 con-

1091 1531 1243 1566 cessionis
1281 1531 1477 1572 huiusmodi,
1507 1543 1562 1578 per
1589 1542 1643 1564 eos
1664 1539 1746 1576 quos
1788 1540 1846 1563 su-

1093 1593 1147 1636 pei
1166 1581 1226 1616 boc
1255 1582 1434 1636 requiretis,
1457 1580 1517 1615 sub
1544 1579 1754 1614 obtestatione
1793 1576 1844 1611 di-

1093 1631 1155 1665 vini
1185 1631 1325 1665 numinis
1350 1630 1495 1665 volumus
1517 1628 1674 1664 exbiberi.
1712 1626 1846 1674 Insuper

1092 1692 1203 1715 omnes
1227 1693 1377 1715 monacos
1400 1680 1446 1715 vel
1471 1679 1591 1719 fiatiffes
1615 1689 1695 1726 quos
1723 1689 1738 1711 a
1777 1689 1846 1710 mo-

1093 1730 1236 1765 nasteriis
1265 1731 1310 1765 vel
1335 1730 1412 1765 locis
1436 1730 1557 1773 vestiis,
1593 1739 1702 1762 eorum
1743 1725 1844 1773 culpis

1091 1779 1302 1825 exigentibus,
1325 1792 1380 1827 per
1400 1792 1454 1814 ios
1475 1787 1527 1814 aut
1564 1790 1617 1825 per
1645 1784 1763 1811 vestros
1800 1776 1846 1810 vi-

1091 1831 1192 1865 earios
1219 1830 1334 1877 expelli
1364 1830 1542 1876 contigerit,
1567 1835 1595 1863 et
1627 1827 1679 1874 qui
1714 1826 1845 1881 proprio

1090 1890 1149 1913 suo
1173 1887 1258 1914 motu
1283 1878 1322 1913 de
1349 1878 1426 1913 loris
1459 1879 1503 1913 rel
1540 1876 1738 1912 monasteriis
1768 1875 1845 1921 ipsis

1091 1929 1254 1967 exiieiint,
1297 1928 1335 1962 ad
1373 1928 1558 1974 religionrm
1599 1927 1690 1961 aliun
1726 1923 1845 1971 absque

1092 1977 1275 2013 huiusmodi
1299 1978 1435 2021 licentia,
1459 1978 1503 2012 rel
1532 1976 1569 2011 ad
1598 1973 1760 2011 saeculum
1793 1982 1846 2007 aut

1091 2027 1128 2061 ad
1152 2027 1313 2072 laicatum,
1337 2035 1495 2073 tamquam
1521 2026 1606 2061 canis
1628 2024 1667 2060 ad
1693 2022 1844 2057 ιοιιιὶιιιιι]

1091 2076 1228 2121 rediens,
1245 2076 1468 2115 coniolabunt,
1488 2075 1626 2109 abomni
1648 2072 1845 2126 promotione

1090 2125 1251 2172 dignitatis
1275 2133 1304 2160 et
1335 2125 1615 2160 administrationis
1653 2121 1845 2157 etelesiasti-

1090 2187 1144 2209 rae
1167 2188 1222 2210 seu
1247 2176 1417 2210 saeculiris
1435 2186 1503 2209 esse
1528 2173 1729 2208 decernimus
1768 2170 1844 2204 alie-

1091 2237 1156 2259 nos,
1181 2224 1556 2266 Praedicaiidiollicinm,
1578 2220 1723 2257 audiendi
1748 2220 1842 2253 etiarn

1090 2274 1308 2309 confessiones
1329 2286 1364 2308 ae
1386 2273 1519 2307 docendi
1540 2250 1618 2307 ailios
1641 2272 1670 2305 in
1694 2280 1842 2316 quacum-

1089 2335 1151 2370 que
1178 2324 1335 2363 facultate,
1360 2330 1511 2369 potestate
1540 2321 1652 2356 talibus
1692 2318 1841 2366 apostatis

1090 2374 1217 2419 penitus
1240 2373 1414 2407 interdicta

1137 2423 1156 2470 S
1178 2425 1235 2457 27.
1253 2422 1437 2456 Inliibentes
1459 2420 1651 2466 expressius,
1675 2430 1713 2453 ne
1735 2419 1838 2466 aliqua
1866 2428 1896 2450 ιι
1899 2430 1953 2451 mim

1853 2460 1907 2481 milis
1947 2468 1983 2481 cea
1987 2466 2006 2482 te
1997 2464 2038 2483 eris

1852 2491 1974 2519 prohihem

1090 2484 1222 2518 prisona
1245 2472 1472 2516 cuiuscumque
1499 2478 1609 2509 status,
1648 2467 1838 2502 conditionis

1090 2523 1135 2556 ιιι
1163 2521 1322 2567 ieligionis
1354 2521 1478 2563 existat,
1519 2518 1661 2553 habitum
1701 2526 1837 2552 vestrum

1087 2580 1139 2604 aut
1161 2570 1357 2606 consimilem
1387 2569 1457 2611 (nisi
1497 2568 1535 2603 de
1572 2567 1771 2602 monasteriis
1809 2575 1837 2601 et

1088 2621 1163 2655 locis
1191 2620 1299 2656 vestris
1328 2620 1452 2662 fuerint)
1474 2618 1594 2652 deferre
1623 2625 1836 2665 praesumant.

1087 2670 1202 2705 Contra
1227 2670 1373 2703 facientes
1393 2681 1445 2715 per
1461 2669 1665 2702 dioecesanos
1684 2667 1836 2704 locorum,
