2274 3265
441 257 507 289 754
968 265 1154 288 normaton
1184 265 1344 287 nontauuru

488 311 561 354 ibid.
590 312 741 353 Restiiuit
769 312 884 353 lacobo
919 318 1090 366 supradicti
1128 317 1210 354 Petri
1239 319 1301 354 filio
1337 318 1513 365 Aragoniae
1547 326 1577 353 et
1612 318 1734 354 Valent.
1764 322 1931 366 regnorum

489 370 567 409 iura,
598 370 660 401 151
689 380 719 402 a.

390 417 573 452 Bonisacius
595 416 639 451 lx
662 416 748 463 Papa
773 428 849 450 ccur
878 416 1014 462 eligitur,
1039 420 1104 452 601
1137 419 1164 451 b.

389 463 589 501 bononiense
611 454 780 511 collegium
804 464 971 505 excitatur,
994 460 1225 512 Gregorianum
1256 474 1469 513 nuncupatur,
1497 466 1590 513 eique
1617 466 1676 501 dos
1698 465 1878 512 assignatur
1900 474 1929 500 et

485 523 599 550 statuta
622 515 750 552 dantur,
775 516 845 548 542
873 515 901 548 b.

389 565 589 599 Bononiense
611 563 756 609 generale
779 562 928 598 Studium
945 563 1137 610 Tlieologiae
1159 563 1325 599 cathedrae
1349 564 1545 599 institutione
1563 564 1741 605 decoratur.
1762 566 1831 599 517
1855 566 1886 598 b.

389 613 575 648 Brabantiae
598 613 688 648 ducis
708 613 816 658 petitio
841 625 895 658 pro
914 612 1103 648 Lovaniensi
1128 613 1274 659 erigenda
1302 612 1526 657 Universitate,
1551 616 1620 648 725
1647 627 1677 649 α.

388 662 518 706 Brigitta
546 661 604 706 (B.)
631 674 669 696 ex
697 661 826 696 Sveciac
849 674 955 707 regum
984 663 1081 709 stirpe
1108 663 1314 703 orta,618b.
1340 662 1419 697 Eius
1438 671 1537 698 mater
1551 674 1755 709 praegnansa
1771 662 1934 709 naufragio

486 711 627 755 liberata,
644 712 719 745 ibid.
743 710 821 745 Eius
836 711 985 745 sanctitas
1008 711 1242 757 praenunciata,
1261 713 1335 746 ibid.
1358 711 1465 746 Infans
1487 712 1610 746 erudite
1628 712 1780 760 loquitur,
1804 714 1874 747 619
1901 725 1932 747 a.

487 761 593 796 Puella
617 759 812 795 orationibus
837 768 932 798 vacat,
950 761 1025 794 ibid.
1048 760 1164 804 Nubit,
1187 761 1262 795 ibid.
1286 760 1320 795 In
1344 760 1501 807 coniugali
1524 769 1606 796 statu
1630 761 1722 797 bonis
1746 762 1831 796 vacat
1855 769 1934 808 ope-

488 810 586 850 ribus,
613 810 687 843 ibid.
712 808 745 843 ln
770 816 858 855 partu
888 809 1069 856 periclitans
1099 809 1135 844 B.
1165 809 1303 856 Virginis
1332 810 1523 857 praesidiu'm
1552 810 1726 858 experitur,
1753 812 1828 845 ibid.
1852 809 1933 845 Cum

487 859 598 893 marito
620 858 656 892 B.
683 857 782 892 lat-obi
807 857 1054 905 Compostellan.
1079 859 1185 893 limina
1205 859 1321 904 visitat,
1343 861 1418 894 ibid.
1433 861 1460 894 b.
1476 858 1523 894 De
1539 860 1599 894 vita
1614 860 1790 895 monastica
1805 859 1934 906 cogitat,

488 910 561 942 ibid.
590 907 624 942 ln
647 906 775 942 Terram
810 905 959 942 Sanctam
997 919 1126 954 peregre
1155 909 1376 955 proficiscitur,
1404 909 1479 943 ibid.
1508 908 1630 944 Ciliciis
1657 921 1783 944 carnem
1812 909 1932 954 domat,

486 959 561 992 ibid.
578 956 720 996 leiuniis,
743 956 875 1002 aliisque
897 956 1038 1004 corporis
1054 957 1320 992 macerationibus
1334 958 1501 999 incumbit,
1517 959 1587 993 620
1606 971 1635 993 α.
1649 958 1771 994 Romae
1785 958 1935 993 ecclesias

485 1004 625 1053 quotidie
654 1006 770 1045 visitat,
798 1006 874 1039 ibid.
898 1003 1118 1041 Humilitatem
1134 1007 1277 1054 apprime
1299 1006 1384 1048 colit,
1411 1009 1486 1042 ibid.
1510 1007 1586 1042 Suis
1608 1008 1761 1043 obediens
1775 1007 1934 1055 praelatis,

485 1058 562 1091 ibid.
592 1057 620 1089 b.
652 1054 770 1090 Sedula
800 1055 829 1088 in
857 1055 1052 1101 quotidianis
1079 1055 1344 1100 confessionibus,
1367 1059 1442 1091 ibid.
1476 1057 1774 1092 praedicationibus
1802 1057 1934 1101 intenta,

486 1102 559 1139 ibid.
576 1103 717 1150 Singulis
737 1104 907 1138 dominicis
929 1103 1160 1139 Eucharistiam
1184 1107 1294 1146 sumit,
1318 1107 1394 1140 ibid.
1415 1105 1569 1140 Libet-alis
1586 1118 1657 1151 erga
1675 1118 1842 1154 paupereS,
1856 1107 1931 1141 ibid.

484 1154 539 1189 Eis
574 1154 704 1188 inservit
737 1152 1032 1194 discumbentibus,
1060 1156 1134 1189 ibid.
1170 1154 1309 1201 Benigna
1334 1156 1363 1190 in
1392 1154 1534 1190 infirmos
1560 1164 1590 1190 et
1618 1156 1817 1196 misericors,
1856 1157 1932 1190 ibid.

484 1203 711 1238 Monasterium
730 1202 915 1238 monialium
939 1212 969 1237 et
991 1203 1120 1238 do'mum
1140 1203 1270 1238 fratrum
1287 1203 1320 1239 S.
1350 1204 1520 1239 Salvatoris
1543 1204 1714 1249 construit,
1732 1204 1806 1239 ibid.
1829 1203 1934 1240 Fortis

485 1253 514 1286 in
544 1252 682 1287 adversis
710 1261 739 1286 et
768 1253 903 1298 patienS,
930 1254 996 1286 621
1024 1266 1054 1287 a.
1088 1253 1228 1288 Iustitiae
1255 1265 1376 1294 amans,
1404 1266 1509 1289 rerum
1539 1254 1679 1289 inanium
1708 1254 1933 1301 contemptrix,

485 1299 638 1349 prudens,
665 1302 742 1335 ibid.
770 1300 1013 1336 Revelationum
1041 1302 1150 1337 scribit
1174 1303 1334 1343 volumen,
1350 1302 1425 1338 ibid.
1447 1298 1581 1338 Mortem
1605 1308 1692 1338 suam
1718 1303 1934 1350 praenunciat,

484 1341 557 1385 ibici.
579 1350 711 1385 Maxima
737 1350 842 1397 populi
873 1350 1047 1399 sequentia
1076 1351 1144 1386 eius
1173 1352 1412 1387 tumulationem
1441 1352 1557 1390 differt.
1586 1354 1660 1386 ibid.
1684 1354 1711 1386 b.
1736 1351 1817 1386 Eius
1837 1353 1934 1387 mira-

485 1393 566 1440 cula,
589 1395 664 1434 ibid.
688 1408 717 1433 et
739 1394 799 1445 εἵς,
817 1398 867 1432 ss.
885 1364 1058 1434 iliduawm
1078 1400 1244 1447 cathalogo
1270 1396 1470 1446 adscribitur,
1499 1403 1568 1435 625
1596 1413 1626 1436 α.
1650 1400 1727 1436 Eius
1748 1401 1935 1436 celebranda

436 1491 437 1494 Ἴ
484 1443 639 1483 ¹festivitas
661 1461 695 1482 ac
720 1445 934 1495 indulgentiae
959 1450 1139 1496 'propositae
1168 1450 1234 1485 eius
1261 1449 1464 1497 sepulchrum
1495 1450 1704 1494 visitantibus,
1731 1451 1807 1484 ibid.
1831 1452 1859 1484 b.

387 1495 582 1533 Bullatorum
603 1494 767 1532 literarum
790 1497 1036 1544 apostolicarum
1060 1498 1211 1539 officium,
1235 1500 1306 1534 684
1329 1513 1361 1534 α.

387 1546 633 1593 Burdegalensis
657 1543 828 1587 Ecclesiae,
855 1545 987 1582 Ordinis
1008 1546 1042 1582 S.
1066 1548 1248 1595 Augustini,
1275 1549 1524 1593 saecularizatio,
1554 1550 1623 1583 '180
1652 1549 1678 1582 b.

1142 1651 1177 1690 (2

388 1745 601 1783 Cadurcensis
623 1744 793 1780 Academia
816 1745 957 1793 erigitur,
981 1748 1050 1780 524
1078 1759 1108 1781 α.

387 1794 638 1832 Caelestinorum
683 1793 934 1841 congregationis
967 1794 1081 1830 statuta
1116 1807 1189 1830 cum
1227 1795 1422 1831 indultorum
1457 1805 1487 1830 et
1517 1796 1688 1843 gratiarum
1727 1796 1935 1832 concessione

483 1844 709 1893 approbantur,
731 1845 800 1878 116
815 1857 844 1879 α.
869 1843 936 1878 Sub
958 1844 1068 1891 Apost.
1092 1844 1184 1879 Sedis
1207 1845 1402 1892 protectione
1422 1846 1595 1893 suscipitur
1615 1845 1686 1881 curn
1711 1842 1934 1888 nonnffllarum

486 1893 867 1942 gratiarumclargitione,
882 1895 948 1927 177
963 1895 991 1927 b.
1002 1894 1229 1941 Exemptiones
1242 1895 1310 1929 eius
1321 1894 1521 1930 declarantur
1537 1902 1566 1930 et
1581 1895 1891 1939 exte'nduntii'r,‘579
1904 1908 1934 1930 α.

388 1944 587 1980 Caelestinus
610 1940 635 1977 V
662 1936 724 1977 P'P.
749 1954 837 1977 cxcii
860 1942 999 1988 eligitur,
1026 1936 1093 1978 1¹15
1117 1946 1144 1978 b.
1165 1944 1243 1979 Eius
1265 1943 1405 1979 studium
1428 1956 1503 1991 ergo
1519 1944 1595 1980 Ord.
1619 1944 1653 1980 S.
1676 1944 1799 1980 Bened.
1817 1940 1887 1980 ¹116
1903 1949 1933 1980 α.

485 1993 564 2028 Eius
585 1991 741 2027 abdicatio
771 1993 839 2026 125
867 2005 895 2026 α.
924 1991 1100 2028 Virtutibus
1121 2006 1157 2028 ac
1181 1993 1340 2029 miraculis
1367 1993 1469 2028 clarus
1504 1999 1683 2029 sanctorum
1712 1994 1795 2029 conf.
1830 1995 1933 2029 coetui

487 2041 688 2086 adscribitur,
716 2043 788 2076 253
809 2043 826 2075 b
854 2049 882 2075 et
910 2040 946 2075 V.
970 2042 1052 2077 Petri
1082 2039 1121 2077 de
1147 2043 1297 2078 Murrone
1317 2043 1443 2078 Summi
1472 2043 1635 2079 Pontificis
1657 2047 1714 2078 etc.
1764 2080 1769 2085 .

388 2094 679 2140 Caesaraugustam
698 2089 839 2126 Ecclesia
864 2091 892 2124 in
913 2089 1189 2139 'metropolitanam
1206 2093 1350 2140 erigitur,
1371 2094 1435 2127 271
1467 2106 1497 2128 α.
1526 2092 1689 2128 Ecclesiae
1717 2091 1934 2139 suffraganeae

487 2141 589 2176 eidem
606 2140 794 2188 adscriptae,
817 2142 892 2174 ibid.

387 2191 588 2226 Camerarius
614 2188 653 2225 R.
683 2189 719 2224 E.
741 2189 843 2224 bullae
865 2192 900 2224 In
925 2192 1023 2225 Coena
1048 2192 1177 2226 Domini
1194 2194 1381 2239 exequutor,
1397 2193 1468 2226 5⁹20
1478 2205 1507 2226 α,
1523 2192 1612 2234 Quae
1624 2193 1692 2227 eius
1706 2193 1745 2226 sit
1759 2191 1933 2227 iurisdictio

488 2241 516 2274 in
545 2239 650 2274 causis
677 2239 765 2274 Cam.
788 2238 930 2286 A'poStol.
954 2242 1235 2281 concernentibus,
1259 2243 1323 2276 581
1350 2255 1381 2286 a,
1405 2243 1476 2277 645
1505 2243 1532 2276 b.
1566 2241 1669 2277 Datur
1696 2242 1723 2276 ei
1758 2241 1933 2276 iurisdictio

488 2288 678 2336 procedendi
697 2298 804 2322 contra
830 2290 945 2336 piratas
969 2303 1049 2325 nova
1074 2291 1205 2338 pedagia
1224 2292 1435 2338 imponentes,
1462 2303 1562 2339 eaque
1591 2298 1820 2339 perpetrantes,
1853 2303 1932 2339 quae

515 2340 544 2373 in
570 2338 652 2373 bulla
685 2339 720 2371 1η
748 2339 846 2373 Coena
870 2340 999 2373 Domini
1021 2348 1182 2382 vetantur,
1207 2344 1277 2376 520
1300 2354 1329 2375 α.

389 2388 539 2422 Gamerae
558 2387 759 2435 Apostolicae
782 2387 864 2423 bona
887 2385 1065 2424 detinentes
1092 2391 1424 2435 excommunicantur,
1440 2391 1510 2425 604
1534 2392 1562 2425 b.

391 2437 580 2486 Campaniae
608 2446 639 2471 et
660 2436 832 2472 Maritimae
855 2438 1034 2484 provinciae
1057 2437 1168 2474 statuta
1193 2448 1222 2474 et
1244 2439 1459 2475 ordinationes
1497 2440 1740 2484 confirmantur,
1782 2439 1855 2475 629
1898 2453 1929 2476 α.

391 2481 543 2533 Canariae
570 2486 702 2526 insulae,
728 2479 788 2521 ΫΟ1
819 2488 853 2521 ἀ.

391 2532 530 2580 Cannae,
551 2547 724 2582 earumque
747 2534 892 2582 qualitas,
922 2532 990 2571 12²8
1018 2550 1046 2571 a.

391 2579 542 2620 Canonici
572 2586 730 2632 regulares
756 2585 790 2620 S.
820 2586 992 2632 Augustini
1021 2586 1060 2635 ab
1083 2587 1222 2622 Ecclesia
1246 2588 1433 2623 Lateranen.
1458 2597 1644 2624 amoventur
1676 2590 1787 2637 eisque
1820 2601 1933 2625 saecu-

491 2635 570 2669 lares
593 2635 736 2670 canonici
765 2635 989 2681 subrogantur,
1019 2634 1087 2671 155
1111 2638 1138 2670 b.
1162 2636 1355 2673 Constitutio
1383 2639 1428 2672 eis
1450 2638 1554 2681 datur,
1578 2641 1649 2673 424
1677 2641 1705 2672 b.
