2274 3265
130 242 179 267 Λιι.
201 240 227 266 C.
247 242 310 268 {3212

139 1539 258 1560 Huiusmodi
277 1547 308 1560 tu·

126 1574 240 1591 ramentum
273 1576 304 1591 ro<

127 1603 236 1628 petendum
245 1608 254 1621 a
264 1608 309 1622 suc-

125 1634 245 1654 cessorihus
269 1632 307 1654 Lu-

126 1665 202 1685 davni

948 240 1092 262 CLEMEM
1117 240 1145 261 ΥΙ
1171 240 1218 261 ΙΨ.

327 296 502 330 mandaturi
531 296 605 331 estis
634 309 685 342 per
710 309 762 329 vos
791 297 835 330 vel
864 296 991 330 nuutios
1021 308 1072 329 re-

324 354 417 386 stros,
445 346 510 379 sive
543 359 595 392 per
616 346 731 388 literas,
765 345 802 379 ad
833 354 967 380 vestrum
991 345 1071 378 dam-

326 408 401 429 num
453 396 587 430 scienter
629 395 744 430 tietuini
798 396 944 442 pandant,
978 404 1007 429 ct
1046 395 1070 428 si

324 446 446 480 scivero
475 446 539 480 lieri
580 446 624 479 rel
665 446 823 491 procurari
857 445 921 479 sive
949 445 1070 479 tractari

324 494 455 541 aliquid,
491 495 574 541 quod
602 495 640 529 sit
675 494 705 528 in
738 502 873 529 vestrum
909 495 1072 535 danmuni,

326 544 400 578 illud
430 557 485 591 pro
506 557 598 591 posse
621 544 800 590 impediam,
827 544 898 578 etsi
919 545 1072 591 impedire

326 607 386 628 non
405 607 542 640 possem,
565 594 639 627 illud
665 593 751 628 vobis
773 594 952 639 significare
979 607 1073 629 cura-

325 644 373 679 bo.
403 643 554 690 Papatutn
575 643 754 678 Romanum
783 650 813 677 et
841 643 952 689 regalia
975 644 1071 678 sancti

325 693 407 728 Petri
443 702 504 727 tam
544 692 573 727 in
610 692 778 739 praedictis
819 692 939 733 insulis,
979 706 1071 740 quam

323 744 415 777 etiam
432 742 502 776 alibi
519 742 696 785 existentia,
717 742 840 777 adiutor
864 742 950 777 vohis
964 756 1017 777 ero
1034 743 1070 777 ad

324 792 522 826 retinendum
558 800 588 826 et
610 791 843 826 defendendum
881 804 916 826 ac
939 805 1073 839 recupe-

324 841 507 881 randum,et
522 849 703 887 recuperata
720 841 990 876 manutenendum
1002 855 1075 877 con-

324 900 367 925 tra
395 903 520 925 omnem
556 890 728 925 bominem.
757 890 891 937 Insuper
931 893 1073 936 modum,

324 940 453 974 formam
485 953 540 974 seu
561 939 770 979 conditiones,
786 950 815 975 et
831 941 933 975 omnia
957 950 986 975 et
1008 941 1074 975 sin-

324 989 407 1034 gula,
434 1002 514 1036 quae
540 990 742 1023 continentur
771 991 798 1024 in
824 990 920 1025 literis
947 999 1075 1038 aposto-

325 1039 391 1073 licis
413 1051 508 1086 super
529 1039 712 1074 huiusmodi
739 1040 944 1075 concessione
966 1040 1074 1075 confe-

325 1089 394 1127 ctis,
417 1088 555 1135 plenarie
589 1088 767 1136 adimplebo
799 1097 828 1124 et
858 1088 1075 1124 inviolabiliter

326 1137 512 1179 observabo,
532 1151 589 1173 nec
611 1138 674 1172 ullo
698 1151 834 1185 unquam
860 1148 999 1184 tempore
1024 1152 1074 1174 ve-

328 1188 410 1222 niam
450 1196 557 1222 contra
590 1201 637 1222 ea.
670 1188 723 1222 Sic
753 1201 801 1222 mc
831 1188 916 1222 Dens
939 1189 1074 1233 adiuvet,

326 1246 355 1271 et
378 1237 455 1271 baec
477 1245 583 1272 sancta
606 1237 663 1271 Dei
681 1237 860 1282 Evangelia.
885 1238 934 1271 Mc
956 1238 1074 1284 obligo,

325 1295 355 1320 et
390 1287 564 1333 praedictos
602 1286 752 1320 liaeredes
796 1295 824 1321 et
875 1299 1075 1322 successores

326 1348 412 1370 meos
446 1348 481 1371 ac
515 1335 726 1382 principatum
763 1336 970 1383 praedictum,
1007 1337 1072 1371 iura

324 1393 354 1419 et
381 1384 462 1420 bona
492 1385 583 1420 nobis
622 1387 832 1432 competentia
860 1393 890 1420 et
917 1386 1073 1433 competi-

324 1444 392 1469 tura
420 1435 450 1468 in
473 1447 521 1469 eo.

373 1489 388 1527 g
423 1488 453 1518 7.
492 1484 635 1519 Similem
671 1493 775 1520 autem
812 1485 1071 1531 recognitionem,

325 1533 556 1580 vassallagium,
587 1533 766 1580 homagium
794 1535 901 1581 ligium
938 1545 967 1570 et
991 1536 1074 1570 iura-

325 1592 465 1619 mentum
506 1583 683 1624 renovabis,
724 1584 818 1619 sacies
845 1593 875 1619 et
904 1585 1075 1631 praestabis

326 1633 497 1680 unicuique
526 1633 670 1668 Romano
711 1633 855 1668 l'ontilici
904 1643 934 1668 et
972 1634 1073 1669 dictae

323 1683 481 1718 Ecclesiae
510 1683 588 1718 iufra
616 1683 781 1729 biennium
812 1698 828 1719 a
863 1684 926 1728 die,
952 1696 1015 1730 qno
1043 1685 1072 1718 in

322 1732 500 1768 Romanum
523 1734 708 1769 Pontificem
731 1730 850 1769 electus
866 1734 970 1777 l'uerit,
993 1747 1072 1769 coni-

323 1784 512 1829 putandum:
537 1793 567 1818 et
589 1784 702 1819 similia
726 1784 894 1830 praestabit
918 1794 947 1819 et
970 1784 1072 1826 faciet,

321 1843 351 1867 et
377 1833 522 1867 similiter
549 1834 721 1873 renovabit,
738 1843 767 1868 et
790 1834 890 1868 facere
915 1844 1072 1880 praestare

321 1891 351 1916 et
374 1895 523 1917 renovare
546 1883 703 1918 tenebitur
716 1885 938 1931 unusquisque
960 1884 1073 1918 haere—

321 1931 397 1965 dum
438 1941 467 1966 et
501 1946 721 1968 successorum
759 1941 884 1968 tuorum
924 1933 953 1968 in
988 1933 1072 1968 dicto

323 1981 496 2028 principatu
526 1982 616 2017 nobis
644 1983 721 2017 infra
751 1983 926 2026 biennium,
949 1996 986 2018 ex
1009 1996 1072 2031 quo

322 2032 387 2077 ipse
410 2031 520 2067 haeres
540 2040 612 2067 tuus
636 2032 665 2066 j„
689 2032 867 2067 huiusmodi
893 2034 1070 2080 principatu

322 2081 424 2121 fuerit,
452 2090 483 2116 et
511 2082 681 2129 unicuique
711 2083 760 2116 alii
789 2082 932 2117 Romano
960 2083 1071 2118 Ponti-

323 2131 384 2174 lici,
415 2132 467 2177 qui
495 2132 555 2166 erit
582 2145 638 2178 pro
675 2140 826 2179 tempore,
863 2142 891 2167 et
920 2133 976 2180 ipsi
1005 2133 1071 2168 Ro-

322 2193 431 2215 manae
455 2180 614 2216 Ecclesiae
639 2182 816 2216 secundum
848 2183 1068 2229 praescriptam

322 2231 466 2271 sormam,
504 2244 618 2266 nomen
648 2232 781 2266 Romani
814 2232 988 2272 pontilicis,
1015 2233 1068 2279 qui

321 2288 396 2314 tunc
429 2280 506 2320 erit,
534 2294 625 2315 suum
661 2282 822 2328 proprium
851 2283 1066 2328 exprimendo.

319 2329 383 2364 Sed
421 2339 583 2377 postquam
597 2339 627 2365 tu
646 2344 699 2378 per
716 2340 743 2365 tc
770 2331 859 2366 nobis
887 2332 1067 2367 huiusmodi

321 2380 578 2426 recognitionem,
624 2381 816 2427 homagium,
851 2382 1066 2428 vassallagium

319 2430 441 2469 feceris,
481 2442 516 2464 ac
545 2430 701 2465 fidelitatis
741 2432 949 2466 iuramentum
979 2445 1068 2478 prae-

318 2480 451 2518 stiteris,
492 2480 667 2514 secundum
705 2481 835 2516 l'ormam
866 2482 1066 2528 praedictam,

318 2529 468 2565 haeredes
487 2539 515 2563 et
538 2543 739 2565 successores
755 2531 810 2570 tui,
829 2531 857 2564 in
875 2531 958 2566 dicto
979 2532 1066 2578 prin-

317 2579 421 2626 cipatu
442 2579 544 2623 nobis,
565 2588 672 2626 tuque,
689 2588 718 2614 et
736 2581 808 2626 ipsi,
830 2582 1066 2616 successoribus

317 2630 435 2664 nostris
461 2628 612 2664 Romanis
643 2630 848 2665 Pontificibus
878 2631 927 2666 illa
964 2631 1066 2667 facere

1745 231 1814 262 477

1116 295 1160 329 vel
1178 304 1332 341 praestare
1345 296 1548 340 personaliter
1561 309 1621 331 non
1637 299 1865 346 astringamini‚

1115 345 1287 379 dummodo
1316 345 1392 379 inl'ra
1415 345 1533 379 dictum
1564 346 1726 382 biennium
1749 364 1865 387 secun-

1114 395 1188 428 dum
1216 394 1347 429 eandem
1377 395 1507 430 l'orniani
1537 409 1589 441 per
1622 396 1769 434 idoneum
1818 403 1864 437 vel

1116 444 1244 479 idoneos
1280 444 1441 479 subditum
1480 445 1523 480 vel
1559 445 1702 482 subditos
1738 449 1775 483 ad
1806 451 1866 487 boc

1117 493 1246 540 plenum
1272 493 1452 528 mandatum
1482 494 1644 538 babentes,
1673 500 1864 544 recognitio-

1116 556 1199 587 nem,
1239 543 1435 588 homagium,
1474 544 1688 590 vassallagium
1718 547 1864 590 feceritis,

1114 605 1150 627 ac
1172 593 1383 627 iuramentum
1419 594 1639 639 praestiteritis
1673 599 1867 641 supradicta,

1115 651 1145 677 et
1178 643 1203 677 si
1234 642 1304 689 plus
1343 642 1493 688 placuerit
1542 642 1686 679 Romano
1721 646 1865 685 Pontifici

1117 692 1162 726 vel
1207 691 1367 726 Romanae
1407 692 1580 733 Ecclesiae,
1604 696 1867 741 recognitionem,

1117 742 1310 787 homagium,
1347 741 1564 788 vassallagium
1597 751 1626 777 et
1655 744 1866 784 iuramentum

1117 791 1272 838 praedicta
1296 791 1426 835 facietis,
1466 792 1664 838 praestabitis
1687 802 1718 829 tu
1742 804 1773 831 et
1800 798 1869 833 bae-

1117 841 1207 875 redes
1236 841 1280 875 vel
1309 853 1512 876 successores
1548 843 1591 876 tui
1629 844 1779 890 praedicti
1810 860 1869 882 no-

1117 891 1199 925 mine
1221 890 1346 925 Summi
1362 890 1523 925 Pontificis
1541 901 1572 926 et
1587 892 1748 929 Romanae
1763 896 1868 932 Eccle-

1116 940 1179 975 siae
1202 941 1244 974 illi
1261 940 1305 975 vel
1322 940 1394 981 illis,
1409 953 1502 987 quem
1521 942 1564 976 vel
1580 955 1660 989 quos
1673 943 1710 978 ad
1726 944 1785 981 boc
1795 959 1868 993 spe-

1116 990 1235 1024 cialiter
1257 990 1323 1036 ipse
1342 990 1506 1025 Romanus
1522 991 1666 1027 Pontifex
1699 994 1745 1029 vel
1767 996 1868 1031 Sedes

1116 1039 1224 1073 eadem
1242 1039 1416 1085 deputabit.
1452 1040 1727 1089 Quandocumque
1744 1058 1815 1080 vero
1834 1055 1865 1081 tu

1119 1089 1163 1123 vel
1187 1089 1337 1124 haeredes
1361 1090 1402 1124 tui
1423 1091 1453 1124 in
1477 1089 1561 1125 dicto
1582 1091 1759 1139 principatu
1777 1108 1868 1142 prae-

1117 1138 1230 1172 dictam
1255 1139 1515 1185 recognitionem,
1546 1139 1781 1188 obligationem,
1810 1145 1868 1180 ho-

1119 1188 1267 1233 magium,
1308 1189 1524 1235 vassallagium
1570 1203 1606 1225 ac
1634 1191 1791 1228 fidelitatis
1819 1195 1869 1230 iu—

1118 1245 1292 1271 ramentum
1332 1238 1451 1273 l'acietis
1473 1247 1567 1286 atque
1597 1242 1792 1286 praestabitis
1815 1258 1869 1291 per

1118 1299 1171 1321 vos
1194 1287 1239 1321 vel
1257 1287 1364 1327 alium,
1388 1300 1445 1322 seu
1467 1288 1556 1329 alios,
1575 1297 1607 1323 ut
1622 1292 1769 1337 superius
1791 1306 1869 1328 con-

1118 1338 1254 1375 tinetur,
1287 1336 1401 1371 dabitis
1424 1337 1500 1372 infra
1528 1351 1669 1373 mensem
1700 1349 1769 1387 post
1803 1343 1870 1378 Ro-

1117 1397 1210 1420 mano
1237 1385 1394 1426 Pontifici,
1423 1394 1452 1421 et
1485 1387 1586 1422 eidem
1621 1389 1781 1425 Ecclesiae
1815 1406 1869 1439 pa-

1118 1442 1220 1470 tentes
1246 1434 1350 1470 literas
1379 1444 1481 1471 vestro
1515 1437 1620 1484 sigillo
1647 1439 1809 1485 sigillatas,
1837 1443 1867 1476 in

1116 1484 1232 1531 quibus
1249 1484 1421 1520 fatebimini
1439 1494 1470 1520 et
1485 1489 1720 1533 recognoscetis
1747 1503 1871 1537 expres-

1116 1547 1149 1569 se
1176 1534 1295 1569 dictum
1332 1535 1541 1582 principatum
1570 1551 1584 1571 a
1621 1538 1712 1573 nobis
1739 1548 1769 1574 et
1796 1541 1870 1576 Ro-

1117 1597 1206 1618 mana
1234 1584 1376 1620 Ecclesia
1413 1586 1570 1633 recepisse
1593 1587 1622 1621 in
1653 1588 1781 1624 seudum
1810 1591 1869 1626 sub

1116 1634 1364 1677 conditionibus,
1401 1636 1677 1682 conventionibus,
1711 1639 1805 1675 modo
1838 1649 1870 1675 et

1116 1683 1213 1718 forma
1232 1696 1267 1719 ac
1282 1692 1401 1725 tenore,
1421 1698 1502 1731 quae
1517 1688 1736 1733 praesentibus
1754 1691 1870 1725 nostris

1116 1733 1228 1768 litteris
1255 1734 1468 1769 continentur.

1164 1784 1183 1830 g
1213 1786 1245 1818 8.
1280 1784 1444 1819 Praeterea
1473 1793 1504 1819 tu
1548 1785 1593 1820 vel
1630 1787 1781 1824 haeredes
1813 1798 1867 1824 ant

1115 1846 1316 1869 successores
1338 1834 1381 1868 tui
1418 1834 1566 1881 praedicti
1599 1837 1716 1872 nullam
1739 1839 1868 1875 confoe-

1115 1883 1310 1918 derationem
1358 1896 1412 1918 seu
1455 1885 1649 1931 pactionem,
1683 1889 1865 1925 societatem

1114 1941 1167 1967 aut
1190 1933 1281 1979 ligant
1310 1933 1447 1969 scienter
1473 1944 1580 1970 contra
1604 1936 1780 1973 Romanam
1805 1939 1867 1974 Ec-

1114 1983 1240 2017 clesiam
1270 1983 1401 2028 facietis,
1423 1992 1454 2018 et
1480 1984 1505 2018 si
1527 1997 1595 2020 eam
1628 1986 1706 2023 sorte
1732 1988 1866 2024 feceritis

1115 2034 1306 2079 ignoranter,
1331 2034 1497 2068 teneamini
1525 2035 1563 2069 ad
1587 2037 1770 2072 mandatum
1800 2038 1867 2073 Ro-

1114 2088 1196 2122 mani
1221 2088 1383 2123 pontilicis
1417 2101 1473 2123 seu
1504 2089 1666 2126 Romanae
1704 2092 1866 2128 Ecclesiae

1114 2142 1238 2188 penitus
1267 2155 1423 2177 revocare.
1454 2142 1607 2178 Omnium
1631 2154 1737 2181 autem
1774 2160 1866 2194 prae-

1112 2196 1266 2231 dictorum
1295 2198 1514 2244 praesentibus
1529 2198 1640 2234 litteris
1663 2201 1778 2235 nostris
1793 2214 1866 2235 cou-

1113 2260 1268 2286 tentorum
1288 2251 1456 2286 declaratio
1475 2260 1505 2286 ct
1528 2252 1757 2300 interpretatio,
1781 2267 1864 2302 quo-

1112 2306 1170 2340 ties
1198 2319 1278 2352 opus
1301 2306 1394 2340 fuerit
1423 2306 1593 2346 faciendae,
1616 2306 1653 2341 ad
1682 2307 1861 2344 Romanum

1110 2360 1296 2395 Pontificem
1315 2374 1377 2395 seu·
1391 2360 1564 2395 Romanam
1594 2360 1769 2397 Ecclesiam
1790 2376 1863 2410 pcr-

1111 2414 1238 2449 tinebit:
1258 2415 1380 2462 quoties
1402 2427 1497 2462 super
1520 2415 1578 2455 liis,
1602 2415 1646 2450 vel
1671 2428 1779 2451 eorum
1803 2418 1862 2452 ali-

1109 2481 1172 2515 quo
1200 2468 1246 2502 vel
1280 2468 1441 2516 aliquibus
1483 2469 1696 2516 ambiguitatis
1741 2471 1860 2518 aliquid

1111 2522 1154 2557 rel
1192 2522 1278 2557 dubii
1307 2524 1379 2557 oriri
1407 2523 1578 2571 continget,
1605 2524 1697 2559 cuius
1724 2525 1859 2561 Romani

1109 2577 1272 2612 pontificis
1295 2578 1342 2613 vel
1370 2578 1531 2613 Romanae
1572 2578 1732 2615 Ecclesiae
1760 2580 1861 2615 inter-

1110 2632 1274 2679 pretationi
1314 2640 1343 2668 ct
1371 2632 1570 2668 declarationi
1596 2633 1729 2670 stabitur
1765 2635 1859 2673 verbo

1882 240 1929 265 Asi.
1950 242 1978 266 (,.
1997 239 2062 266 tBtht

1896 1796 1946 1817 trem
1962 1797 2042 1817 etaim
