2274 3265
93 263 141 289 An.
159 261 187 288 C.
208 262 269 288 t391

106 403 264 430 lledcmptiuuis

118 436 249 455 beneficium.

109 1758 159 1779 Data
175 1758 193 1779 B.
214 1758 275 1779 Petro

94 1791 221 1812 universatis
254 1797 277 1810 c⁷

95 1822 174 1842 etesiae
191 1828 246 1842 cuia.

110 2270 196 2291 nausa
225 2271 279 2290 dona

97 2302 197 2323 caelesti..
214 2301 280 2321 suteli-

97 2334 134 2354 [ηις
150 2334 204 2353 data.

887 260 1077 283 BONtFACtUs
1106 261 1137 283 ΙΧ
1167 261 1213 283 ΡΙ).

288 327 388 361 genus
411 315 583 350 humanum
600 324 743 351 aeternae
763 316 852 350 morti
878 324 1037 351 teneretur

288 365 470 406 obnoxium,
486 366 704 413 cunctipotens
719 374 747 400 et
765 366 941 400 misericors
952 366 1037 400 Deus

288 427 325 448 cx
345 415 406 449 alto
426 416 632 462 prospiciens,
656 428 693 450 ne
718 416 746 450 iu
771 424 869 450 totum
894 416 1037 462 perderet

290 464 449 500 bominem
477 477 571 512 quem
594 474 761 506 creaverat,
788 465 844 500 scd
867 477 942 499 suae
958 466 1036 499 divi-

291 514 395 549 nitatis
430 514 543 549 faceret
564 527 633 549 esse
662 515 856 561 participem,
878 527 948 548 cnm
975 515 1038 560 pii-

291 576 357 597 mos
379 576 415 599 ex
440 564 612 611 spiramine
626 564 733 598 Sancti
756 564 893 612 Spiritus
920 564 1038 598 3Π1ιῑο5

290 613 470 669 prophetas,
492 614 645 648 adventus
671 612 740 647 Filii
770 627 817 648 sm
843 615 872 647 in
901 625 1037 657 c:·,unem

289 663 348 696 sub
371 663 482 711 typicis
508 663 732 709 enigmatibus
759 675 793 698 ac
816 663 929 697 divinis
952 676 1038 697 rev-e

290 713 458 747 lationibus
477 713 611 747 nuncios
640 714 865 759 praemisisset,
891 713 1037 747 eumdem

291 762 417 796 unicum
432 761 548 796 Filium
565 775 656 796 suum
672 771 743 797 ante
756 762 867 798 saecula
885 763 1038 808 genitum,

289 811 473 846 adveniente
487 811 682 858 plenitudiue
697 813 858 858 temporis,
869 812 898 845 in
914 820 1037 846 uterum

290 862 472 906 praeelectae
504 860 643 907 Virginis
673 862 791 902 matr,is
815 873 894 909 quae
923 863 1039 907 imper-

290 909 450 944 scrutabili
478 909 586 945 Sancti
621 911 768 966 Spiritus
787 911 1039 951 obumbratione,

289 958 410 1005 Angelo
438 961 619 1003 nunciante,
639 961 810 1007 concepit
843 960 882 995 de
913 962 1040 1008 proprio

289 1009 360 1042 sinu
386 1010 569 1049 transmisit,
603 1009 665 1051 Qui
696 1022 731 1044 ex
765 1010 874 1044 eadem
911 1009 1040 1056 Virgine

290 1066 381 1092 natus
408 1067 438 1093 et
472 1071 657 1105 progressus
695 1060 723 1093 in
753 1068 901 1106 tempus,
937 1061 1040 1106 coepit

289 1106 392 1142 facere
419 1117 447 1142 et
469 1109 594 1149 docere,
617 1109 830 1156 omnibusque
854 1118 1039 1149 monstrare,

288 1157 424 1204 qualiter
447 1159 526 1192 sacri
551 1159 747 1206 baptismatis
769 1158 853 1193 sonte
870 1159 985 1193 renatis
1002 1159 1040 1192 de

289 1216 415 1241 aeterna
443 1215 542 1241 morte
579 1209 624 1242 via
656 1216 774 1254 pateret
807 1208 844 1242 ad
880 1209 985 1252 vitam,
1012 1216 1040 1241 et

291 1257 474 1290 coadunatis
496 1257 673 1304 discipulis,
694 1270 732 1291 ne
748 1257 818 1303 quis
834 1257 934 1291 fidelis
948 1258 1041 1291 buius

291 1307 488 1340 transitoriae
510 1315 540 1341 et
559 1306 706 1354 fugitivae
725 1307 803 1340 vitae
821 1306 980 1341 molestias
994 1307 1039 1340 vel

291 1356 404 1400 taedia,
426 1368 483 1390 seu
507 1357 687 1403 temporalis
709 1355 839 1390 acerbae
862 1357 950 1389 necis
965 1368 1042 1402 poe-

291 1417 358 1445 nas,
381 1417 436 1451 pro
451 1413 596 1439 aeternae
619 1405 784 1452 adeptione
800 1405 890 1445 vitae,
908 1406 1040 1452 perbor-

291 1463 384 1493 reret,
399 1466 468 1489 sese
484 1454 617 1489 bostiam
635 1454 881 1493 immaculatam,
895 1467 1041 1489 consum

291 1512 373 1537 mato
396 1503 503 1538 debito
531 1516 639 1544 cursu,
664 1505 692 1538 in
727 1516 777 1538 ara
801 1503 915 1538 Crucis
939 1512 1040 1538 morte

291 1562 417 1587 cruenta
446 1553 557 1587 obtulit
579 1553 647 1588 Deo
672 1553 769 1594 Patri,
803 1562 833 1587 et
855 1555 1040 1588 militantem

290 1603 461 1637 Ecclesiam
479 1603 548 1637 fuso
564 1604 698 1650 pretioso
713 1603 876 1649 Sanguine
892 1603 1041 1643 fundavit,

291 1653 483 1688 consecravit
507 1662 535 1687 et
562 1653 762 1688 aeternaliter
783 1653 941 1688 stabilivit.

338 1703 358 1750 S
382 1704 412 1737 l.
436 1702 576 1738 Tandem
602 1715 674 1738 vero
697 1704 734 1738 de
758 1703 877 1737 mundo
894 1703 1043 1737 transitu-

292 1765 344 1786 rus
366 1753 403 1788 ad
428 1753 566 1797 Patrem,
582 1753 719 1800 Principi
737 1753 951 1799 apostolorum
971 1765 1043 1787 cae—

292 1802 360 1836 lesti
385 1803 550 1849 clavigero,
567 1804 596 1837 in
611 1815 698 1837 suam
713 1815 908 1850 suorumque
921 1815 1043 1837 succes-

293 1864 400 1886 sorum
428 1852 636 1887 summorum
665 1852 855 1887 Pontificum
880 1865 1043 1900 personas,

293 1901 414 1935 collatis
436 1902 587 1945 clavibus,
611 1901 727 1947 ligandi
753 1901 897 1936 videlicet
922 1910 951 1935 et
986 1902 1044 1936 sol-

294 1950 384 1984 vendi
413 1950 523 1985 tradita
552 1959 719 1997 potestate,
748 1963 932 1996 supremum
958 1951 1044 1986 Pou-

294 2000 424 2034 tificium
453 2001 620 2047 specialem
655 2013 760 2035 curam
794 2000 841 2034 sui
878 2001 981 2046 gregis
1015 2009 1044 2034 et

295 2050 431 2095 regimen
470 2049 643 2085 universale
681 2050 860 2094 commisit,
889 2050 1045 2097 pollicitus

294 2103 501 2138 nibilominus
535 2103 709 2139 Ecclesiam
747 2105 775 2138 in
811 2112 974 2138 aeternum
1011 2116 1045 2139 se

294 2169 354 2191 non
375 2157 574 2193 deserturum
598 2158 753 2193 eamdem.

342 2212 361 2258 ἓ
385 2216 417 2245 2.
441 2211 489 2246 Ad
523 2212 613 2247 cuius
636 2212 763 2247 uberem
789 2212 954 2247 utilitatem
970 2211 1046 2246 divi-

294 2266 399 2300 siones
426 2266 595 2312 gratiarnm
632 2279 687 2313 per
712 2265 864 2313 Spiritum
893 2266 1044 2301 Sanctum

296 2320 403 2354 tribuit
446 2321 510 2355 suis
564 2320 720 2355 fidelibus.
755 2320 847 2361 Nam,
869 2321 1044 2356 secundum

296 2375 496 2421 Apostolum,
521 2375 690 2422 unicuique
719 2375 810 2409 datur
838 2375 1046 2409 manifestatio

296 2430 435 2476 Spiritus
470 2429 506 2463 ad
547 2429 722 2464 utilitatem.
751 2429 812 2463 Alii
840 2429 966 2476 quidem
992 2442 1046 2476 per

296 2484 449 2531 Spiritum
493 2483 586 2518 datur
625 2496 728 2518 sermo
766 2484 949 2530 sapientiae.
984 2484 1044 2517 Alii

296 2550 400 2573 sermo
418 2539 579 2578 scientiae,
606 2537 781 2572 secundum
805 2537 951 2572 eumdem
980 2537 1045 2583 Spi-

298 2594 404 2627 ritum.
428 2592 490 2627 Alii
517 2592 605 2633 fides,
629 2592 658 2626 in
688 2592 801 2627 eodem
826 2591 960 2639 Spiritu.
984 2592 1044 2625 Alii

296 2647 392 2695 gratia
417 2647 596 2685 sanitatum,
620 2647 649 2680 in
666 2659 730 2681 uno
749 2646 880 2693 Spiritu.
898 2646 958 2679 Alii
974 2658 1047 2693 ope-

376 2704 450 2735 Ball.
473 2704 550 2734 Rom.
572 2704 626 2733 t'ol.
646 2704 691 2734 Jt'.
894 2704 928 2733 '18

1709 254 1777 285 617

1080 317 1156 350 ratio
1180 317 1340 350 virtutum.
1357 316 1419 351 Alii
1445 317 1617 364 proplietia.
1636 318 1693 353 Alii
1713 319 1829 354 discre-

1080 366 1121 399 tio
1139 366 1321 412 spirituum.
1341 367 1401 400 Alii
1425 380 1538 411 genera
1559 368 1749 415 linguarum.
1767 369 1827 403 Alii

1080 416 1292 461 interpretatio
1306 429 1497 451 sermonum.
1509 417 1592 451 ttae-e
1606 426 1708 452 autem
1724 419 1828 453 omnia

1079 473 1226 511 operatur
1239 478 1320 500 unus
1334 475 1426 512 atque
1441 467 1523 500 idem
1539 467 1676 513 Spiritus
1687 468 1830 503 dividens

1079 514 1212 560 singulis
1236 524 1327 562 prout
1356 517 1429 550 vult.
1453 516 1620 563 Quamque
1644 518 1828 552 militantem

1080 564 1251 598 Ecclesiam
1277 565 1368 599 Pater
1390 566 1543 600 luminum
1573 567 1699 600 sustulit
1724 568 1752 601 in
1775 580 1830 601 co-

1079 614 1150 648 dem
1174 614 1291 660 Spiritu
1321 614 1437 649 Sancto
1471 623 1624 649 structura
1653 616 1829 651 admirabili

1081 664 1292 710 preciosorum
1317 663 1469 710 lapidum,
1498 665 1573 699 mira
1604 666 1749 700 varietate
1776 667 1832 701 de-

1080 726 1198 753 coram,
1214 714 1280 760 ipso
1294 727 1420 748 summo
1432 714 1572 761 angulari
1590 715 1691 761 lapide
1704 714 1831 750 Clu-isto

1080 764 1162 807 lesu,
1185 776 1263 811 quos
1286 763 1380 809 clegit
1407 773 1477 798 ante
1501 764 1611 798 muudi
1633 765 1832 799 constitutio-

1082 826 1170 855 nem,
1205 812 1383 848 conformes
1415 814 1478 848 fieri
1520 813 1665 859 imaginis
1691 814 1830 849 eiusdem

1083 862 1151 897 Filii
1169 864 1228 903 sni,
1245 870 1277 897 nt
1295 864 1330 897 sit
1350 863 1420 910 lpse
1436 864 1665 910 primogenitus
1681 864 1709 897 iu
1728 864 1833 898 multis

1082 913 1247 952 fratribus,
1274 913 1303 946 iu
1332 925 1395 959 quo
1417 925 1470 947 eos
1493 913 1688 958 gratificavit,
1711 914 1834 948 donans

1081 963 1267 997 charismata
1292 963 1431 1000 meliora,
1448 963 1502 1009 qui
1523 975 1580 996 suo
1593 963 1737 1010 exemplo
1753 964 1831 998 viam

1081 1012 1283 1047 ostenderent
1310 1012 1572 1046 excellentiorem.

1129 1066 1144 1105 ξ
1178 1064 1209 1095 5.
1234 1062 1314 1096 Hinc
1342 1062 1436 1108 igitur
1462 1061 1602 1108 Apostoli
1630 1062 1728 1096 sancti
1758 1074 1833 1108 pro-

1082 1112 1168 1145 diere
1190 1124 1245 1158 per
1267 1111 1450 1145 uuiversum
1470 1111 1591 1149 orbem,
1608 1123 1707 1157 genus
1726 1111 1833 1146 liuma-

1084 1173 1171 1203 nnm,
1198 1161 1282 1208 quod
1318 1161 1376 1194 sub
1413 1161 1529 1208 peccati
1560 1161 1631 1206 iugo
1656 1161 1832 1205 tenebatur,

1082 1210 1119 1244 ad
1140 1211 1231 1244 vitam
1251 1220 1279 1244 et
1302 1211 1433 1244 salutem
1453 1210 1636 1250 excitantes,
1653 1218 1769 1245 etcum
1786 1211 1833 1244 fir-

1083 1260 1221 1294 missima
1249 1260 1421 1294 constantia
1451 1259 1668 1306 praedicantes
1702 1259 1832 1295 verbnm

1082 1308 1151 1349 Dei,
1181 1317 1212 1342 nt
1241 1310 1269 1342 in
1302 1321 1428 1343 omnem
1465 1318 1576 1343 terram
1616 1310 1712 1343 exiret
1735 1322 1833 1344 sonus

1083 1370 1191 1391 eorum
1207 1366 1237 1391 et
1252 1359 1280 1391 in
1299 1358 1377 1392 fines
1392 1358 1476 1392 orbis
1491 1366 1590 1392 tetrae
1605 1358 1695 1392 verba
1709 1370 1830 1393 eorum.

1130 1409 1198 1450 §4-
1227 1407 1393 1454 Splendidi
1430 1420 1557 1454 quoqne
1586 1417 1734 1454 martyres
1762 1408 1833 1442 fidei

1084 1456 1209 1490 loricam
1240 1457 1338 1491 induti
1367 1466 1396 1491 et
1424 1458 1628 1491 inconcussae
1660 1457 1835 1492 stabilitatis

1085 1506 1186 1540 balteo
1221 1507 1366 1545 succinti
1394 1506 1535 1541 laverunt
1562 1507 1658 1541 stolas
1691 1518 1764 1541 suas
1803 1508 1834 1540 in

1083 1556 1244 1602 Sanguine
1272 1557 1449 1590 innocentis
1464 1557 1558 1603 Agrii,
1573 1564 1602 1590 et
1631 1557 1739 1591 imitati
1758 1569 1836 1591 can-

1083 1605 1190 1640 didato
1212 1607 1349 1641 exercitu
1373 1605 1536 1640 Christum
1561 1606 1676 1646 lesum,
1693 1607 1730 1640 ad
1751 1615 1837 1641 stru-

1084 1663 1204 1689 cturam
1241 1668 1398 1702 supernae
1441 1655 1654 1695 Hierusalem,
1695 1656 1753 1690 boc
1789 1664 1836 1690 est

1085 1705 1308 1752 triumphantis
1336 1705 1508 1745 Ecclesiae,
1536 1718 1607 1739 cum
1631 1705 1767 1751 gloriosa
1791 1707 1837 1739 vi-

1085 1755 1181 1789 ctoria
1205 1755 1325 1801 palmas
1353 1763 1512 1801 gestantes
1536 1756 1564 1788 in
1589 1756 1746 1796 manibus,
1768 1768 1837 1790 sese

1086 1805 1170 1839 vivos
1193 1805 1311 1851 lapides
1326 1805 1526 1844 addiderunt,
1543 1805 1722 1852 exemplum
1741 1817 1836 1840 vene-

1087 1854 1181 1888 rabile
1203 1863 1232 1888 et
1255 1862 1413 1888 aeternam
1438 1855 1629 1901 dignamque
1653 1856 1834 1889 memoriam

1087 1904 1232 1937 militanti
1261 1904 1422 1938 Ecclesiae
1446 1904 1670 1950 relinquentes.

1134 1953 1154 2000 g
1181 1955 1212 1987 5.
1243 1953 1404 1999 Progressi
1433 1962 1505 1987 sunt
1527 1963 1556 1987 et
1584 1953 1728 1989 doctores
1756 1954 1837 1989 lnci-
1864 1964 1971 1985 ntusaatri
1997 1970 2036 1985 ve-

1852 1998 1969 2017 ritaosad
1973 2000 2037 2016 ιἰιοῚ-

1086 2003 1230 2040 dissimi,
1255 2005 1307 2049 qui
1337 2003 1658 2059 ρ5ριιάιιοΙιιί5ιίΜιιιι5
1688 2003 1837 2051 falsisque

1088 2053 1259 2099 prophetis,
1282 2053 1518 2098 superstitiosa:
1541 2062 1569 2087 et
1598 2054 1694 2087 varias
1716 2055 1838 2108 opinio-

1087 2114 1142 2135 nes
1165 2103 1193 2135 in
1211 2114 1279 2136 veta
1296 2103 1356 2136 lide
1370 2103 1522 2137 catholica
1538 2102 1707 2146 adducere,
1721 2116 1837 2149 ipsam-

1087 2163 1148 2197 que
1184 2151 1278 2186 fidem
1316 2153 1497 2187 subvertere
1532 2131 1769 2198 satagentibus,
1804 2166 1837 2187 se

1087 2210 1299 2247 opponentes,
1327 2203 1434 2236 talium
1470 2202 1639 2236 confutatis
1666 2202 1836 2243 erroribus,

1088 2253 1165 2285 miro
1189 2252 1325 2298 eloquio,
1353 2251 1461 2286 solidis
1486 2264 1520 2285 ac
1545 2253 1637 2286 rectis
1659 2253 1835 2290 sententiis,

1087 2309 1235 2346 operante
1257 2301 1374 2336 Sancto
1408 2300 1539 2348 Spiritu,
1563 2302 1660 2349 ipsam
1685 2301 1777 2336 sidem
1807 2311 1837 2336 et

1089 2350 1270 2385 militantem
1294 2350 1466 2385 Ecclesiam
1491 2351 1696 2392 illustrarunt,
1719 2351 1836 2397 quibus

1087 2401 1194 2434 eadem
1224 2400 1363 2435 Ecclesia
1398 2402 1589 2435 communita
1625 2401 1835 2447 progreditur,

1087 2450 1173 2496 quasi
1197 2462 1308 2485 aurora
1331 2463 1537 2496 consurgens,
1555 2450 1683 2497 pulebra
1704 2458 1735 2484 nt
1750 2450 1835 2491 luna,

1087 2501 1183 2534 electa
1207 2508 1240 2534 nt
1262 2501 1319 2541 sol,
1343 2500 1489 2534 terribilis
1511 2508 1542 2534 ut
1560 2508 1732 2535 castrorum
1752 2502 1836 2535 acies

1087 2550 1239 2584 ordinata.

1135 2600 1154 2647 g
1176 2600 1209 2632 6
1232 2599 1414 2646 Sequuntur
1441 2607 1470 2633 et
1494 2599 1613 2645 limpidi
1637 2599 1835 2634 consessores
1850 2602 1958 2654 1ῇὶὅὲΡί
1959 2606 2037 2659 *³¹51

1087 2650 1185 2683 ornati
1213 2649 1346 2695 gemmis
1369 2657 1397 2683 et
1425 2649 1590 2683 virtutibus
1623 2659 1835 2685 coruscantes
1851 2664 1961 2686 azconses

1843 265 1891 290 An.
1913 264 1940 290 C.
1959 262 2020 290 ¹501

1862 1074 1959 1094 Difiusum
1994 1078 2031 1098 per

1848 1104 1918 1124 orbern
1938 1103 1961 1122 ab
1975 1104 2031 1129 ¹&pn-

1848 1135 1908 1155 stulls
1935 1133 2031 1159 Evange-

1848 1166 1896 1186 lium

1874 1413 2000 1434 Confirmata
2019 1420 2030 1433 a

1849 1444 1974 1471 martyribus
1986 1450 2034 1470 pro-

1850 1477 1895 1503 prio
1932 1477 2033 1501 §inguine

1850 1506 1909 1526 fides.
