2274 3265
155 259 193 284 An
217 259 243 284 C.
268 260 333 285 t35o

161 910 187 929 ste
195 913 277 931 mutuis.
287 915 337 929 ven-

153 941 267 961 ditionibus
293 941 336 966 syl-

153 979 231 993 varum,
248 974 268 991 ot
284 976 337 991 eou-

153 1002 285 1022 εεεςιηηίὶηη
304 1003 337 1022 iu-

153 1040 212 1054 rium.

402 246 470 276 Tvffl'»

352 313 421 346 liter
443 323 504 345 non
534 310 660 352 inserta,
683 309 813 343 ott‘eetus
827 307 1009 342 huiusmodi
1032 316 1098 342 sta-

352 369 490 395 tutorum
527 367 557 393 et
598 357 856 397 ordinationum,
891 357 1098 403 omniumque

350 410 484 444 aliorum
520 416 549 443 ct
583 407 780 452 singulorum
815 414 1035 441 contentorum
1070 406 1097 438 in

350 459 466 493 eisdem
492 457 713 504 praesentibus
732 455 875 503 impediri
896 455 993 489 valeat
1021 468 1099 501 quo-

352 507 523 542 modolibet
547 506 592 541 vel
617 506 752 546 diffcrri;
767 514 797 540 et
816 504 854 539 de
877 504 993 551 quibus
1020 516 1100 550 quo-

351 569 484 604 rumque
512 557 585 591 totis
607 555 770 590 tenoribus
787 555 909 601 plenam
929 562 957 587 ct
971 565 1101 599 expres-

350 620 440 650 sam,
467 618 502 640 ae
529 605 568 639 dc
605 604 699 639 verbo
734 604 770 638 ad
809 603 937 638 verbum
960 609 1100 648 oporteat

351 658 380 690 in
406 656 465 690 illis
493 655 538 689 rel
561 655 631 689 aliis
659 653 773 688 nostris
795 652 894 687 literis
922 652 986 685 lieri
1018 663 1106 684 men-

351 706 481 740 tionem.

646 773 725 808 Car.
754 773 806 807 lX.

400 851 545 886 Profecto
571 848 808 884 considerantes
835 848 984 882 attentius
1012 848 1104 882 nobis

352 901 447 936 fuisse
467 900 526 934 fida
549 907 578 933 et
600 898 747 933 concordi
772 898 920 933 relatione
946 905 1103 932 monstra-

353 959 441 994 tum,
465 949 601 996 qualiter
634 948 827 992 experientia
855 946 1003 981 docuerat
1031 959 1101 981 cum

353 1001 483 1039 iactura,
497 998 579 1045 quod
603 996 641 1031 ad
661 996 872 1031 desolationes
890 996 1102 1030 Ecclesiarum

351 1047 591 1086 cathedralium,
607 1046 883 1089 monasteriorum,
897 1045 1103 1091 prioratuum,

351 1096 659 1132 administrationum
683 1103 713 1129 et
735 1095 867 1129 aliorum
892 1095 1034 1129 locorum
1051 1107 1100 1129 or—

351 1147 436 1181 dinis
469 1158 524 1181 seu
559 1145 722 1191 religionis
757 1144 898 1178 eiusdem
933 1144 1103 1190 plurimum

352 1195 572 1231 redundabant
588 1194 692 1229 debita
712 1193 919 1228 contrahendi
937 1192 1104 1228 effraenata

354 1254 503 1293 potestas,
525 1253 555 1279 et
584 1244 771 1290 plerumque
796 1243 955 1277 innovatio
977 1256 1105 1277 eorum-

353 1296 444 1336 dem,
468 1308 503 1328 ac
529 1293 738 1339 obligationes
761 1301 790 1327 et
814 1292 1000 1336 missiones,
1024 1304 1103 1339 quae

355 1345 432 1379 liunt
460 1356 515 1391 pro
544 1351 685 1389 tempore
707 1354 802 1389 supet·
820 1342 883 1382 cis;
913 1354 1034 1376 necnon
1056 1354 1106 1376 ar—

355 1395 479 1433 borum,
501 1392 656 1440 sylvarum
674 1403 735 1425 non
759 1391 950 1425 caeduarum
968 1399 997 1425 et
1013 1392 1104 1425 etiam

354 1443 545 1479 caeduarum
575 1441 783 1484 venditiones,
810 1449 839 1475 et
869 1440 983 1474 iurium
1001 1468 1008 1480 ,
1033 1440 1105 1474 red-

355 1493 477 1527 dituum
496 1519 504 1532 ,
547 1491 782 1538 possessionum
818 1502 875 1524 seu
918 1490 1104 1535 pensionum

355 1541 577 1577 concessiones
609 1540 646 1575 ad
684 1540 776 1573 vitam
805 1548 835 1573 et
857 1539 894 1573 ad
920 1539 1002 1585 longi
1028 1547 1108 1573 tem-

356 1592 440 1639 poris
465 1590 636 1637 spacium,
666 1601 722 1623 nos
744 1588 972 1628 Ecclesiarum,
996 1601 1108 1622 mona-

355 1641 535 1682 steriorum,
563 1640 771 1685 prioratuum,
795 1638 1106 1671 administrationum

355 1699 386 1724 et
407 1690 541 1724 aliorum
563 1689 702 1722 locorum
727 1688 936 1733 praefatorum
955 1686 1109 1720 indemni-

358 1739 473 1774 tatibus
494 1750 660 1772 occurrere
688 1736 940 1770 desiderabiliter
965 1736 1110 1770 affectan—

359 1799 417 1833 tes,
439 1797 470 1823 et
492 1800 588 1834 super
615 1787 663 1821 his
683 1785 885 1821 intendentes
912 1795 1110 1832 opportunae

358 1838 498 1874 cautelae
523 1836 721 1884 profuturum
747 1835 920 1870 remedium
945 1835 1110 1875 adhibere,

359 1888 527 1922 statuimus
554 1894 583 1921 et
610 1885 815 1926 ordinamus,
841 1893 884 1928 ut,
920 1885 1013 1919 salvis
1043 1884 1111 1919 aliis

361 1938 439 1972 iuris
460 1945 490 1971 et
512 1936 748 1971 ordinationum
776 1946 812 1969 ac
834 1943 1024 1968 statutorum
1050 1934 1111 1968 Ec-

361 1987 528 2022 clesiarum
560 1984 788 2019 cathedralium
808 2012 815 2023 ,
845 1984 1053 2018 monacalium
1082 1991 1112 2017 et

363 2036 640 2077 monasteriorum,
670 2035 880 2081 prioratuum,
908 2033 1112 2067 administra-

363 2087 480 2121 tionum
505 2094 534 2120 et
557 2084 690 2119 aliorum
712 2085 852 2118 locorum
878 2083 1111 2129 praedictorum

363 2135 533 2178 remediis,
556 2134 626 2168 talis
662 2134 691 2167 in
726 2132 896 2180 praedictis
923 2141 951 2166 et
975 2132 1055 2165 cirea
1079 2143 1112 2165 ea

363 2185 545 2220 solemnitas
579 2182 694 2217 debeat
727 2182 902 2217 observari:
944 2181 1114 2219 videlicet,

363 2234 446 2281 quod
470 2246 543 2268 euin
567 2245 621 2279 per
643 2232 815 2267 antistitem
835 2231 880 2265 vel
902 2230 1114 2277 perabbatcm

364 2296 418 2318 seu
470 2284 606 2329 priorem
654 2282 699 2317 vel
735 2280 1024 2315 administratorem
1064 2287 1116 2313 aut

365 2333 461 2367 alium
496 2331 667 2379 praelatum
691 2330 835 2365 abbatem
861 2330 1023 2376 proprium
1054 2341 1115 2362 non

367 2382 558 2425 habentem,
593 2392 648 2415 seu
678 2393 732 2427 per
772 2380 868 2414 alium
906 2379 1040 2426 priorem
1071 2377 1116 2411 vel

367 2431 653 2465 administratorem
684 2441 920 2477 quemcumque
943 2429 1000 2474 ipsi
1035 2427 1117 2461 snb—

369 2481 482 2515 iectum
505 2488 695 2514 conventum
721 2491 781 2513 nou
809 2478 990 2517 habentem,
1010 2476 1118 2510 susci—

370 2529 519 2576 piendum
544 2530 589 2563 vel
614 2528 826 2563 innovandum
858 2527 950 2561 fuerit
974 2534 1118 2560 mutuum

370 2578 416 2613 vel
439 2578 579 2613 facienda
612 2590 668 2625 pro
699 2578 885 2612 necessitate
910 2576 956 2610 vel
989 2575 1121 2609 utilitate

371 2631 451 2671 (cum
476 2639 536 2661 non
560 2627 649 2661 aliter
669 2627 733 2661 lieri
756 2626 880 2671 debeat)
912 2625 1047 2659 venditio
1070 2636 1122 2658 ar·

950 252 1135 275 ntssLtAttttflu
1161 250 1320 272 tttfflANt‘M

1141 306 1265 345 borum,
1276 303 1432 350 sylvarum
1450 314 1513 337 non
1525 301 1714 336 caeduarum
1727 302 1773 336 vel
1785 302 1823 336 ad
1834 314 1897 337 ma-

1141 362 1273 400 gnamct
1288 352 1457 387 notabilem
1478 351 1684 398 quantitatem
1706 350 1800 385 etiam
1823 362 1896 386 cae-

1142 405 1289 445 duarum,
1309 414 1363 435 scu
1389 401 1553 435 concesssso
1571 400 1697 439 iurium,
1714 399 1894 434 reddituum

1144 452 1189 486 vel
1226 451 1462 498 possessionum
1491 458 1545 484 aut
1572 461 1750 483 annuarum
1776 449 1898 494 pensio-

1145 514 1232 544 num,
1249 501 1313 534 site
1329 499 1500 534 diminutio
1522 510 1689 537 censuum,
1706 497 1896 544 pensionum

1143 564 1197 584 seu
1226 562 1384 584 canonum
1417 548 1454 582 ad
1493 549 1583 582 iilam
1619 547 1753 581 alicuius
1782 546 1829 581 vel
1859 547 1897 582 ad

1144 607 1263 633 certum
1293 607 1437 644 tempus,
1465 598 1559 631 etiam
1589 596 1722 643 pecunia
1747 595 1819 630 inde
1850 609 1899 630 rc-

1144 657 1249 695 cepta:
1266 656 1414 682 tractatus
1428 646 1695 680 dnorumdierum
1711 644 1760 689 (ad
1778 645 1898 687 minus)

1147 698 1407 744 interpolatorum
1432 695 1567 741 diligens
1585 704 1613 729 ct
1639 702 1781 729 maturus
1803 707 1899 741 prae—

1145 748 1258 781 cedere
1289 747 1418 784 debeat,
1447 744 1612 780 habendus
1640 757 1695 791 per
1728 744 1898 778 antistitem

1146 809 1218 830 cum
1247 796 1317 831 eius
1356 795 1493 841 capitulo
1533 794 1563 828 in
1597 793 1691 828 dictis
1723 793 1899 836 Ecclesiis,

1145 858 1199 879 scu
1222 859 1277 892 per
1298 844 1443 880 abbatem
1469 844 1514 878 vel
1534 844 1628 877 alium
1655 842 1826 889 praelatum
1843 843 1900 877 ab-

1148 895 1249 929 batem
1293 894 1453 941 proprium
1494 905 1555 927 non
1597 892 1765 926 habentem
1784 919 1793 936 ,
1827 905 1898 931 eum

1146 953 1304 978 conventu
1333 943 1486 989 cuiusque
1505 942 1655 988 ipsorum.
1676 941 1713 975 Et
1737 941 1901 976 nihilomi-

1148 1006 1206 1027 nus
1228 993 1266 1027 de
1288 1004 1444 1027 consensu
1469 992 1570 1038 ipsius
1598 990 1725 1037 capituli
1756 991 1800 1024 iel
1829 1004 1901 1026 con-

1149 1051 1260 1077 ventus
1295 1050 1346 1076 aut
1377 1041 1503 1075 maioris
1528 1040 1623 1087 partis
1650 1040 1791 1074 eiusdem
1827 1040 1901 1075 liant

1147 1093 1252 1126 omnia
1281 1091 1472 1137 supradicta.
1498 1090 1530 1123 ln
1556 1089 1747 1136 prioratibus
1765 1101 1837 1124 vero
1855 1090 1900 1123 vel

1147 1139 1476 1176 administrationibus
1497 1139 1566 1173 aliis
1580 1138 1903 1173 conventualibusan-

1148 1191 1276 1226 tistitem
1317 1198 1369 1223 aut
1403 1188 1548 1223 abbatem
1591 1188 1635 1222 vel
1677 1188 1772 1222 alium
1809 1200 1904 1234 supe—

1149 1241 1261 1275 riorem
1291 1238 1508 1273 immediatum
1533 1236 1735 1280 habentibus,
1755 1245 1904 1271 tractatus

1149 1290 1299 1324 habeatur
1315 1287 1495 1322 huiusmodi
1514 1299 1570 1333 per
1585 1288 1719 1332 priorem
1739 1299 1794 1321 seu
1806 1286 1902 1320 alium

1148 1338 1436 1372 administratorem
1466 1337 1565 1383 ipsius
1581 1348 1651 1370 cum
1682 1336 1810 1382 proprio
1826 1348 1904 1370 con-

1149 1398 1243 1423 ventu
1259 1387 1420 1426 eiusdemg
1443 1395 1473 1420 et
1496 1386 1706 1419 nibilominus
1726 1393 1832 1431 postea
1851 1397 1905 1431 per

1148 1438 1322 1472 antistitem
1339 1446 1389 1470 ant
1408 1448 1462 1482 per
1473 1435 1618 1469 abbatem
1635 1434 1680 1469 vel
1702 1435 1797 1468 alium
1814 1446 1905 1481 prae·

1151 1487 1244 1521 latum
1268 1486 1464 1532 superiorem
1489 1483 1720 1524 immediatum,
1743 1496 1815 1518 eum
1845 1496 1905 1517 ca—

1151 1535 1250 1582 pitulo
1279 1548 1332 1569 seu
1362 1543 1518 1569 conventu
1544 1533 1703 1568 Ecclesiae
1733 1533 1777 1567 vel
1802 1545 1904 1566 mona-

1150 1586 1234 1619 sterii
1265 1593 1414 1618 tractatus
1437 1584 1530 1617 etiam
1568 1581 1739 1622 habeatur,
1768 1582 1905 1629 liantque

1151 1643 1332 1669 contractus
1374 1632 1557 1667 huiusmodi
1593 1631 1632 1665 de
1667 1644 1822 1666 consensu
1858 1631 1906 1665 sui

1153 1684 1252 1730 ipsius
1274 1682 1402 1729 capituli
1426 1690 1454 1716 et
1474 1680 1654 1716 huiusmodi
1670 1680 1803 1715 subiecti
1833 1692 1907 1715 cou-

1153 1742 1264 1767 ventus
1279 1733 1327 1767 vel
1348 1733 1512 1778 utriusque
1529 1738 1716 1771 conventus,
1735 1730 1906 1777 superioris

1153 1783 1273 1817 scilicet
1296 1790 1325 1817 et
1347 1781 1479 1816 subiecti
1503 1793 1558 1815 seu
1588 1780 1717 1814 maioris
1746 1780 1842 1826 partis
1858 1792 1908 1815 eo-

1154 1845 1234 1872 rum,
1258 1844 1292 1866 ac
1324 1831 1363 1865 de
1392 1831 1492 1878 ipsius
1524 1830 1674 1864 antistitis
1707 1841 1762 1864 seu
1785 1828 1908 1864 abbatis

1155 1883 1200 1917 vel
1225 1881 1352 1915 alterius
1377 1880 1548 1916 immediati
1572 1879 1743 1926 superioris
1769 1879 1910 1914 auctori-

1158 1940 1218 1967 tate
1247 1942 1394 1978 expressa
1418 1938 1447 1964 et
1475 1929 1597 1964 licentia
1619 1928 1759 1974 speciali.
1784 1928 1817 1962 Iu
1845 1936 1910 1962 tra-

1155 1980 1290 2017 ctatibus
1312 1992 1449 2026 namque
1473 1979 1617 2026 praefatis
1640 1987 1760 2024 agatur,
1777 1986 1809 2012 ut
1828 1977 1910 2012 clare

1156 2032 1284 2078 liqueat,
1299 2030 1339 2064 ob
1366 2042 1460 2076 quam
1489 2041 1630 2070 causam,
1646 2035 1761 2073 quanta
1776 2039 1911 2066 summa,

1156 2094 1170 2115 a
1199 2079 1316 2126 quibus
1339 2078 1561 2118 creditoribus,
1584 2076 1699 2124 quibus
1718 2076 1911 2111 conditioni-

1158 2130 1216 2163 bus
1239 2138 1266 2163 et
1287 2128 1549 2175 obligationibus,
1565 2126 1747 2174 quibusque
1770 2125 1913 2160 terminis

1157 2179 1342 2213 solvendum
1382 2177 1573 2224 suscipiatur
1608 2184 1754 2210 mutuum
1798 2176 1913 2222 praeli-

1159 2229 1289 2267 batum;
1317 2236 1345 2262 et
1374 2239 1483 2273 quare,
1511 2226 1573 2269 cui,
1596 2225 1631 2259 ad
1655 2233 1807 2271 quantum
1833 2233 1913 2259 tem<-

1160 2291 1219 2325 pus
1242 2286 1272 2311 et
1305 2276 1365 2311 snb
1391 2289 1455 2322 quo
1485 2276 1583 2322 pretio
1616 2276 1690 2308 liant
1718 2274 1856 2308 venditio
1884 2281 1914 2308 et

1159 2327 1336 2370 concessio,
1354 2326 1400 2360 vel
1425 2337 1576 2361 censuum
1600 2337 1654 2359 sen
1683 2336 1839 2359 canonum
1860 2332 1910 2357 aut

1162 2377 1348 2423 pensionum
1373 2374 1551 2418 diminutio,
1574 2387 1629 2408 seu
1655 2374 1846 2420 pensionum
1863 2385 1914 2407 as-

1161 2426 1296 2471 signatio
1319 2425 1511 2472 supradicta,
1539 2436 1575 2458 ac
1602 2423 1640 2457 rle
1663 2423 1794 2456 caeteris
1817 2423 1916 2456 omni-

1163 2474 1232 2514 bus,
1256 2487 1337 2521 quae
1367 2487 1396 2508 tn
1426 2472 1608 2508 huiusmodi
1633 2472 1764 2518 negocio
1798 2471 1913 2505 fuerint

1163 2532 1350 2571 opportuna,
1374 2532 1403 2558 et
1418 2523 1502 2570 quod
1522 2522 1561 2557 de
1583 2522 1700 2561 causis,
1718 2521 1916 2563 tractatibus,

1163 2573 1395 2615 consensibus,
1423 2571 1660 2607 auctoritatibus
1680 2598 1688 2614 ,
1725 2570 1860 2604 licentiis
1887 2578 1915 2603 et

1164 2623 1231 2656 aliis
1256 2622 1424 2670 praedictis
1453 2622 1628 2669 scripturae
1644 2620 1916 2655 conticianturau-

1913 246 1960 272 An.
1979 244 2007 270 C.
2028 243 2094 270 ¹356
