<?xml version="1.0" encoding="UTF-8"?>
<!DOCTYPE html PUBLIC "-//W3C//DTD XHTML 1.0 Transitional//EN"
    "http://www.w3.org/TR/xhtml1/DTD/xhtml1-transitional.dtd">
<html xmlns="http://www.w3.org/1999/xhtml" xml:lang="en" lang="en">
 <head>
  <title>
</title>
<meta http-equiv="Content-Type" content="text/html;charset=utf-8" />
  <meta name='ocr-system' content='tesseract 3.04.00' />
  <meta name='ocr-capabilities' content='ocr_page ocr_carea ocr_par ocr_line ocrx_word'/>
</head>
<body>
  <div class='ocr_page' id='page_1' title='image "./bullarumdiplomat04cath_0705.png"; bbox 0 0 2274 3265; ppageno 0'>
   <div class='ocr_carea' id='block_1_1' title="bbox 70 284 250 310">
    <p class='ocr_par' dir='ltr' id='par_1_1' title="bbox 70 284 250 310">
     <span class='ocr_line' id='line_1_1' title="bbox 70 284 250 310; baseline -0.006 0"><span class='ocrx_word' id='word_1_1' title='bbox 70 284 119 310; x_wconf 71' lang='lat' dir='ltr'>An.</span> <span class='ocrx_word' id='word_1_2' title='bbox 144 284 170 309; x_wconf 88' lang='lat' dir='ltr'>C.</span> <span class='ocrx_word' id='word_1_3' title='bbox 188 284 250 309; x_wconf 63' lang='lat' dir='ltr'>lffll</span> 
     </span>
    </p>
   </div>
   <div class='ocr_carea' id='block_1_2' title="bbox 64 883 248 1026">
    <p class='ocr_par' dir='ltr' id='par_1_2' title="bbox 64 883 248 1026">
     <span class='ocr_line' id='line_1_2' title="bbox 87 883 225 904; baseline -0.007 -1"><span class='ocrx_word' id='word_1_4' title='bbox 87 883 225 904; x_wconf 66' lang='lat' dir='ltr'>Hetrulniuut</span> 
     </span>
     <span class='ocr_line' id='line_1_3' title="bbox 64 915 248 935; baseline 0 -1"><span class='ocrx_word' id='word_1_5' title='bbox 64 915 180 935; x_wconf 35' lang='lat' dir='ltr'>buiusmotli</span> <span class='ocrx_word' id='word_1_6' title='bbox 190 915 248 935; x_wconf 69' lang='lat' dir='ltr'>libris</span> 
     </span>
     <span class='ocr_line' id='line_1_4' title="bbox 64 946 248 972; baseline 0 -7"><span class='ocrx_word' id='word_1_7' title='bbox 64 952 101 972; x_wconf 85' lang='lat' dir='ltr'>pro</span> <span class='ocrx_word' id='word_1_8' title='bbox 123 951 200 965; x_wconf 77' lang='lat' dir='ltr'>sumina</span> <span class='ocrx_word' id='word_1_9' title='bbox 224 946 248 965; x_wconf 72' lang='lat' dir='ltr'>¹.)ss</span> 
     </span>
     <span class='ocr_line' id='line_1_5' title="bbox 65 977 248 996; baseline 0 0"><span class='ocrx_word' id='word_1_10' title='bbox 65 977 123 996; x_wconf 69' lang='lat' dir='ltr'>dut-ai</span> <span class='ocrx_word' id='word_1_11' title='bbox 142 978 185 996; x_wconf 84' lang='lat' dir='ltr'>auri</span> <span class='ocrx_word' id='word_1_12' title='bbox 196 978 248 996; x_wconf 75' lang='lat' dir='ltr'>dan-</span> 
     </span>
     <span class='ocr_line' id='line_1_6' title="bbox 65 1007 163 1026; baseline 0 0"><span class='ocrx_word' id='word_1_13' title='bbox 65 1008 90 1026; x_wconf 75' lang='lat' dir='ltr'>da</span> <span class='ocrx_word' id='word_1_14' title='bbox 105 1007 163 1026; x_wconf 66' lang='lat' dir='ltr'>ntes.</span> 
     </span>
    </p>
   </div>
   <div class='ocr_carea' id='block_1_3' title="bbox 61 1817 243 1902">
    <p class='ocr_par' dir='ltr' id='par_1_3' title="bbox 61 1817 243 1902">
     <span class='ocr_line' id='line_1_7' title="bbox 75 1817 243 1838; baseline -0.006 0"><span class='ocrx_word' id='word_1_15' title='bbox 75 1818 190 1838; x_wconf 76' lang='lat' dir='ltr'>Doclmatio</span> <span class='ocrx_word' id='word_1_16' title='bbox 204 1817 214 1837; x_wconf 96' lang='lat' dir='ltr'>l</span> <span class='ocrx_word' id='word_1_17' title='bbox 210 1824 243 1838; x_wconf 97' lang='grc' dir='ltr'>ιι</span> 
     </span>
     <span class='ocr_line' id='line_1_8' title="bbox 61 1850 243 1876; baseline -0.006 -6"><span class='ocrx_word' id='word_1_18' title='bbox 61 1852 92 1870; x_wconf 73' lang='lat' dir='ltr'>ius</span> <span class='ocrx_word' id='word_1_19' title='bbox 108 1850 153 1870; x_wconf 76' lang='lat' dir='ltr'>Furi</span> <span class='ocrx_word' id='word_1_20' title='bbox 170 1851 243 1876; x_wconf 79' lang='lat' dir='ltr'>ptolii-</span> 
     </span>
     <span class='ocr_line' id='line_1_9' title="bbox 61 1882 129 1902; baseline -0.015 -1"><span class='ocrx_word' id='word_1_21' title='bbox 61 1882 129 1902; x_wconf 82' lang='lat' dir='ltr'>betur.</span> 
     </span>
    </p>
   </div>
   <div class='ocr_carea' id='block_1_4' title="bbox 61 2067 245 2210">
    <p class='ocr_par' dir='ltr' id='par_1_4' title="bbox 61 2067 245 2210">
     <span class='ocr_line' id='line_1_10' title="bbox 75 2067 245 2088; baseline -0.006 -1"><span class='ocrx_word' id='word_1_22' title='bbox 75 2067 158 2088; x_wconf 71' lang='lat' dir='ltr'>Poenae</span> <span class='ocrx_word' id='word_1_23' title='bbox 187 2072 245 2087; x_wconf 70' lang='lat' dir='ltr'>mer-</span> 
     </span>
     <span class='ocr_line' id='line_1_11' title="bbox 61 2099 245 2118; baseline 0.005 -1"><span class='ocrx_word' id='word_1_24' title='bbox 61 2102 154 2118; x_wconf 76' lang='lat' dir='ltr'>catorum</span> <span class='ocrx_word' id='word_1_25' title='bbox 171 2099 190 2118; x_wconf 88' lang='lat' dir='ltr'>in</span> <span class='ocrx_word' id='word_1_26' title='bbox 203 2100 245 2118; x_wconf 70' lang='lat' dir='ltr'>suis</span> 
     </span>
     <span class='ocr_line' id='line_1_12' title="bbox 61 2129 245 2155; baseline 0 -7"><span class='ocrx_word' id='word_1_27' title='bbox 61 2129 120 2149; x_wconf 73' lang='lat' dir='ltr'>tibris</span> <span class='ocrx_word' id='word_1_28' title='bbox 161 2132 245 2155; x_wconf 69' lang='lat' dir='ltr'>practer</span> 
     </span>
     <span class='ocr_line' id='line_1_13' title="bbox 61 2164 245 2180; baseline 0.005 -2"><span class='ocrx_word' id='word_1_29' title='bbox 61 2164 171 2180; x_wconf 64' lang='lat' dir='ltr'>veritatem</span> <span class='ocrx_word' id='word_1_30' title='bbox 191 2166 245 2179; x_wconf 59' lang='lat' dir='ltr'>seri-</span> 
     </span>
     <span class='ocr_line' id='line_1_14' title="bbox 61 2190 161 2210; baseline 0 0"><span class='ocrx_word' id='word_1_31' title='bbox 61 2190 161 2210; x_wconf 56' lang='lat' dir='ltr'>bennunn</span> 
     </span>
    </p>
   </div>
   <div class='ocr_carea' id='block_1_5' title="bbox 893 285 1057 308">
    <p class='ocr_par' dir='ltr' id='par_1_5' title="bbox 893 285 1057 308">
     <span class='ocr_line' id='line_1_15' title="bbox 893 285 1057 308; baseline 0.006 -2"><span class='ocrx_word' id='word_1_32' title='bbox 893 285 1057 308; x_wconf 65' lang='lat' dir='ltr'>atAttTtNUS</span> 
     </span>
    </p>
   </div>
   <div class='ocr_carea' id='block_1_6' title="bbox 257 336 1013 2750">
    <p class='ocr_par' dir='ltr' id='par_1_6' title="bbox 263 336 1013 828">
     <span class='ocr_line' id='line_1_16' title="bbox 267 336 1011 385; baseline 0.003 -14"><span class='ocrx_word' id='word_1_33' title='bbox 267 336 426 371; x_wconf 72' lang='lat' dir='ltr'>trahendis</span> <span class='ocrx_word' id='word_1_34' title='bbox 450 365 458 377; x_wconf 83' lang='grc'>,</span> <span class='ocrx_word' id='word_1_35' title='bbox 504 337 683 384; x_wconf 70' lang='lat' dir='ltr'>spectandis</span> <span class='ocrx_word' id='word_1_36' title='bbox 727 346 757 372; x_wconf 85' lang='lat' dir='ltr'>et</span> <span class='ocrx_word' id='word_1_37' title='bbox 794 339 987 385; x_wconf 85' lang='lat' dir='ltr'>pertinendis</span> <span class='ocrx_word' id='word_1_38' title='bbox 1004 367 1011 380; x_wconf 80' lang='lat'>,</span> 
     </span>
     <span class='ocr_line' id='line_1_17' title="bbox 264 386 1013 434; baseline 0.005 -16"><span class='ocrx_word' id='word_1_39' title='bbox 264 395 369 421; x_wconf 72' lang='lat' dir='ltr'>eontra</span> <span class='ocrx_word' id='word_1_40' title='bbox 398 396 427 421; x_wconf 89' lang='lat' dir='ltr'>et</span> <span class='ocrx_word' id='word_1_41' title='bbox 450 386 599 421; x_wconf 75' lang='lat' dir='ltr'>adversus</span> <span class='ocrx_word' id='word_1_42' title='bbox 621 399 840 434; x_wconf 82' lang='lat' dir='ltr'>quascumque</span> <span class='ocrx_word' id='word_1_43' title='bbox 861 400 1013 434; x_wconf 86' lang='lat' dir='ltr'>personas</span> 
     </span>
     <span class='ocr_line' id='line_1_18' title="bbox 264 436 1011 484; baseline 0.001 -15"><span class='ocrx_word' id='word_1_44' title='bbox 264 436 439 470; x_wconf 75' lang='lat' dir='ltr'>saeculares</span> <span class='ocrx_word' id='word_1_45' title='bbox 466 436 652 476; x_wconf 79' lang='lat' dir='ltr'>dumtaxat,</span> <span class='ocrx_word' id='word_1_46' title='bbox 686 445 866 484; x_wconf 74' lang='lat' dir='ltr'>vestrasque</span> <span class='ocrx_word' id='word_1_47' title='bbox 893 447 921 471; x_wconf 92' lang='lat' dir='ltr'>et</span> <span class='ocrx_word' id='word_1_48' title='bbox 959 450 1011 470; x_wconf 85' lang='lat' dir='ltr'>ve-</span> 
     </span>
     <span class='ocr_line' id='line_1_19' title="bbox 263 486 1011 534; baseline 0.004 -17"><span class='ocrx_word' id='word_1_49' title='bbox 263 493 397 519; x_wconf 70' lang='lat' dir='ltr'>strorum</span> <span class='ocrx_word' id='word_1_50' title='bbox 428 486 705 533; x_wconf 80' lang='lat' dir='ltr'>praedecessorum</span> <span class='ocrx_word' id='word_1_51' title='bbox 722 488 894 521; x_wconf 83' lang='lat' dir='ltr'>sententias</span> <span class='ocrx_word' id='word_1_52' title='bbox 918 488 1011 534; x_wconf 88' lang='lat' dir='ltr'>prin—</span> 
     </span>
     <span class='ocr_line' id='line_1_20' title="bbox 263 535 1009 583; baseline 0.004 -16"><span class='ocrx_word' id='word_1_53' title='bbox 263 535 406 581; x_wconf 83' lang='lat' dir='ltr'>cipaliter</span> <span class='ocrx_word' id='word_1_54' title='bbox 436 544 465 569; x_wconf 91' lang='lat' dir='ltr'>et</span> <span class='ocrx_word' id='word_1_55' title='bbox 493 536 613 570; x_wconf 79' lang='lat' dir='ltr'>realiter</span> <span class='ocrx_word' id='word_1_56' title='bbox 640 536 835 583; x_wconf 76' lang='lat' dir='ltr'>exequendi,</span> <span class='ocrx_word' id='word_1_57' title='bbox 871 545 900 570; x_wconf 91' lang='lat' dir='ltr'>et</span> <span class='ocrx_word' id='word_1_58' title='bbox 926 536 1009 582; x_wconf 88' lang='lat' dir='ltr'>quod</span> 
     </span>
     <span class='ocr_line' id='line_1_21' title="bbox 265 584 1012 632; baseline 0.003 -15"><span class='ocrx_word' id='word_1_59' title='bbox 265 597 323 618; x_wconf 86' lang='lat' dir='ltr'>una</span> <span class='ocrx_word' id='word_1_60' title='bbox 350 585 393 618; x_wconf 75' lang='lat' dir='ltr'>via</span> <span class='ocrx_word' id='word_1_61' title='bbox 418 585 508 619; x_wconf 86' lang='lat' dir='ltr'>realis</span> <span class='ocrx_word' id='word_1_62' title='bbox 538 597 593 631; x_wconf 89' lang='lat' dir='ltr'>per</span> <span class='ocrx_word' id='word_1_63' title='bbox 621 584 712 619; x_wconf 88' lang='lat' dir='ltr'>aliam</span> <span class='ocrx_word' id='word_1_64' title='bbox 738 586 912 632; x_wconf 83' lang='lat' dir='ltr'>personalis</span> <span class='ocrx_word' id='word_1_65' title='bbox 939 598 1012 619; x_wconf 84' lang='lat' dir='ltr'>exe-</span> 
     </span>
     <span class='ocr_line' id='line_1_22' title="bbox 263 633 1012 677; baseline 0.001 -10"><span class='ocrx_word' id='word_1_66' title='bbox 263 634 399 668; x_wconf 86' lang='lat' dir='ltr'>cutionis</span> <span class='ocrx_word' id='word_1_67' title='bbox 415 633 544 668; x_wconf 88' lang='lat' dir='ltr'>minime</span> <span class='ocrx_word' id='word_1_68' title='bbox 561 634 685 668; x_wconf 89' lang='lat' dir='ltr'>tollatur</span> <span class='ocrx_word' id='word_1_69' title='bbox 702 635 800 677; x_wconf 72' lang='lat' dir='ltr'>vobis,</span> <span class='ocrx_word' id='word_1_70' title='bbox 816 644 845 669; x_wconf 85' lang='lat' dir='ltr'>et</span> <span class='ocrx_word' id='word_1_71' title='bbox 864 635 1012 670; x_wconf 87' lang='lat' dir='ltr'>omnibus</span> 
     </span>
     <span class='ocr_line' id='line_1_23' title="bbox 265 682 1010 729; baseline 0.003 -14"><span class='ocrx_word' id='word_1_72' title='bbox 265 683 397 729; x_wconf 85' lang='lat' dir='ltr'>posteris</span> <span class='ocrx_word' id='word_1_73' title='bbox 413 682 595 717; x_wconf 89' lang='lat' dir='ltr'>consulibus</span> <span class='ocrx_word' id='word_1_74' title='bbox 617 683 717 718; x_wconf 87' lang='lat' dir='ltr'>dictae</span> <span class='ocrx_word' id='word_1_75' title='bbox 739 685 813 718; x_wconf 87' lang='lat' dir='ltr'>artis</span> <span class='ocrx_word' id='word_1_76' title='bbox 828 685 1010 719; x_wconf 77' lang='lat' dir='ltr'>auctoritate,</span> 
     </span>
     <span class='ocr_line' id='line_1_24' title="bbox 263 732 1009 781; baseline 0.004 -16"><span class='ocrx_word' id='word_1_77' title='bbox 263 732 433 778; x_wconf 88' lang='lat' dir='ltr'>apostolica</span> <span class='ocrx_word' id='word_1_78' title='bbox 457 741 563 766; x_wconf 84' lang='lat' dir='ltr'>tenore</span> <span class='ocrx_word' id='word_1_79' title='bbox 593 734 803 779; x_wconf 81' lang='lat' dir='ltr'>praesentium</span> <span class='ocrx_word' id='word_1_80' title='bbox 828 742 1009 781; x_wconf 88' lang='lat' dir='ltr'>perpetuam</span> 
     </span>
     <span class='ocr_line' id='line_1_25' title="bbox 264 781 1010 828; baseline 0.004 -14"><span class='ocrx_word' id='word_1_81' title='bbox 264 781 509 815; x_wconf 87' lang='lat' dir='ltr'>iurisdictionem</span> <span class='ocrx_word' id='word_1_82' title='bbox 528 794 563 815; x_wconf 88' lang='lat' dir='ltr'>ac</span> <span class='ocrx_word' id='word_1_83' title='bbox 583 790 768 828; x_wconf 84' lang='lat' dir='ltr'>potestatem</span> <span class='ocrx_word' id='word_1_84' title='bbox 797 784 1010 817; x_wconf 82' lang='lat' dir='ltr'>concedimus.</span> 
     </span>
    </p>

    <p class='ocr_par' dir='ltr' id='par_1_7' title="bbox 257 830 1013 1764">
     <span class='ocr_line' id='line_1_26' title="bbox 314 830 1011 877; baseline 0.003 -13"><span class='ocrx_word' id='word_1_85' title='bbox 314 831 381 876; x_wconf 63' lang='lat'>§⁰2-</span> <span class='ocrx_word' id='word_1_86' title='bbox 405 830 564 877; x_wconf 82' lang='lat' dir='ltr'>Vobisque</span> <span class='ocrx_word' id='word_1_87' title='bbox 586 839 615 864; x_wconf 92' lang='lat' dir='ltr'>et</span> <span class='ocrx_word' id='word_1_88' title='bbox 630 832 777 866; x_wconf 85' lang='lat' dir='ltr'>omuibus</span> <span class='ocrx_word' id='word_1_89' title='bbox 800 832 912 866; x_wconf 82' lang='lat' dir='ltr'>suturis</span> <span class='ocrx_word' id='word_1_90' title='bbox 936 846 1011 866; x_wconf 87' lang='lat' dir='ltr'>cou-</span> 
     </span>
     <span class='ocr_line' id='line_1_27' title="bbox 262 881 1013 920; baseline 0.004 -7"><span class='ocrx_word' id='word_1_91' title='bbox 262 881 397 920; x_wconf 64' lang='lat' dir='ltr'>sulibus.</span> <span class='ocrx_word' id='word_1_92' title='bbox 422 889 453 913; x_wconf 94' lang='lat' dir='ltr'>ut</span> <span class='ocrx_word' id='word_1_93' title='bbox 469 881 652 914; x_wconf 82' lang='lat' dir='ltr'>eorumdem</span> <span class='ocrx_word' id='word_1_94' title='bbox 671 890 877 916; x_wconf 86' lang='lat' dir='ltr'>mercatorum</span> <span class='ocrx_word' id='word_1_95' title='bbox 901 883 1013 916; x_wconf 88' lang='lat' dir='ltr'>codici-</span> 
     </span>
     <span class='ocr_line' id='line_1_28' title="bbox 264 928 1012 974; baseline 0.004 -12"><span class='ocrx_word' id='word_1_96' title='bbox 264 929 322 962; x_wconf 89' lang='lat' dir='ltr'>bus</span> <span class='ocrx_word' id='word_1_97' title='bbox 342 941 378 963; x_wconf 87' lang='lat' dir='ltr'>ac</span> <span class='ocrx_word' id='word_1_98' title='bbox 401 928 488 962; x_wconf 90' lang='lat' dir='ltr'>libris</span> <span class='ocrx_word' id='word_1_99' title='bbox 510 929 701 971; x_wconf 86' lang='lat' dir='ltr'>(dummodo</span> <span class='ocrx_word' id='word_1_100' title='bbox 730 931 787 974; x_wconf 87' lang='lat' dir='ltr'>ipsi</span> <span class='ocrx_word' id='word_1_101' title='bbox 816 931 1012 965; x_wconf 85' lang='lat' dir='ltr'>mercantiles</span> 
     </span>
     <span class='ocr_line' id='line_1_29' title="bbox 262 978 1012 1016; baseline 0.004 -5"><span class='ocrx_word' id='word_1_102' title='bbox 262 978 334 1016; x_wconf 83' lang='lat' dir='ltr'>sint,</span> <span class='ocrx_word' id='word_1_103' title='bbox 357 987 386 1012; x_wconf 89' lang='lat' dir='ltr'>et</span> <span class='ocrx_word' id='word_1_104' title='bbox 405 987 612 1012; x_wconf 88' lang='lat' dir='ltr'>mercatorum</span> <span class='ocrx_word' id='word_1_105' title='bbox 637 979 748 1013; x_wconf 78' lang='lat' dir='ltr'>ordine</span> <span class='ocrx_word' id='word_1_106' title='bbox 769 989 798 1014; x_wconf 93' lang='lat' dir='ltr'>et</span> <span class='ocrx_word' id='word_1_107' title='bbox 826 993 912 1015; x_wconf 91' lang='lat' dir='ltr'>more</span> <span class='ocrx_word' id='word_1_108' title='bbox 934 981 1012 1014; x_wconf 88' lang='lat' dir='ltr'>scri-</span> 
     </span>
     <span class='ocr_line' id='line_1_30' title="bbox 264 1027 1008 1074; baseline 0.004 -14"><span class='ocrx_word' id='word_1_109' title='bbox 264 1027 304 1074; x_wconf 89' lang='lat' dir='ltr'>pti</span> <span class='ocrx_word' id='word_1_110' title='bbox 322 1036 353 1061; x_wconf 90' lang='lat' dir='ltr'>et</span> <span class='ocrx_word' id='word_1_111' title='bbox 369 1028 517 1071; x_wconf 68' lang='lat' dir='ltr'>conlecti,</span> <span class='ocrx_word' id='word_1_112' title='bbox 533 1037 562 1062; x_wconf 83' lang='lat' dir='ltr'>et</span> <span class='ocrx_word' id='word_1_113' title='bbox 576 1040 646 1062; x_wconf 83' lang='lat' dir='ltr'>cum</span> <span class='ocrx_word' id='word_1_114' title='bbox 664 1028 779 1063; x_wconf 88' lang='lat' dir='ltr'>debitis</span> <span class='ocrx_word' id='word_1_115' title='bbox 801 1030 1008 1064; x_wconf 79' lang='lat' dir='ltr'>circumstan-</span> 
     </span>
     <span class='ocr_line' id='line_1_31' title="bbox 263 1077 1012 1132; baseline 0.004 -22"><span class='ocrx_word' id='word_1_116' title='bbox 263 1077 312 1110; x_wconf 89' lang='lat' dir='ltr'>tiis</span> <span class='ocrx_word' id='word_1_117' title='bbox 325 1077 498 1111; x_wconf 89' lang='lat' dir='ltr'>rationabili</span> <span class='ocrx_word' id='word_1_118' title='bbox 514 1078 694 1132; x_wconf 81' lang='lat' dir='ltr'>suspicione</span> <span class='ocrx_word' id='word_1_119' title='bbox 709 1087 863 1122; x_wconf 73' lang='lat' dir='ltr'>carentes,</span> <span class='ocrx_word' id='word_1_120' title='bbox 879 1079 1012 1113; x_wconf 84' lang='lat' dir='ltr'>discrete</span> 
     </span>
     <span class='ocr_line' id='line_1_32' title="bbox 262 1126 1012 1173; baseline 0.004 -14"><span class='ocrx_word' id='word_1_121' title='bbox 262 1126 354 1161; x_wconf 83' lang='lat' dir='ltr'>etiam</span> <span class='ocrx_word' id='word_1_122' title='bbox 397 1127 494 1173; x_wconf 89' lang='lat' dir='ltr'>ipsius</span> <span class='ocrx_word' id='word_1_123' title='bbox 528 1127 710 1161; x_wconf 79' lang='lat' dir='ltr'>mercatoris</span> <span class='ocrx_word' id='word_1_124' title='bbox 744 1128 912 1162; x_wconf 75' lang='lat' dir='ltr'>scribentis</span> <span class='ocrx_word' id='word_1_125' title='bbox 944 1129 1012 1162; x_wconf 89' lang='lat' dir='ltr'>cir—</span> 
     </span>
     <span class='ocr_line' id='line_1_33' title="bbox 261 1177 1012 1233; baseline 0.004 -24"><span class='ocrx_word' id='word_1_126' title='bbox 261 1184 443 1222; x_wconf 83' lang='lat' dir='ltr'>cunispecta</span> <span class='ocrx_word' id='word_1_127' title='bbox 460 1177 516 1209; x_wconf 72' lang='grc' dir='ltr'>ιιιιι</span> <span class='ocrx_word' id='word_1_128' title='bbox 534 1185 563 1210; x_wconf 90' lang='lat' dir='ltr'>et</span> <span class='ocrx_word' id='word_1_129' title='bbox 579 1177 727 1231; x_wconf 82' lang='lat' dir='ltr'>qualitate</span> <span class='ocrx_word' id='word_1_130' title='bbox 743 1179 895 1223; x_wconf 74' lang='lat' dir='ltr'>pensatis)</span> <span class='ocrx_word' id='word_1_131' title='bbox 910 1191 1012 1233; x_wconf 80' lang='lat' dir='ltr'>usque</span> 
     </span>
     <span class='ocr_line' id='line_1_34' title="bbox 260 1225 1009 1272; baseline 0.005 -15"><span class='ocrx_word' id='word_1_132' title='bbox 260 1225 297 1258; x_wconf 88' lang='lat' dir='ltr'>ad</span> <span class='ocrx_word' id='word_1_133' title='bbox 340 1226 545 1272; x_wconf 78' lang='lat' dir='ltr'>quantitatem</span> <span class='ocrx_word' id='word_1_134' title='bbox 582 1227 688 1272; x_wconf 66' lang='lat' dir='ltr'>tiginti</span> <span class='ocrx_word' id='word_1_135' title='bbox 721 1226 905 1260; x_wconf 70' lang='lat' dir='ltr'>ducatorum</span> <span class='ocrx_word' id='word_1_136' title='bbox 946 1228 1009 1261; x_wconf 91' lang='lat' dir='ltr'>auri</span> 
     </span>
     <span class='ocr_line' id='line_1_35' title="bbox 260 1274 1012 1314; baseline 0.004 -7"><span class='ocrx_word' id='word_1_137' title='bbox 260 1274 422 1314; x_wconf 73' lang='lat' dir='ltr'>inclusiie</span> <span class='ocrx_word' id='word_1_138' title='bbox 446 1275 610 1309; x_wconf 82' lang='lat' dir='ltr'>occasione</span> <span class='ocrx_word' id='word_1_139' title='bbox 633 1277 822 1310; x_wconf 81' lang='lat' dir='ltr'>mercantiae</span> <span class='ocrx_word' id='word_1_140' title='bbox 842 1276 886 1309; x_wconf 75' lang='lat' dir='ltr'>iil</span> <span class='ocrx_word' id='word_1_141' title='bbox 909 1277 1012 1310; x_wconf 88' lang='lat' dir='ltr'>cuius-</span> 
     </span>
     <span class='ocr_line' id='line_1_36' title="bbox 261 1323 1008 1359; baseline 0.003 -2"><span class='ocrx_word' id='word_1_142' title='bbox 261 1324 336 1357; x_wconf 87' lang='lat' dir='ltr'>libet</span> <span class='ocrx_word' id='word_1_143' title='bbox 374 1323 504 1358; x_wconf 91' lang='lat' dir='ltr'>alterius</span> <span class='ocrx_word' id='word_1_144' title='bbox 541 1325 581 1358; x_wconf 88' lang='lat' dir='ltr'>rei</span> <span class='ocrx_word' id='word_1_145' title='bbox 616 1324 653 1358; x_wconf 90' lang='lat' dir='ltr'>ad</span> <span class='ocrx_word' id='word_1_146' title='bbox 691 1332 787 1358; x_wconf 83' lang='lat' dir='ltr'>artem</span> <span class='ocrx_word' id='word_1_147' title='bbox 828 1325 1008 1359; x_wconf 89' lang='lat' dir='ltr'>buiusmodi</span> 
     </span>
     <span class='ocr_line' id='line_1_37' title="bbox 261 1374 1009 1419; baseline 0.003 -13"><span class='ocrx_word' id='word_1_148' title='bbox 261 1374 498 1419; x_wconf 80' lang='lat' dir='ltr'>pertinentium,</span> <span class='ocrx_word' id='word_1_149' title='bbox 528 1375 567 1407; x_wconf 90' lang='lat' dir='ltr'>ita</span> <span class='ocrx_word' id='word_1_150' title='bbox 591 1381 709 1412; x_wconf 80' lang='lat' dir='ltr'>tamen,</span> <span class='ocrx_word' id='word_1_151' title='bbox 734 1382 764 1406; x_wconf 91' lang='lat' dir='ltr'>ut</span> <span class='ocrx_word' id='word_1_152' title='bbox 796 1375 956 1419; x_wconf 80' lang='lat' dir='ltr'>agentium</span> <span class='ocrx_word' id='word_1_153' title='bbox 981 1384 1009 1408; x_wconf 91' lang='lat' dir='ltr'>et</span> 
     </span>
     <span class='ocr_line' id='line_1_38' title="bbox 257 1422 1009 1468; baseline 0.003 -13"><span class='ocrx_word' id='word_1_154' title='bbox 257 1423 384 1468; x_wconf 82' lang='lat' dir='ltr'>exigere</span> <span class='ocrx_word' id='word_1_155' title='bbox 400 1422 570 1456; x_wconf 84' lang='lat' dir='ltr'>volentium</span> <span class='ocrx_word' id='word_1_156' title='bbox 587 1423 772 1456; x_wconf 75' lang='lat' dir='ltr'>interveniat</span> <span class='ocrx_word' id='word_1_157' title='bbox 788 1423 1009 1467; x_wconf 71' lang='lat' dir='ltr'>iuramentum,</span> 
     </span>
     <span class='ocr_line' id='line_1_39' title="bbox 258 1471 1009 1518; baseline 0.004 -14"><span class='ocrx_word' id='word_1_158' title='bbox 258 1471 389 1518; x_wconf 75' lang='lat' dir='ltr'>perinde</span> <span class='ocrx_word' id='word_1_159' title='bbox 418 1471 541 1518; x_wconf 81' lang='lat' dir='ltr'>plenam</span> <span class='ocrx_word' id='word_1_160' title='bbox 566 1471 658 1506; x_wconf 84' lang='lat' dir='ltr'>sidem</span> <span class='ocrx_word' id='word_1_161' title='bbox 688 1471 784 1506; x_wconf 86' lang='lat' dir='ltr'>debiti</span> <span class='ocrx_word' id='word_1_162' title='bbox 812 1472 1009 1512; x_wconf 80' lang='lat' dir='ltr'>adhibeatur,</span> 
     </span>
     <span class='ocr_line' id='line_1_40' title="bbox 258 1520 1008 1569; baseline 0.004 -15"><span class='ocrx_word' id='word_1_163' title='bbox 258 1534 292 1555; x_wconf 83' lang='lat' dir='ltr'>ac</span> <span class='ocrx_word' id='word_1_164' title='bbox 315 1521 340 1554; x_wconf 93' lang='lat' dir='ltr'>si</span> <span class='ocrx_word' id='word_1_165' title='bbox 363 1520 502 1567; x_wconf 81' lang='lat' dir='ltr'>legitime</span> <span class='ocrx_word' id='word_1_166' title='bbox 520 1520 686 1569; x_wconf 87' lang='lat' dir='ltr'>probatum</span> <span class='ocrx_word' id='word_1_167' title='bbox 710 1530 792 1556; x_wconf 86' lang='lat' dir='ltr'>esset</span> <span class='ocrx_word' id='word_1_168' title='bbox 814 1523 959 1568; x_wconf 83' lang='lat' dir='ltr'>(legibus</span> <span class='ocrx_word' id='word_1_169' title='bbox 981 1533 1008 1557; x_wconf 90' lang='lat' dir='ltr'>et</span> 
     </span>
     <span class='ocr_line' id='line_1_41' title="bbox 257 1570 1008 1618; baseline 0.004 -15"><span class='ocrx_word' id='word_1_170' title='bbox 257 1570 431 1604; x_wconf 84' lang='lat' dir='ltr'>canonibus</span> <span class='ocrx_word' id='word_1_171' title='bbox 466 1571 659 1605; x_wconf 89' lang='lat' dir='ltr'>contrarium</span> <span class='ocrx_word' id='word_1_172' title='bbox 683 1570 924 1618; x_wconf 82' lang='lat' dir='ltr'>disponentibus</span> <span class='ocrx_word' id='word_1_173' title='bbox 947 1585 1008 1606; x_wconf 90' lang='lat' dir='ltr'>non</span> 
     </span>
     <span class='ocr_line' id='line_1_42' title="bbox 257 1619 1009 1675; baseline 0.004 -23"><span class='ocrx_word' id='word_1_174' title='bbox 257 1619 456 1653; x_wconf 81' lang='lat' dir='ltr'>obstantibus</span> <span class='ocrx_word' id='word_1_175' title='bbox 482 1620 772 1675; x_wconf 71' lang='lat' dir='ltr'>quibuscumque).</span> <span class='ocrx_word' id='word_1_176' title='bbox 789 1630 818 1654; x_wconf 89' lang='lat' dir='ltr'>et</span> <span class='ocrx_word' id='word_1_177' title='bbox 849 1634 945 1668; x_wconf 87' lang='lat' dir='ltr'>super</span> <span class='ocrx_word' id='word_1_178' title='bbox 973 1623 1009 1655; x_wconf 91' lang='lat' dir='ltr'>iis</span> 
     </span>
     <span class='ocr_line' id='line_1_43' title="bbox 260 1670 1010 1716; baseline 0.004 -15"><span class='ocrx_word' id='word_1_179' title='bbox 260 1670 397 1701; x_wconf 73' lang='lat' dir='ltr'>indic-aie</span> <span class='ocrx_word' id='word_1_180' title='bbox 424 1678 453 1703; x_wconf 88' lang='lat' dir='ltr'>et</span> <span class='ocrx_word' id='word_1_181' title='bbox 476 1671 646 1703; x_wconf 82' lang='lat' dir='ltr'>decernere</span> <span class='ocrx_word' id='word_1_182' title='bbox 667 1670 803 1716; x_wconf 70' lang='lat' dir='ltr'>possitis,</span> <span class='ocrx_word' id='word_1_183' title='bbox 825 1671 1010 1705; x_wconf 86' lang='lat' dir='ltr'>auctoritate</span> 
     </span>
     <span class='ocr_line' id='line_1_44' title="bbox 258 1718 906 1768; baseline 0.002 -17.002"><span class='ocrx_word' id='word_1_184' title='bbox 258 1718 428 1768; x_wconf 89' lang='lat' dir='ltr'>apostolica</span> <span class='ocrx_word' id='word_1_185' title='bbox 454 1719 562 1752; x_wconf 89' lang='lat' dir='ltr'>barum</span> <span class='ocrx_word' id='word_1_186' title='bbox 586 1719 667 1752; x_wconf 90' lang='lat' dir='ltr'>serie</span> <span class='ocrx_word' id='word_1_187' title='bbox 696 1718 906 1765; x_wconf 82' lang='lat' dir='ltr'>indulgemus</span> 
     </span>
    </p>

    <p class='ocr_par' dir='ltr' id='par_1_8' title="bbox 258 1767 1010 2011">
     <span class='ocr_line' id='line_1_45' title="bbox 309 1767 1010 1817; baseline 0.003 -16"><span class='ocrx_word' id='word_1_188' title='bbox 309 1767 329 1813; x_wconf 50' lang='grc' dir='ltr'>δ’</span> <span class='ocrx_word' id='word_1_189' title='bbox 364 1769 395 1801; x_wconf 78' lang='lat'>3.</span> <span class='ocrx_word' id='word_1_190' title='bbox 424 1767 627 1802; x_wconf 76' lang='lat' dir='ltr'>intendentes</span> <span class='ocrx_word' id='word_1_191' title='bbox 656 1776 685 1801; x_wconf 90' lang='lat' dir='ltr'>et</span> <span class='ocrx_word' id='word_1_192' title='bbox 717 1768 923 1803; x_wconf 80' lang='lat' dir='ltr'>decernentes</span> <span class='ocrx_word' id='word_1_193' title='bbox 956 1782 1010 1817; x_wconf 83' lang='lat' dir='ltr'>per</span> 
     </span>
     <span class='ocr_line' id='line_1_46' title="bbox 259 1817 1010 1863; baseline 0.005 -14"><span class='ocrx_word' id='word_1_194' title='bbox 259 1825 450 1863; x_wconf 68' lang='lat' dir='ltr'>praesentes,</span> <span class='ocrx_word' id='word_1_195' title='bbox 471 1826 502 1852; x_wconf 91' lang='lat' dir='ltr'>ut</span> <span class='ocrx_word' id='word_1_196' title='bbox 525 1817 705 1851; x_wconf 88' lang='lat' dir='ltr'>huiusmodi</span> <span class='ocrx_word' id='word_1_197' title='bbox 735 1827 942 1853; x_wconf 86' lang='lat' dir='ltr'>mercatorum</span> <span class='ocrx_word' id='word_1_198' title='bbox 967 1833 1010 1853; x_wconf 90' lang='lat' dir='ltr'>iu-</span> 
     </span>
     <span class='ocr_line' id='line_1_47' title="bbox 259 1865 1008 1909; baseline 0.005 -10"><span class='ocrx_word' id='word_1_199' title='bbox 259 1865 418 1909; x_wconf 71' lang='grc' dir='ltr'>ιίεόιοιιο</span> <span class='ocrx_word' id='word_1_200' title='bbox 445 1879 481 1901; x_wconf 90' lang='lat' dir='ltr'>ac</span> <span class='ocrx_word' id='word_1_201' title='bbox 514 1879 623 1901; x_wconf 89' lang='lat' dir='ltr'>eorum</span> <span class='ocrx_word' id='word_1_202' title='bbox 656 1866 751 1901; x_wconf 90' lang='lat' dir='ltr'>Curia</span> <span class='ocrx_word' id='word_1_203' title='bbox 786 1877 815 1901; x_wconf 93' lang='lat' dir='ltr'>et</span> <span class='ocrx_word' id='word_1_204' title='bbox 849 1867 964 1902; x_wconf 87' lang='lat' dir='ltr'>Forum</span> <span class='ocrx_word' id='word_1_205' title='bbox 993 1881 1008 1903; x_wconf 87' lang='lat' dir='ltr'>a</span> 
     </span>
     <span class='ocr_line' id='line_1_48' title="bbox 258 1916 1007 1963; baseline 0.005 -15"><span class='ocrx_word' id='word_1_206' title='bbox 258 1916 422 1949; x_wconf 84' lang='lat' dir='ltr'>conventis</span> <span class='ocrx_word' id='word_1_207' title='bbox 444 1916 473 1950; x_wconf 87' lang='lat' dir='ltr'>iu</span> <span class='ocrx_word' id='word_1_208' title='bbox 496 1916 613 1951; x_wconf 89' lang='lat' dir='ltr'>eisdem</span> <span class='ocrx_word' id='word_1_209' title='bbox 639 1929 836 1963; x_wconf 86' lang='lat' dir='ltr'>nequaquam</span> <span class='ocrx_word' id='word_1_210' title='bbox 859 1918 1007 1952; x_wconf 76' lang='lat' dir='ltr'>declinari</span> 
     </span>
     <span class='ocr_line' id='line_1_49' title="bbox 260 1965 367 2011; baseline 0.01 -14"><span class='ocrx_word' id='word_1_211' title='bbox 260 1965 367 2011; x_wconf 80' lang='lat' dir='ltr'>possit</span> 
     </span>
    </p>

    <p class='ocr_par' dir='ltr' id='par_1_9' title="bbox 259 2013 1009 2508">
     <span class='ocr_line' id='line_1_50' title="bbox 308 2013 1006 2062; baseline 0.003 -14.003"><span class='ocrx_word' id='word_1_212' title='bbox 308 2014 327 2061; x_wconf 61' lang='lat' dir='ltr'>S</span> <span class='ocrx_word' id='word_1_213' title='bbox 349 2018 381 2048; x_wconf 94' lang='grc'>4.</span> <span class='ocrx_word' id='word_1_214' title='bbox 405 2013 585 2049; x_wconf 90' lang='lat' dir='ltr'>Volentes</span> <span class='ocrx_word' id='word_1_215' title='bbox 581 2028 721 2061; x_wconf 72' lang='lat' dir='ltr'>insuper</span> <span class='ocrx_word' id='word_1_216' title='bbox 748 2015 833 2062; x_wconf 86' lang='lat' dir='ltr'>quod</span> <span class='ocrx_word' id='word_1_217' title='bbox 858 2016 880 2049; x_wconf 78' lang='lat' dir='ltr'>si</span> <span class='ocrx_word' id='word_1_218' title='bbox 905 2016 1006 2050; x_wconf 81' lang='lat' dir='ltr'>forsan</span> 
     </span>
     <span class='ocr_line' id='line_1_51' title="bbox 259 2064 1008 2120; baseline 0.003 -23"><span class='ocrx_word' id='word_1_219' title='bbox 259 2064 370 2110; x_wconf 87' lang='lat' dir='ltr'>aliquis</span> <span class='ocrx_word' id='word_1_220' title='bbox 395 2073 603 2098; x_wconf 87' lang='lat' dir='ltr'>mercatorum</span> <span class='ocrx_word' id='word_1_221' title='bbox 635 2065 864 2120; x_wconf 79' lang='lat' dir='ltr'>cuiuscumque</span> <span class='ocrx_word' id='word_1_222' title='bbox 893 2066 1008 2111; x_wconf 80' lang='lat' dir='ltr'>gradus</span> 
     </span>
     <span class='ocr_line' id='line_1_52' title="bbox 260 2113 1009 2155; baseline 0.004 -9"><span class='ocrx_word' id='word_1_223' title='bbox 260 2121 289 2146; x_wconf 81' lang='lat' dir='ltr'>et</span> <span class='ocrx_word' id='word_1_224' title='bbox 312 2113 501 2147; x_wconf 72' lang='lat' dir='ltr'>conditionis</span> <span class='ocrx_word' id='word_1_225' title='bbox 524 2114 645 2155; x_wconf 83' lang='lat' dir='ltr'>existat</span> <span class='ocrx_word' id='word_1_226' title='bbox 668 2115 789 2148; x_wconf 86' lang='lat' dir='ltr'>etiamsi</span> <span class='ocrx_word' id='word_1_227' title='bbox 821 2115 844 2148; x_wconf 82' lang='lat' dir='ltr'>is</span> <span class='ocrx_word' id='word_1_228' title='bbox 867 2116 1009 2149; x_wconf 67' lang='lat' dir='ltr'>consult-i</span> 
     </span>
     <span class='ocr_line' id='line_1_53' title="bbox 261 2164 1006 2210; baseline 0.005 -15"><span class='ocrx_word' id='word_1_229' title='bbox 261 2171 308 2195; x_wconf 70' lang='lat' dir='ltr'>tus</span> <span class='ocrx_word' id='word_1_230' title='bbox 337 2164 517 2197; x_wconf 86' lang='lat' dir='ltr'>buiusmodi</span> <span class='ocrx_word' id='word_1_231' title='bbox 547 2164 620 2197; x_wconf 89' lang='lat' dir='ltr'>artis</span> <span class='ocrx_word' id='word_1_232' title='bbox 643 2164 788 2210; x_wconf 77' lang='lat' dir='ltr'>fungatur</span> <span class='ocrx_word' id='word_1_233' title='bbox 810 2164 934 2203; x_wconf 74' lang='lat' dir='ltr'>ollicio,</span> <span class='ocrx_word' id='word_1_234' title='bbox 970 2178 1006 2199; x_wconf 80' lang='lat' dir='ltr'>ex</span> 
     </span>
     <span class='ocr_line' id='line_1_54' title="bbox 260 2213 1006 2252; baseline 0.003 -6"><span class='ocrx_word' id='word_1_235' title='bbox 260 2213 448 2246; x_wconf 68' lang='lat' dir='ltr'>conlitlentia</span> <span class='ocrx_word' id='word_1_236' title='bbox 478 2213 658 2247; x_wconf 79' lang='lat' dir='ltr'>huiusmodi</span> <span class='ocrx_word' id='word_1_237' title='bbox 688 2214 784 2247; x_wconf 88' lang='lat' dir='ltr'>nostri</span> <span class='ocrx_word' id='word_1_238' title='bbox 809 2214 941 2252; x_wconf 85' lang='lat' dir='ltr'>indulti,</span> <span class='ocrx_word' id='word_1_239' title='bbox 978 2215 1006 2248; x_wconf 91' lang='lat' dir='ltr'>in</span> 
     </span>
     <span class='ocr_line' id='line_1_55' title="bbox 259 2262 1006 2310; baseline 0.004 -15"><span class='ocrx_word' id='word_1_240' title='bbox 259 2263 323 2295; x_wconf 82' lang='lat' dir='ltr'>suis</span> <span class='ocrx_word' id='word_1_241' title='bbox 343 2262 504 2296; x_wconf 84' lang='lat' dir='ltr'>codicibus</span> <span class='ocrx_word' id='word_1_242' title='bbox 526 2271 556 2296; x_wconf 91' lang='lat' dir='ltr'>et</span> <span class='ocrx_word' id='word_1_243' title='bbox 579 2262 665 2296; x_wconf 88' lang='lat' dir='ltr'>libris</span> <span class='ocrx_word' id='word_1_244' title='bbox 700 2264 817 2310; x_wconf 86' lang='lat' dir='ltr'>aliquid</span> <span class='ocrx_word' id='word_1_245' title='bbox 841 2271 947 2297; x_wconf 89' lang='lat' dir='ltr'>contra</span> <span class='ocrx_word' id='word_1_246' title='bbox 979 2273 1006 2298; x_wconf 86' lang='lat' dir='ltr'>et</span> 
     </span>
     <span class='ocr_line' id='line_1_56' title="bbox 260 2313 1007 2360; baseline 0.003 -15"><span class='ocrx_word' id='word_1_247' title='bbox 260 2320 382 2358; x_wconf 71' lang='lat' dir='ltr'>prae-tei</span> <span class='ocrx_word' id='word_1_248' title='bbox 406 2313 569 2347; x_wconf 81' lang='lat' dir='ltr'>veritatem</span> <span class='ocrx_word' id='word_1_249' title='bbox 594 2314 834 2360; x_wconf 67' lang='lat' dir='ltr'>conscripserit,</span> <span class='ocrx_word' id='word_1_250' title='bbox 863 2326 898 2346; x_wconf 78' lang='lat' dir='ltr'>«x</span> <span class='ocrx_word' id='word_1_251' title='bbox 924 2326 1007 2347; x_wconf 91' lang='lat' dir='ltr'>nunc</span> 
     </span>
     <span class='ocr_line' id='line_1_57' title="bbox 259 2362 1009 2419; baseline 0.004 -25.032"><span class='ocrx_word' id='word_1_252' title='bbox 259 2362 296 2395; x_wconf 82' lang='lat' dir='ltr'>ab</span> <span class='ocrx_word' id='word_1_253' title='bbox 318 2362 466 2396; x_wconf 84' lang='lat' dir='ltr'>exercitio</span> <span class='ocrx_word' id='word_1_254' title='bbox 482 2369 670 2396; x_wconf 84' lang='lat' dir='ltr'>memoratae</span> <span class='ocrx_word' id='word_1_255' title='bbox 693 2363 765 2396; x_wconf 87' lang='lat' dir='ltr'>artis</span> <span class='ocrx_word' id='word_1_256' title='bbox 783 2363 923 2419; x_wconf 70' lang='lat' dir='ltr'>priiatus</span> <span class='ocrx_word' id='word_1_257' title='bbox 939 2364 1009 2397; x_wconf 80' lang='lat' dir='ltr'>exi-</span> 
     </span>
     <span class='ocr_line' id='line_1_58' title="bbox 259 2412 1007 2458; baseline 0.003 -14"><span class='ocrx_word' id='word_1_258' title='bbox 259 2419 328 2449; x_wconf 58' lang='lat' dir='ltr'>&gt;tat</span> <span class='ocrx_word' id='word_1_259' title='bbox 357 2420 385 2445; x_wconf 88' lang='lat' dir='ltr'>et</span> <span class='ocrx_word' id='word_1_260' title='bbox 409 2412 476 2445; x_wconf 77' lang='lat' dir='ltr'>aliis</span> <span class='ocrx_word' id='word_1_261' title='bbox 506 2412 616 2458; x_wconf 89' lang='lat' dir='ltr'>poenis</span> <span class='ocrx_word' id='word_1_262' title='bbox 649 2425 663 2445; x_wconf 90' lang='lat' dir='ltr'>a</span> <span class='ocrx_word' id='word_1_263' title='bbox 693 2412 758 2445; x_wconf 85' lang='lat' dir='ltr'>iure</span> <span class='ocrx_word' id='word_1_264' title='bbox 793 2413 943 2446; x_wconf 79' lang='lat' dir='ltr'>iustitutis</span> <span class='ocrx_word' id='word_1_265' title='bbox 979 2421 1007 2446; x_wconf 91' lang='lat' dir='ltr'>et</span> 
     </span>
     <span class='ocr_line' id='line_1_59' title="bbox 261 2460 842 2508; baseline 0.002 -14"><span class='ocrx_word' id='word_1_266' title='bbox 261 2460 386 2494; x_wconf 75' lang='lat' dir='ltr'>inflictis</span> <span class='ocrx_word' id='word_1_267' title='bbox 409 2463 566 2508; x_wconf 85' lang='lat' dir='ltr'>puniatur</span> <span class='ocrx_word' id='word_1_268' title='bbox 590 2460 672 2495; x_wconf 91' lang='lat' dir='ltr'>Nulli</span> <span class='ocrx_word' id='word_1_269' title='bbox 695 2474 769 2506; x_wconf 74' lang='lat' dir='ltr'>ergo</span> <span class='ocrx_word' id='word_1_270' title='bbox 791 2470 842 2496; x_wconf 78' lang='lat' dir='ltr'>etr.</span> 
     </span>
    </p>

    <p class='ocr_par' dir='ltr' id='par_1_10' title="bbox 260 2509 1007 2656">
     <span class='ocr_line' id='line_1_60' title="bbox 310 2509 1007 2557; baseline 0.003 -14"><span class='ocrx_word' id='word_1_271' title='bbox 310 2509 422 2544; x_wconf 86' lang='lat' dir='ltr'>Datum</span> <span class='ocrx_word' id='word_1_272' title='bbox 444 2510 562 2544; x_wconf 83' lang='lat' dir='ltr'>Romae</span> <span class='ocrx_word' id='word_1_273' title='bbox 585 2511 666 2557; x_wconf 88' lang='lat' dir='ltr'>apud</span> <span class='ocrx_word' id='word_1_274' title='bbox 684 2510 717 2544; x_wconf 87' lang='lat' dir='ltr'>S.</span> <span class='ocrx_word' id='word_1_275' title='bbox 743 2511 882 2550; x_wconf 77' lang='lat' dir='ltr'>Petrum,</span> <span class='ocrx_word' id='word_1_276' title='bbox 898 2512 1007 2557; x_wconf 87' lang='lat' dir='ltr'>quinto</span> 
     </span>
     <span class='ocr_line' id='line_1_61' title="bbox 261 2561 1007 2607; baseline 0.001 -14"><span class='ocrx_word' id='word_1_277' title='bbox 261 2571 359 2593; x_wconf 88' lang='lat' dir='ltr'>nouas</span> <span class='ocrx_word' id='word_1_278' title='bbox 404 2561 474 2594; x_wconf 84' lang='lat' dir='ltr'>maii</span> <span class='ocrx_word' id='word_1_279' title='bbox 493 2588 501 2599; x_wconf 75' lang='lat'>,</span> <span class='ocrx_word' id='word_1_280' title='bbox 549 2561 747 2607; x_wconf 87' lang='lat' dir='ltr'>pontilicatus</span> <span class='ocrx_word' id='word_1_281' title='bbox 784 2561 879 2595; x_wconf 85' lang='lat' dir='ltr'>nostri</span> <span class='ocrx_word' id='word_1_282' title='bbox 926 2574 1007 2595; x_wconf 88' lang='lat' dir='ltr'>anno</span> 
     </span>
     <span class='ocr_line' id='line_1_62' title="bbox 260 2617 380 2656; baseline 0.017 -16"><span class='ocrx_word' id='word_1_283' title='bbox 260 2617 380 2656; x_wconf 87' lang='lat' dir='ltr'>quarto.</span> 
     </span>
    </p>

    <p class='ocr_par' dir='ltr' id='par_1_11' title="bbox 325 2671 941 2711">
     <span class='ocr_line' id='line_1_63' title="bbox 325 2671 941 2711; baseline 0.002 -11"><span class='ocrx_word' id='word_1_284' title='bbox 325 2671 384 2700; x_wconf 75' lang='lat' dir='ltr'>bai,</span> <span class='ocrx_word' id='word_1_285' title='bbox 401 2672 447 2700; x_wconf 89' lang='lat' dir='ltr'>die</span> <span class='ocrx_word' id='word_1_286' title='bbox 463 2672 481 2701; x_wconf 88' lang='lat'><strong>3</strong></span> <span class='ocrx_word' id='word_1_287' title='bbox 500 2672 567 2701; x_wconf 87' lang='lat' dir='ltr'>maii</span> <span class='ocrx_word' id='word_1_288' title='bbox 590 2672 674 2707; x_wconf 64' lang='lat'><strong>1421,</strong></span> <span class='ocrx_word' id='word_1_289' title='bbox 693 2672 941 2711; x_wconf 82' lang='lat' dir='ltr'>pontif.ann01v.</span> 
     </span>
    </p>

    <p class='ocr_par' dir='ltr' id='par_1_12' title="bbox 339 2720 890 2750">
     <span class='ocr_line' id='line_1_64' title="bbox 339 2720 890 2750; baseline 0.002 -1"><span class='ocrx_word' id='word_1_290' title='bbox 339 2720 413 2750; x_wconf 68' lang='lat' dir='ltr'>Ball.</span> <span class='ocrx_word' id='word_1_291' title='bbox 437 2720 513 2750; x_wconf 69' lang='lat' dir='ltr'>Ram.</span> <span class='ocrx_word' id='word_1_292' title='bbox 536 2721 588 2750; x_wconf 64' lang='lat' dir='ltr'>Vol.</span> <span class='ocrx_word' id='word_1_293' title='bbox 608 2721 653 2750; x_wconf 79' lang='lat' dir='ltr'>It&#39;.</span> <span class='ocrx_word' id='word_1_294' title='bbox 854 2721 890 2750; x_wconf 82' lang='lat'>88</span> 
     </span>
    </p>
   </div>
   <div class='ocr_carea' id='block_1_7' title="bbox 1086 278 1752 311">
    <p class='ocr_par' dir='ltr' id='par_1_13' title="bbox 1086 278 1752 311">
     <span class='ocr_line' id='line_1_65' title="bbox 1086 278 1752 311; baseline 0.008 -5"><span class='ocrx_word' id='word_1_295' title='bbox 1086 286 1103 307; x_wconf 82' lang='lat' dir='ltr'>v</span> <span class='ocrx_word' id='word_1_296' title='bbox 1133 285 1179 307; x_wconf 77' lang='lat' dir='ltr'>er.</span> <span class='ocrx_word' id='word_1_297' title='bbox 1684 278 1752 311; x_wconf 71' lang='lat'>(597</span> 
     </span>
    </p>
   </div>
   <div class='ocr_carea' id='block_1_8' title="bbox 1409 341 1460 376">
    <p class='ocr_par' dir='ltr' id='par_1_14' title="bbox 1409 341 1460 376">
     <span class='ocr_line' id='line_1_66' title="bbox 1409 341 1460 376; baseline 0 -1"><span class='ocrx_word' id='word_1_298' title='bbox 1409 341 1460 376; x_wconf 91' lang='lat' dir='ltr'>lX.</span> 
     </span>
    </p>
   </div>
   <div class='ocr_carea' id='block_1_9' title="bbox 1059 413 1805 657">
    <p class='ocr_par' dir='ltr' id='par_1_15' title="bbox 1059 413 1805 657">
     <span class='ocr_line' id='line_1_67' title="bbox 1059 413 1804 459; baseline 0.005 -14"><span class='ocrx_word' id='word_1_299' title='bbox 1059 413 1074 445; x_wconf 83' lang='lat' dir='ltr'><em>I</em></span> <span class='ocrx_word' id='word_1_300' title='bbox 1080 413 1138 445; x_wconf 75' lang='lat' dir='ltr'>&#39;nio</span> <span class='ocrx_word' id='word_1_301' title='bbox 1171 414 1305 447; x_wconf 79' lang='lat' dir='ltr'>omnium</span> <span class='ocrx_word' id='word_1_302' title='bbox 1345 415 1567 448; x_wconf 74' lang='lat' dir='ltr'>Conom&#39;corum</span> <span class='ocrx_word' id='word_1_303' title='bbox 1605 416 1804 459; x_wconf 74' lang='lat' dir='ltr'>Reqularium</span> 
     </span>
     <span class='ocr_line' id='line_1_68' title="bbox 1106 463 1804 509; baseline 0.004 -13"><span class='ocrx_word' id='word_1_304' title='bbox 1106 463 1234 496; x_wconf 79' lang='lat' dir='ltr'>Ordinis</span> <span class='ocrx_word' id='word_1_305' title='bbox 1247 464 1281 496; x_wconf 80' lang='lat' dir='ltr'>S.</span> <span class='ocrx_word' id='word_1_306' title='bbox 1297 465 1463 507; x_wconf 71' lang='lat' dir='ltr'>Auqustt&#39;nt&#39;</span> <span class='ocrx_word' id='word_1_307' title='bbox 1474 466 1582 509; x_wconf 76' lang='lat' dir='ltr'>tibique</span> <span class='ocrx_word' id='word_1_308' title='bbox 1599 467 1804 509; x_wconf 73' lang='lat' dir='ltr'>professorum</span> 
     </span>
     <span class='ocr_line' id='line_1_69' title="bbox 1103 516 1803 557; baseline 0.006 -13"><span class='ocrx_word' id='word_1_309' title='bbox 1103 524 1135 544; x_wconf 80' lang='lat' dir='ltr'>in</span> <span class='ocrx_word' id='word_1_310' title='bbox 1157 524 1250 545; x_wconf 82' lang='lat' dir='ltr'>unam</span> <span class='ocrx_word' id='word_1_311' title='bbox 1278 516 1541 557; x_wconf 68' lang='lat' dir='ltr'>conqreyntionem</span> <span class='ocrx_word' id='word_1_312' title='bbox 1573 527 1639 547; x_wconf 76' lang='lat' dir='ltr'>cum</span> <span class='ocrx_word' id='word_1_313' title='bbox 1672 517 1803 548; x_wconf 68' lang='lat' dir='ltr'>innova-</span> 
     </span>
     <span class='ocr_line' id='line_1_70' title="bbox 1103 562 1805 603; baseline 0.006 -10"><span class='ocrx_word' id='word_1_314' title='bbox 1103 562 1181 594; x_wconf 77' lang='lat' dir='ltr'>tione</span> <span class='ocrx_word' id='word_1_315' title='bbox 1207 563 1471 603; x_wconf 46' lang='lat' dir='ltr'>constitutionum.</span> <span class='ocrx_word' id='word_1_316' title='bbox 1490 571 1515 595; x_wconf 77' lang='lat' dir='ltr'>et</span> <span class='ocrx_word' id='word_1_317' title='bbox 1536 566 1805 597; x_wconf 78' lang='lat' dir='ltr'>communicatione</span> 
     </span>
     <span class='ocr_line' id='line_1_71' title="bbox 1102 612 1693 657; baseline 0.007 -14"><span class='ocrx_word' id='word_1_318' title='bbox 1102 612 1162 644; x_wconf 78' lang='lat' dir='ltr'>sive</span> <span class='ocrx_word' id='word_1_319' title='bbox 1187 613 1359 645; x_wconf 70' lang='lat' dir='ltr'>eoetenst&#39;one</span> <span class='ocrx_word' id='word_1_320' title='bbox 1382 614 1614 657; x_wconf 72' lang='lat' dir='ltr'>prt&#39;vi&#39;leqiorum</span> <span class='ocrx_word' id='word_1_321' title='bbox 1639 616 1693 656; x_wconf 77' lang='lat' dir='ltr'>(l).</span> 
     </span>
    </p>
   </div>
   <div class='ocr_carea' id='block_1_10' title="bbox 1054 682 1803 824">
    <p class='ocr_par' dir='ltr' id='par_1_16' title="bbox 1054 682 1803 824">
     <span class='ocr_line' id='line_1_72' title="bbox 1321 682 1532 712; baseline -0.005 0"><span class='ocrx_word' id='word_1_322' title='bbox 1321 682 1532 712; x_wconf 69' lang='lat' dir='ltr'>SUMMAttttm</span> 
     </span>
     <span class='ocr_line' id='line_1_73' title="bbox 1054 739 1803 780; baseline 0.003 -12"><span class='ocrx_word' id='word_1_323' title='bbox 1054 739 1220 769; x_wconf 76' lang='lat' dir='ltr'>Exordium.</span> <span class='ocrx_word' id='word_1_324' title='bbox 1243 757 1281 761; x_wconf 91' lang='lat'><strong>—</strong></span> <span class='ocrx_word' id='word_1_325' title='bbox 1304 741 1329 769; x_wconf 51' lang='lat' dir='ltr'>¹l.</span> <span class='ocrx_word' id='word_1_326' title='bbox 1352 740 1541 769; x_wconf 80' lang='lat' dir='ltr'>Enumeratio</span> <span class='ocrx_word' id='word_1_327' title='bbox 1561 741 1713 770; x_wconf 85' lang='lat' dir='ltr'>domorum</span> <span class='ocrx_word' id='word_1_328' title='bbox 1731 751 1803 780; x_wconf 85' lang='lat' dir='ltr'>quas</span> 
     </span>
     <span class='ocr_line' id='line_1_74' title="bbox 1095 785 1802 824; baseline 0.001 -10"><span class='ocrx_word' id='word_1_329' title='bbox 1095 786 1157 814; x_wconf 91' lang='lat' dir='ltr'>uuit</span> <span class='ocrx_word' id='word_1_330' title='bbox 1197 785 1336 814; x_wconf 77' lang='lat' dir='ltr'>Pontifex.</span> <span class='ocrx_word' id='word_1_331' title='bbox 1373 803 1411 807; x_wconf 97' lang='lat'><strong>—</strong></span> <span class='ocrx_word' id='word_1_332' title='bbox 1447 786 1473 815; x_wconf 60' lang='grc' dir='ltr'>ἰ).</span> <span class='ocrx_word' id='word_1_333' title='bbox 1517 785 1554 814; x_wconf 81' lang='lat' dir='ltr'>lle</span> <span class='ocrx_word' id='word_1_334' title='bbox 1591 786 1709 824; x_wconf 74' lang='lat' dir='ltr'>capituli</span> <span class='ocrx_word' id='word_1_335' title='bbox 1750 796 1802 820; x_wconf 67' lang='lat' dir='ltr'>ge-</span> 
     </span>
    </p>
   </div>
   <div class='ocr_carea' id='block_1_11' title="bbox 1092 830 1806 1308">
    <p class='ocr_par' dir='ltr' id='par_1_17' title="bbox 1092 830 1806 1308">
     <span class='ocr_line' id='line_1_75' title="bbox 1095 830 1804 862; baseline -0.001 -3"><span class='ocrx_word' id='word_1_336' title='bbox 1095 830 1203 859; x_wconf 82' lang='lat' dir='ltr'>neralis</span> <span class='ocrx_word' id='word_1_337' title='bbox 1226 830 1425 862; x_wconf 82' lang='lat' dir='ltr'>celebratione</span> <span class='ocrx_word' id='word_1_338' title='bbox 1457 834 1484 858; x_wconf 91' lang='lat' dir='ltr'>et</span> <span class='ocrx_word' id='word_1_339' title='bbox 1510 830 1690 859; x_wconf 76' lang='lat' dir='ltr'>auctoritate.</span> <span class='ocrx_word' id='word_1_340' title='bbox 1718 846 1755 851; x_wconf 91' lang='lat'>—</span> <span class='ocrx_word' id='word_1_341' title='bbox 1777 831 1804 858; x_wconf 88' lang='lat'>3.</span> 
     </span>
     <span class='ocr_line' id='line_1_76' title="bbox 1093 873 1805 911; baseline 0 -9"><span class='ocrx_word' id='word_1_342' title='bbox 1093 874 1244 911; x_wconf 78' lang='lat' dir='ltr'>Derogatio</span> <span class='ocrx_word' id='word_1_343' title='bbox 1269 874 1367 903; x_wconf 71' lang='lat' dir='ltr'>[lullae</span> <span class='ocrx_word' id='word_1_344' title='bbox 1391 874 1538 903; x_wconf 79' lang='lat' dir='ltr'>Benedicti</span> <span class='ocrx_word' id='word_1_345' title='bbox 1569 873 1615 902; x_wconf 77' lang='lat' dir='ltr'>xit</span> <span class='ocrx_word' id='word_1_346' title='bbox 1638 873 1714 902; x_wconf 80' lang='lat' dir='ltr'>circa</span> <span class='ocrx_word' id='word_1_347' title='bbox 1746 878 1805 902; x_wconf 89' lang='lat' dir='ltr'>sta-</span> 
     </span>
     <span class='ocr_line' id='line_1_77' title="bbox 1095 917 1803 947; baseline 0 -1"><span class='ocrx_word' id='word_1_348' title='bbox 1095 922 1152 947; x_wconf 85' lang='lat' dir='ltr'>tuta</span> <span class='ocrx_word' id='word_1_349' title='bbox 1175 919 1262 947; x_wconf 87' lang='lat' dir='ltr'>buius</span> <span class='ocrx_word' id='word_1_350' title='bbox 1289 917 1418 947; x_wconf 85' lang='lat' dir='ltr'>Ordinis.</span> <span class='ocrx_word' id='word_1_351' title='bbox 1446 934 1483 938; x_wconf 90' lang='lat'>——</span> <span class='ocrx_word' id='word_1_352' title='bbox 1504 918 1532 947; x_wconf 86' lang='grc'>4.</span> <span class='ocrx_word' id='word_1_353' title='bbox 1556 917 1593 946; x_wconf 85' lang='lat' dir='ltr'>De</span> <span class='ocrx_word' id='word_1_354' title='bbox 1627 917 1743 946; x_wconf 82' lang='lat' dir='ltr'>statutis</span> <span class='ocrx_word' id='word_1_355' title='bbox 1775 917 1803 946; x_wconf 91' lang='lat' dir='ltr'>in</span> 
     </span>
     <span class='ocr_line' id='line_1_78' title="bbox 1094 962 1805 1001; baseline -0.001 -11"><span class='ocrx_word' id='word_1_356' title='bbox 1094 962 1222 1001; x_wconf 83' lang='lat' dir='ltr'>capitulo</span> <span class='ocrx_word' id='word_1_357' title='bbox 1252 963 1339 992; x_wconf 88' lang='lat' dir='ltr'>editis</span> <span class='ocrx_word' id='word_1_358' title='bbox 1363 962 1568 998; x_wconf 82' lang='lat' dir='ltr'>observandiS‚</span> <span class='ocrx_word' id='word_1_359' title='bbox 1588 966 1615 991; x_wconf 92' lang='lat' dir='ltr'>et</span> <span class='ocrx_word' id='word_1_360' title='bbox 1641 967 1805 998; x_wconf 78' lang='lat' dir='ltr'>transgres-</span> 
     </span>
     <span class='ocr_line' id='line_1_79' title="bbox 1094 1005 1805 1046; baseline -0.001 -11"><span class='ocrx_word' id='word_1_361' title='bbox 1094 1016 1194 1036; x_wconf 89' lang='lat' dir='ltr'>sorum</span> <span class='ocrx_word' id='word_1_362' title='bbox 1219 1007 1332 1046; x_wconf 82' lang='lat' dir='ltr'>poenis.</span> <span class='ocrx_word' id='word_1_363' title='bbox 1350 1024 1389 1028; x_wconf 97' lang='lat'><strong>—</strong></span> <span class='ocrx_word' id='word_1_364' title='bbox 1407 1007 1433 1035; x_wconf 79' lang='lat'>5.</span> <span class='ocrx_word' id='word_1_365' title='bbox 1458 1005 1495 1035; x_wconf 73' lang='lat' dir='ltr'>tie</span> <span class='ocrx_word' id='word_1_366' title='bbox 1515 1006 1636 1035; x_wconf 82' lang='lat' dir='ltr'>rectoris</span> <span class='ocrx_word' id='word_1_367' title='bbox 1659 1006 1805 1043; x_wconf 79' lang='lat' dir='ltr'>generalis</span> 
     </span>
     <span class='ocr_line' id='line_1_80' title="bbox 1094 1049 1804 1081; baseline -0.003 -1"><span class='ocrx_word' id='word_1_368' title='bbox 1094 1051 1236 1081; x_wconf 82' lang='lat' dir='ltr'>electione</span> <span class='ocrx_word' id='word_1_369' title='bbox 1275 1057 1301 1081; x_wconf 87' lang='lat' dir='ltr'>et</span> <span class='ocrx_word' id='word_1_370' title='bbox 1331 1051 1436 1081; x_wconf 81' lang='lat' dir='ltr'>officio.</span> <span class='ocrx_word' id='word_1_371' title='bbox 1462 1067 1500 1072; x_wconf 88' lang='lat'><em>—</em></span> <span class='ocrx_word' id='word_1_372' title='bbox 1527 1050 1565 1079; x_wconf 89' lang='lat' dir='ltr'>De</span> <span class='ocrx_word' id='word_1_373' title='bbox 1589 1049 1804 1079; x_wconf 86' lang='lat' dir='ltr'>definitoribus.</span> 
     </span>
     <span class='ocr_line' id='line_1_81' title="bbox 1093 1094 1806 1132; baseline -0.004 -7"><span class='ocrx_word' id='word_1_374' title='bbox 1093 1112 1131 1117; x_wconf 89' lang='lat'>—-</span> <span class='ocrx_word' id='word_1_375' title='bbox 1149 1096 1175 1124; x_wconf 80' lang='lat'>6.</span> <span class='ocrx_word' id='word_1_376' title='bbox 1196 1096 1395 1125; x_wconf 80' lang='lat' dir='ltr'>Praelatorum</span> <span class='ocrx_word' id='word_1_377' title='bbox 1416 1094 1536 1124; x_wconf 87' lang='lat' dir='ltr'>Ordinis</span> <span class='ocrx_word' id='word_1_378' title='bbox 1556 1095 1715 1123; x_wconf 77' lang='lat' dir='ltr'>auctoritas</span> <span class='ocrx_word' id='word_1_379' title='bbox 1734 1103 1806 1132; x_wconf 90' lang='lat' dir='ltr'>qua-</span> 
     </span>
     <span class='ocr_line' id='line_1_82' title="bbox 1094 1139 1804 1177; baseline -0.003 -9"><span class='ocrx_word' id='word_1_380' title='bbox 1094 1139 1146 1168; x_wconf 86' lang='lat' dir='ltr'>lis:</span> <span class='ocrx_word' id='word_1_381' title='bbox 1168 1155 1207 1161; x_wconf 84' lang='lat'>-—</span> <span class='ocrx_word' id='word_1_382' title='bbox 1230 1140 1255 1168; x_wconf 86' lang='lat'>7.</span> <span class='ocrx_word' id='word_1_383' title='bbox 1278 1139 1377 1169; x_wconf 83' lang='lat' dir='ltr'>Officia</span> <span class='ocrx_word' id='word_1_384' title='bbox 1398 1147 1499 1167; x_wconf 82' lang='lat' dir='ltr'>eorum</span> <span class='ocrx_word' id='word_1_385' title='bbox 1524 1139 1665 1177; x_wconf 90' lang='lat' dir='ltr'>quamdiu</span> <span class='ocrx_word' id='word_1_386' title='bbox 1688 1139 1804 1167; x_wconf 85' lang='lat' dir='ltr'>durent.</span> 
     </span>
     <span class='ocr_line' id='line_1_83' title="bbox 1092 1182 1804 1221; baseline -0.003 -9"><span class='ocrx_word' id='word_1_387' title='bbox 1092 1199 1130 1204; x_wconf 95' lang='lat'><strong>—</strong></span> <span class='ocrx_word' id='word_1_388' title='bbox 1146 1183 1172 1212; x_wconf 85' lang='lat'>8.</span> <span class='ocrx_word' id='word_1_389' title='bbox 1191 1183 1297 1212; x_wconf 83' lang='lat' dir='ltr'>Rector</span> <span class='ocrx_word' id='word_1_390' title='bbox 1318 1183 1466 1220; x_wconf 80' lang='lat' dir='ltr'>generalis</span> <span class='ocrx_word' id='word_1_391' title='bbox 1486 1183 1590 1212; x_wconf 86' lang='lat' dir='ltr'>iterato</span> <span class='ocrx_word' id='word_1_392' title='bbox 1606 1183 1673 1220; x_wconf 75' lang='lat' dir='ltr'>eligi</span> <span class='ocrx_word' id='word_1_393' title='bbox 1694 1182 1804 1221; x_wconf 86' lang='lat' dir='ltr'>nequit:</span> 
     </span>
     <span class='ocr_line' id='line_1_84' title="bbox 1092 1226 1806 1265; baseline -0.001 -9"><span class='ocrx_word' id='word_1_394' title='bbox 1092 1243 1131 1248; x_wconf 91' lang='lat'>—</span> <span class='ocrx_word' id='word_1_395' title='bbox 1152 1228 1180 1256; x_wconf 75' lang='lat'>9.</span> <span class='ocrx_word' id='word_1_396' title='bbox 1204 1226 1315 1256; x_wconf 86' lang='lat' dir='ltr'>Caeteri</span> <span class='ocrx_word' id='word_1_397' title='bbox 1339 1232 1435 1256; x_wconf 88' lang='lat' dir='ltr'>autem</span> <span class='ocrx_word' id='word_1_398' title='bbox 1461 1227 1582 1265; x_wconf 86' lang='lat' dir='ltr'>praelati</span> <span class='ocrx_word' id='word_1_399' title='bbox 1607 1231 1740 1265; x_wconf 87' lang='lat' dir='ltr'>possunt.</span> <span class='ocrx_word' id='word_1_400' title='bbox 1767 1242 1806 1247; x_wconf 97' lang='lat'><strong>—</strong></span> 
     </span>
     <span class='ocr_line' id='line_1_85' title="bbox 1094 1271 1806 1308; baseline -0.001 -9"><span class='ocrx_word' id='word_1_401' title='bbox 1094 1271 1139 1300; x_wconf 85' lang='lat' dir='ltr'>to.</span> <span class='ocrx_word' id='word_1_402' title='bbox 1173 1271 1336 1300; x_wconf 85' lang='lat' dir='ltr'>Vacatiouis</span> <span class='ocrx_word' id='word_1_403' title='bbox 1361 1275 1490 1308; x_wconf 85' lang='lat' dir='ltr'>tempore</span> <span class='ocrx_word' id='word_1_404' title='bbox 1519 1271 1612 1300; x_wconf 84' lang='lat' dir='ltr'>officia</span> <span class='ocrx_word' id='word_1_405' title='bbox 1641 1279 1690 1308; x_wconf 87' lang='lat' dir='ltr'>per</span> <span class='ocrx_word' id='word_1_406' title='bbox 1726 1271 1806 1299; x_wconf 92' lang='lat' dir='ltr'>vica-</span> 
     </span>
    </p>
   </div>
   <div class='ocr_carea' id='block_1_12' title="bbox 1092 1313 1805 1573">
    <p class='ocr_par' dir='ltr' id='par_1_18' title="bbox 1092 1313 1805 1573">
     <span class='ocr_line' id='line_1_86' title="bbox 1092 1313 1803 1344; baseline -0.001 -1"><span class='ocrx_word' id='word_1_407' title='bbox 1092 1315 1151 1344; x_wconf 86' lang='lat' dir='ltr'>rios</span> <span class='ocrx_word' id='word_1_408' title='bbox 1181 1320 1250 1344; x_wconf 90' lang='lat' dir='ltr'>sunt</span> <span class='ocrx_word' id='word_1_409' title='bbox 1282 1315 1452 1344; x_wconf 80' lang='lat' dir='ltr'>exercenda.</span> <span class='ocrx_word' id='word_1_410' title='bbox 1489 1332 1520 1334; x_wconf 96' lang='lat'><strong>—</strong></span> <span class='ocrx_word' id='word_1_411' title='bbox 1554 1315 1598 1343; x_wconf 88' lang='grc'>11.</span> <span class='ocrx_word' id='word_1_412' title='bbox 1635 1313 1672 1343; x_wconf 87' lang='lat' dir='ltr'>De</span> <span class='ocrx_word' id='word_1_413' title='bbox 1705 1319 1803 1343; x_wconf 87' lang='lat' dir='ltr'>trans-</span> 
     </span>
     <span class='ocr_line' id='line_1_87' title="bbox 1093 1356 1802 1388; baseline 0 -1"><span class='ocrx_word' id='word_1_414' title='bbox 1093 1358 1199 1388; x_wconf 87' lang='lat' dir='ltr'>latione</span> <span class='ocrx_word' id='word_1_415' title='bbox 1235 1360 1456 1388; x_wconf 71' lang='lat' dir='ltr'>canonicorum.</span> <span class='ocrx_word' id='word_1_416' title='bbox 1486 1375 1521 1379; x_wconf 94' lang='lat'><strong>—</strong></span> <span class='ocrx_word' id='word_1_417' title='bbox 1560 1358 1602 1387; x_wconf 65' lang='grc'>12.</span> <span class='ocrx_word' id='word_1_418' title='bbox 1630 1356 1802 1387; x_wconf 77' lang='lat' dir='ltr'>Obeilientia</span> 
     </span>
     <span class='ocr_line' id='line_1_88' title="bbox 1092 1402 1803 1441; baseline -0.001 -9"><span class='ocrx_word' id='word_1_419' title='bbox 1092 1403 1202 1441; x_wconf 85' lang='lat' dir='ltr'>quibus</span> <span class='ocrx_word' id='word_1_420' title='bbox 1225 1409 1253 1432; x_wconf 91' lang='lat' dir='ltr'>et</span> <span class='ocrx_word' id='word_1_421' title='bbox 1275 1413 1332 1441; x_wconf 93' lang='lat' dir='ltr'>quo</span> <span class='ocrx_word' id='word_1_422' title='bbox 1359 1403 1461 1431; x_wconf 87' lang='lat' dir='ltr'>ordine</span> <span class='ocrx_word' id='word_1_423' title='bbox 1489 1402 1673 1441; x_wconf 84' lang='lat' dir='ltr'>praestanda.</span> <span class='ocrx_word' id='word_1_424' title='bbox 1698 1419 1736 1423; x_wconf 90' lang='lat'>—</span> <span class='ocrx_word' id='word_1_425' title='bbox 1759 1403 1803 1431; x_wconf 82' lang='lat'>13.</span> 
     </span>
     <span class='ocr_line' id='line_1_89' title="bbox 1092 1445 1805 1485; baseline -0.003 -9"><span class='ocrx_word' id='word_1_426' title='bbox 1092 1446 1230 1476; x_wconf 87' lang='lat' dir='ltr'>Facultas</span> <span class='ocrx_word' id='word_1_427' title='bbox 1247 1446 1411 1485; x_wconf 83' lang='lat' dir='ltr'>accipiendi</span> <span class='ocrx_word' id='word_1_428' title='bbox 1429 1447 1616 1475; x_wconf 85' lang='lat' dir='ltr'>monasteria.</span> <span class='ocrx_word' id='word_1_429' title='bbox 1636 1463 1674 1467; x_wconf 98' lang='lat'><strong>—</strong></span> <span class='ocrx_word' id='word_1_430' title='bbox 1691 1445 1805 1475; x_wconf 50' lang='grc'>1413)(-</span> 
     </span>
     <span class='ocr_line' id='line_1_90' title="bbox 1093 1489 1805 1529; baseline -0.001 -10"><span class='ocrx_word' id='word_1_431' title='bbox 1093 1492 1186 1521; x_wconf 87' lang='lat' dir='ltr'>tensio</span> <span class='ocrx_word' id='word_1_432' title='bbox 1206 1491 1438 1529; x_wconf 77' lang='lat' dir='ltr'>privilegiorum.</span> <span class='ocrx_word' id='word_1_433' title='bbox 1460 1507 1499 1511; x_wconf 97' lang='lat'><strong>—</strong></span> <span class='ocrx_word' id='word_1_434' title='bbox 1515 1490 1560 1518; x_wconf 79' lang='lat'>15.</span> <span class='ocrx_word' id='word_1_435' title='bbox 1579 1489 1737 1519; x_wconf 83' lang='lat' dir='ltr'>Clausulae</span> <span class='ocrx_word' id='word_1_436' title='bbox 1753 1491 1805 1519; x_wconf 87' lang='lat' dir='ltr'>de-</span> 
     </span>
     <span class='ocr_line' id='line_1_91' title="bbox 1092 1537 1266 1573; baseline 0.006 -9"><span class='ocrx_word' id='word_1_437' title='bbox 1092 1537 1266 1573; x_wconf 80' lang='lat' dir='ltr'>rogatoriae.</span> 
     </span>
    </p>
   </div>
   <div class='ocr_carea' id='block_1_13' title="bbox 1081 1602 1775 1687">
    <p class='ocr_par' dir='ltr' id='par_1_19' title="bbox 1081 1602 1775 1687">
     <span class='ocr_line' id='line_1_92' title="bbox 1081 1602 1775 1639; baseline -0.001 -8"><span class='ocrx_word' id='word_1_438' title='bbox 1081 1603 1217 1631; x_wconf 81' lang='lat' dir='ltr'>Martinus</span> <span class='ocrx_word' id='word_1_439' title='bbox 1247 1602 1389 1639; x_wconf 78' lang='lat' dir='ltr'>episcopus</span> <span class='ocrx_word' id='word_1_440' title='bbox 1420 1609 1515 1631; x_wconf 82' lang='lat' dir='ltr'>servus</span> <span class='ocrx_word' id='word_1_441' title='bbox 1550 1609 1689 1631; x_wconf 82' lang='lat' dir='ltr'>servorum</span> <span class='ocrx_word' id='word_1_442' title='bbox 1719 1602 1775 1635; x_wconf 79' lang='lat' dir='ltr'>Dei.</span> 
     </span>
     <span class='ocr_line' id='line_1_93' title="bbox 1200 1652 1654 1687; baseline -0.002 -7"><span class='ocrx_word' id='word_1_443' title='bbox 1200 1653 1233 1680; x_wconf 81' lang='lat' dir='ltr'>ad</span> <span class='ocrx_word' id='word_1_444' title='bbox 1248 1653 1408 1687; x_wconf 81' lang='lat' dir='ltr'>perpetuam</span> <span class='ocrx_word' id='word_1_445' title='bbox 1428 1652 1469 1680; x_wconf 81' lang='lat' dir='ltr'>rei</span> <span class='ocrx_word' id='word_1_446' title='bbox 1486 1652 1654 1680; x_wconf 78' lang='lat' dir='ltr'>memoriam.</span> 
     </span>
    </p>
   </div>
   <div class='ocr_carea' id='block_1_14' title="bbox 1049 1710 1804 2636">
    <p class='ocr_par' dir='ltr' id='par_1_20' title="bbox 1050 1710 1804 2340">
     <span class='ocr_line' id='line_1_94' title="bbox 1102 1710 1801 1758; baseline 0.001 -14"><span class='ocrx_word' id='word_1_447' title='bbox 1102 1710 1321 1745; x_wconf 87' lang='lat' dir='ltr'>Solicitudiuis</span> <span class='ocrx_word' id='word_1_448' title='bbox 1349 1711 1512 1758; x_wconf 88' lang='lat' dir='ltr'>pastoralis</span> <span class='ocrx_word' id='word_1_449' title='bbox 1544 1710 1695 1755; x_wconf 74' lang='lat' dir='ltr'>officium,</span> <span class='ocrx_word' id='word_1_450' title='bbox 1718 1710 1801 1757; x_wconf 92' lang='lat' dir='ltr'>quod</span> 
     </span>
     <span class='ocr_line' id='line_1_95' title="bbox 1052 1760 1802 1807; baseline 0 -13"><span class='ocrx_word' id='word_1_451' title='bbox 1052 1773 1146 1807; x_wconf 88' lang='lat' dir='ltr'>super</span> <span class='ocrx_word' id='word_1_452' title='bbox 1158 1772 1269 1795; x_wconf 89' lang='lat' dir='ltr'>omues</span> <span class='ocrx_word' id='word_1_453' title='bbox 1284 1760 1369 1795; x_wconf 87' lang='lat' dir='ltr'>orbis</span> <span class='ocrx_word' id='word_1_454' title='bbox 1384 1760 1541 1795; x_wconf 84' lang='lat' dir='ltr'>Ecclesias</span> <span class='ocrx_word' id='word_1_455' title='bbox 1557 1769 1587 1795; x_wconf 89' lang='lat' dir='ltr'>et</span> <span class='ocrx_word' id='word_1_456' title='bbox 1603 1761 1802 1805; x_wconf 83' lang='lat' dir='ltr'>monasteria,</span> 
     </span>
     <span class='ocr_line' id='line_1_96' title="bbox 1052 1810 1803 1857; baseline 0.001 -14"><span class='ocrx_word' id='word_1_457' title='bbox 1052 1810 1287 1857; x_wconf 79' lang='lat' dir='ltr'>dispensatione</span> <span class='ocrx_word' id='word_1_458' title='bbox 1309 1810 1424 1850; x_wconf 73' lang='lat' dir='ltr'>divina,</span> <span class='ocrx_word' id='word_1_459' title='bbox 1448 1810 1519 1843; x_wconf 72' lang='lat' dir='ltr'>licet</span> <span class='ocrx_word' id='word_1_460' title='bbox 1543 1810 1705 1853; x_wconf 84' lang='lat' dir='ltr'>immeriti,·</span> <span class='ocrx_word' id='word_1_461' title='bbox 1725 1811 1803 1856; x_wconf 85' lang='lat' dir='ltr'>geri-</span> 
     </span>
     <span class='ocr_line' id='line_1_97' title="bbox 1053 1860 1802 1907; baseline 0.003 -15"><span class='ocrx_word' id='word_1_462' title='bbox 1053 1872 1122 1894; x_wconf 89' lang='lat' dir='ltr'>mus</span> <span class='ocrx_word' id='word_1_463' title='bbox 1138 1887 1147 1903; x_wconf 78' lang='lat'>,</span> <span class='ocrx_word' id='word_1_464' title='bbox 1172 1860 1275 1907; x_wconf 89' lang='lat' dir='ltr'>pulsat</span> <span class='ocrx_word' id='word_1_465' title='bbox 1297 1869 1325 1893; x_wconf 87' lang='lat' dir='ltr'>et</span> <span class='ocrx_word' id='word_1_466' title='bbox 1348 1861 1461 1894; x_wconf 77' lang='lat' dir='ltr'>excitat</span> <span class='ocrx_word' id='word_1_467' title='bbox 1484 1868 1622 1894; x_wconf 81' lang='lat' dir='ltr'>mentem</span> <span class='ocrx_word' id='word_1_468' title='bbox 1653 1869 1802 1901; x_wconf 75' lang='lat' dir='ltr'>nostram,</span> 
     </span>
     <span class='ocr_line' id='line_1_98' title="bbox 1053 1909 1804 1957; baseline 0 -14"><span class='ocrx_word' id='word_1_469' title='bbox 1053 1919 1082 1943; x_wconf 89' lang='lat' dir='ltr'>ut</span> <span class='ocrx_word' id='word_1_470' title='bbox 1105 1918 1292 1943; x_wconf 89' lang='lat' dir='ltr'>cunctorum</span> <span class='ocrx_word' id='word_1_471' title='bbox 1318 1909 1455 1952; x_wconf 84' lang='lat' dir='ltr'>lidelium</span> <span class='ocrx_word' id='word_1_472' title='bbox 1479 1918 1507 1943; x_wconf 89' lang='lat' dir='ltr'>et</span> <span class='ocrx_word' id='word_1_473' title='bbox 1536 1910 1717 1956; x_wconf 87' lang='lat' dir='ltr'>praesertim</span> <span class='ocrx_word' id='word_1_474' title='bbox 1738 1922 1804 1957; x_wconf 89' lang='lat' dir='ltr'>per-</span> 
     </span>
     <span class='ocr_line' id='line_1_99' title="bbox 1051 1959 1803 2005; baseline 0 -12"><span class='ocrx_word' id='word_1_475' title='bbox 1051 1971 1197 1993; x_wconf 86' lang='lat' dir='ltr'>sonarum</span> <span class='ocrx_word' id='word_1_476' title='bbox 1224 1959 1425 2005; x_wconf 81' lang='lat' dir='ltr'>regularium,</span> <span class='ocrx_word' id='word_1_477' title='bbox 1440 1972 1532 2005; x_wconf 75' lang='lat' dir='ltr'>quae,</span> <span class='ocrx_word' id='word_1_478' title='bbox 1555 1959 1723 1993; x_wconf 88' lang='lat' dir='ltr'>mundanis</span> <span class='ocrx_word' id='word_1_479' title='bbox 1748 1971 1803 1993; x_wconf 89' lang='lat' dir='ltr'>re—</span> 
     </span>
     <span class='ocr_line' id='line_1_100' title="bbox 1052 2008 1803 2054; baseline 0 -12"><span class='ocrx_word' id='word_1_480' title='bbox 1052 2009 1163 2054; x_wconf 76' lang='lat' dir='ltr'>legatis</span> <span class='ocrx_word' id='word_1_481' title='bbox 1190 2008 1357 2048; x_wconf 82' lang='lat' dir='ltr'>illecebris,</span> <span class='ocrx_word' id='word_1_482' title='bbox 1381 2008 1439 2042; x_wconf 91' lang='lat' dir='ltr'>sub</span> <span class='ocrx_word' id='word_1_483' title='bbox 1466 2009 1607 2042; x_wconf 77' lang='lat' dir='ltr'>arctioris</span> <span class='ocrx_word' id='word_1_484' title='bbox 1640 2009 1718 2042; x_wconf 90' lang='lat' dir='ltr'>vitae</span> <span class='ocrx_word' id='word_1_485' title='bbox 1742 2008 1803 2042; x_wconf 49' lang='lat' dir='ltr'>ob‘</span> 
     </span>
     <span class='ocr_line' id='line_1_101' title="bbox 1051 2057 1803 2105; baseline 0 -14"><span class='ocrx_word' id='word_1_486' title='bbox 1051 2059 1219 2101; x_wconf 76' lang='lat' dir='ltr'>servantia,</span> <span class='ocrx_word' id='word_1_487' title='bbox 1235 2071 1267 2092; x_wconf 89' lang='lat' dir='ltr'>se</span> <span class='ocrx_word' id='word_1_488' title='bbox 1306 2067 1457 2105; x_wconf 83' lang='lat' dir='ltr'>perpetuo</span> <span class='ocrx_word' id='word_1_489' title='bbox 1493 2058 1607 2092; x_wconf 88' lang='lat' dir='ltr'>divinis</span> <span class='ocrx_word' id='word_1_490' title='bbox 1641 2057 1803 2105; x_wconf 89' lang='lat' dir='ltr'>obsequiis</span> 
     </span>
     <span class='ocr_line' id='line_1_102' title="bbox 1052 2107 1802 2162; baseline 0 -21"><span class='ocrx_word' id='word_1_491' title='bbox 1052 2107 1280 2162; x_wconf 64' lang='lat' dir='ltr'>manciparunt,</span> <span class='ocrx_word' id='word_1_492' title='bbox 1314 2107 1490 2141; x_wconf 58' lang='lat' dir='ltr'>commodis</span> <span class='ocrx_word' id='word_1_493' title='bbox 1521 2108 1742 2146; x_wconf 83' lang='lat' dir='ltr'>intendamus;</span> <span class='ocrx_word' id='word_1_494' title='bbox 1768 2120 1802 2141; x_wconf 89' lang='lat' dir='ltr'>ac</span> 
     </span>
     <span class='ocr_line' id='line_1_103' title="bbox 1052 2157 1802 2204; baseline 0.001 -14"><span class='ocrx_word' id='word_1_495' title='bbox 1052 2170 1080 2190; x_wconf 89' lang='lat' dir='ltr'>in</span> <span class='ocrx_word' id='word_1_496' title='bbox 1102 2157 1149 2191; x_wconf 90' lang='lat' dir='ltr'>bis</span> <span class='ocrx_word' id='word_1_497' title='bbox 1165 2184 1173 2200; x_wconf 77' lang='lat'>‚</span> <span class='ocrx_word' id='word_1_498' title='bbox 1196 2169 1275 2204; x_wconf 87' lang='lat' dir='ltr'>quae</span> <span class='ocrx_word' id='word_1_499' title='bbox 1298 2157 1394 2191; x_wconf 75' lang='lat' dir='ltr'>divini</span> <span class='ocrx_word' id='word_1_500' title='bbox 1424 2158 1529 2191; x_wconf 89' lang='lat' dir='ltr'>cultus</span> <span class='ocrx_word' id='word_1_501' title='bbox 1574 2167 1605 2191; x_wconf 81' lang='lat' dir='ltr'>et</span> <span class='ocrx_word' id='word_1_502' title='bbox 1639 2157 1802 2202; x_wconf 80' lang='lat' dir='ltr'>religionis</span> 
     </span>
     <span class='ocr_line' id='line_1_104' title="bbox 1050 2206 1801 2252; baseline 0 -13"><span class='ocrx_word' id='word_1_503' title='bbox 1050 2215 1269 2252; x_wconf 73' lang='lat' dir='ltr'>augmentum,</span> <span class='ocrx_word' id='word_1_504' title='bbox 1291 2219 1326 2241; x_wconf 89' lang='lat' dir='ltr'>ac</span> <span class='ocrx_word' id='word_1_505' title='bbox 1354 2207 1528 2240; x_wconf 88' lang='lat' dir='ltr'>animarum</span> <span class='ocrx_word' id='word_1_506' title='bbox 1557 2206 1690 2240; x_wconf 84' lang='lat' dir='ltr'>salutem</span> <span class='ocrx_word' id='word_1_507' title='bbox 1720 2218 1801 2240; x_wconf 90' lang='lat' dir='ltr'>con—</span> 
     </span>
     <span class='ocr_line' id='line_1_105' title="bbox 1050 2255 1801 2303; baseline 0.001 -14"><span class='ocrx_word' id='word_1_508' title='bbox 1050 2265 1194 2295; x_wconf 68' lang='lat' dir='ltr'>cernunt,</span> <span class='ocrx_word' id='word_1_509' title='bbox 1217 2268 1271 2290; x_wconf 89' lang='lat' dir='ltr'>eos</span> <span class='ocrx_word' id='word_1_510' title='bbox 1299 2256 1461 2303; x_wconf 88' lang='lat' dir='ltr'>apostolici</span> <span class='ocrx_word' id='word_1_511' title='bbox 1498 2255 1609 2289; x_wconf 84' lang='lat' dir='ltr'>favoris</span> <span class='ocrx_word' id='word_1_512' title='bbox 1644 2255 1801 2302; x_wconf 86' lang='lat' dir='ltr'>praesidio</span> 
     </span>
     <span class='ocr_line' id='line_1_106' title="bbox 1052 2305 1222 2340; baseline 0.012 -2"><span class='ocrx_word' id='word_1_513' title='bbox 1052 2305 1222 2340; x_wconf 74' lang='lat' dir='ltr'>foveamus.</span> 
     </span>
    </p>

    <p class='ocr_par' dir='ltr' id='par_1_21' title="bbox 1052 2354 1800 2448">
     <span class='ocr_line' id='line_1_107' title="bbox 1098 2354 1800 2402; baseline -0.001 -13"><span class='ocrx_word' id='word_1_514' title='bbox 1098 2356 1118 2402; x_wconf 64' lang='grc' dir='ltr'>ξ</span> <span class='ocrx_word' id='word_1_515' title='bbox 1147 2360 1176 2389; x_wconf 78' lang='lat' dir='ltr'>l.</span> <span class='ocrx_word' id='word_1_516' title='bbox 1206 2355 1288 2389; x_wconf 83' lang='lat' dir='ltr'>Hine</span> <span class='ocrx_word' id='word_1_517' title='bbox 1320 2364 1378 2395; x_wconf 81' lang='lat' dir='ltr'>est,</span> <span class='ocrx_word' id='word_1_518' title='bbox 1406 2355 1489 2402; x_wconf 89' lang='lat' dir='ltr'>quod</span> <span class='ocrx_word' id='word_1_519' title='bbox 1522 2367 1578 2388; x_wconf 88' lang='lat' dir='ltr'>nos</span> <span class='ocrx_word' id='word_1_520' title='bbox 1605 2354 1735 2389; x_wconf 90' lang='lat' dir='ltr'>dilectos</span> <span class='ocrx_word' id='word_1_521' title='bbox 1763 2355 1800 2388; x_wconf 83' lang='lat' dir='ltr'>fi-</span> 
     </span>
     <span class='ocr_line' id='line_1_108' title="bbox 1049 2404 1797 2488; baseline 0 -50"><span class='ocrx_word' id='word_1_522' title='bbox 1049 2405 1108 2488; x_wconf 78' lang='lat' dir='ltr'>lSios</span> <span class='ocrx_word' id='word_1_523' title='bbox 1123 2405 1156 2439; x_wconf 87' lang='lat' dir='ltr'>S.</span> <span class='ocrx_word' id='word_1_524' title='bbox 1173 2405 1286 2439; x_wconf 82' lang='lat' dir='ltr'>Mariae</span> <span class='ocrx_word' id='word_1_525' title='bbox 1302 2405 1340 2439; x_wconf 82' lang='lat' dir='ltr'>de</span> <span class='ocrx_word' id='word_1_526' title='bbox 1357 2404 1553 2444; x_wconf 82' lang='lat' dir='ltr'>Faxiouaria,</span> <span class='ocrx_word' id='word_1_527' title='bbox 1576 2404 1608 2438; x_wconf 85' lang='lat' dir='ltr'>S.</span> <span class='ocrx_word' id='word_1_528' title='bbox 1630 2404 1797 2448; x_wconf 81' lang='lat' dir='ltr'>Leonardi,</span> 
     </span>
    </p>

    <p class='ocr_par' dir='ltr' id='par_1_22' title="bbox 1049 2454 1799 2489">
     <span class='ocr_line' id='line_1_109' title="bbox 1049 2454 1799 2489; baseline 0.001 -2.039"><span class='ocrx_word' id='word_1_529' title='bbox 1049 2456 1082 2488; x_wconf 61' lang='lat' dir='ltr'>b.</span> <span class='ocrx_word' id='word_1_530' title='bbox 1111 2454 1236 2489; x_wconf 87' lang='lat' dir='ltr'>Ioannis</span> <span class='ocrx_word' id='word_1_531' title='bbox 1257 2455 1296 2488; x_wconf 91' lang='lat' dir='ltr'>de</span> <span class='ocrx_word' id='word_1_532' title='bbox 1318 2455 1424 2488; x_wconf 83' lang='lat' dir='ltr'>Monte</span> <span class='ocrx_word' id='word_1_533' title='bbox 1446 2454 1638 2488; x_wconf 88' lang='lat' dir='ltr'>Bononiensi</span> <span class='ocrx_word' id='word_1_534' title='bbox 1661 2462 1692 2488; x_wconf 92' lang='lat' dir='ltr'>et</span> <span class='ocrx_word' id='word_1_535' title='bbox 1718 2454 1799 2488; x_wconf 76' lang='lat' dir='ltr'>San-</span> 
     </span>
    </p>

    <p class='ocr_par' dir='ltr' id='par_1_23' title="bbox 1050 2515 1799 2636">
     <span class='ocr_line' id='line_1_110' title="bbox 1085 2515 1799 2555; baseline -0.001 -8"><span class='ocrx_word' id='word_1_536' title='bbox 1085 2520 1124 2555; x_wconf 86' lang='lat' dir='ltr'>(l)</span> <span class='ocrx_word' id='word_1_537' title='bbox 1136 2521 1186 2547; x_wconf 86' lang='lat' dir='ltr'>lsta</span> <span class='ocrx_word' id='word_1_538' title='bbox 1198 2521 1365 2555; x_wconf 66' lang='lat' dir='ltr'>congregatio</span> <span class='ocrx_word' id='word_1_539' title='bbox 1383 2515 1596 2547; x_wconf 85' lang='lat' dir='ltr'>Lateranensium</span> <span class='ocrx_word' id='word_1_540' title='bbox 1606 2520 1799 2547; x_wconf 85' lang='lat' dir='ltr'>Canonicorum</span> 
     </span>
     <span class='ocr_line' id='line_1_111' title="bbox 1051 2561 1799 2595; baseline 0.001 -10"><span class='ocrx_word' id='word_1_541' title='bbox 1051 2564 1218 2595; x_wconf 81' lang='lat' dir='ltr'>nuncupatur</span> <span class='ocrx_word' id='word_1_542' title='bbox 1239 2561 1303 2587; x_wconf 82' lang='lat' dir='ltr'>forte</span> <span class='ocrx_word' id='word_1_543' title='bbox 1319 2562 1379 2595; x_wconf 83' lang='lat' dir='ltr'>quia</span> <span class='ocrx_word' id='word_1_544' title='bbox 1396 2562 1433 2587; x_wconf 77' lang='lat' dir='ltr'>eis</span> <span class='ocrx_word' id='word_1_545' title='bbox 1446 2561 1584 2587; x_wconf 74' lang='lat' dir='ltr'>Ecclesiam</span> <span class='ocrx_word' id='word_1_546' title='bbox 1598 2561 1799 2587; x_wconf 84' lang='lat' dir='ltr'>Lateranensem</span> 
     </span>
     <span class='ocr_line' id='line_1_112' title="bbox 1050 2601 1798 2636; baseline 0 -10"><span class='ocrx_word' id='word_1_547' title='bbox 1050 2601 1283 2627; x_wconf 79' lang='lat' dir='ltr'>administrandam</span> <span class='ocrx_word' id='word_1_548' title='bbox 1295 2601 1465 2626; x_wconf 76' lang='lat' dir='ltr'>demandavit</span> <span class='ocrx_word' id='word_1_549' title='bbox 1478 2601 1606 2627; x_wconf 72' lang='lat' dir='ltr'>Pasclialis</span> <span class='ocrx_word' id='word_1_550' title='bbox 1620 2601 1651 2632; x_wconf 86' lang='lat' dir='ltr'>ll,</span> <span class='ocrx_word' id='word_1_551' title='bbox 1665 2605 1743 2636; x_wconf 85' lang='lat' dir='ltr'>prout</span> <span class='ocrx_word' id='word_1_552' title='bbox 1756 2601 1798 2626; x_wconf 93' lang='lat' dir='ltr'>vi-</span> 
     </span>
    </p>
   </div>
   <div class='ocr_carea' id='block_1_15' title="bbox 1050 2641 1799 2676">
    <p class='ocr_par' dir='ltr' id='par_1_24' title="bbox 1050 2641 1799 2676">
     <span class='ocr_line' id='line_1_113' title="bbox 1050 2641 1799 2676; baseline 0.003 -10"><span class='ocrx_word' id='word_1_553' title='bbox 1050 2641 1112 2667; x_wconf 85' lang='lat' dir='ltr'>dere</span> <span class='ocrx_word' id='word_1_554' title='bbox 1128 2645 1166 2668; x_wconf 84' lang='lat' dir='ltr'>est</span> <span class='ocrx_word' id='word_1_555' title='bbox 1184 2642 1207 2667; x_wconf 91' lang='lat' dir='ltr'>in</span> <span class='ocrx_word' id='word_1_556' title='bbox 1228 2642 1283 2667; x_wconf 86' lang='lat' dir='ltr'>eius</span> <span class='ocrx_word' id='word_1_557' title='bbox 1302 2642 1452 2673; x_wconf 62' lang='lat' dir='ltr'>constitut„</span> <span class='ocrx_word' id='word_1_558' title='bbox 1474 2649 1541 2675; x_wconf 85' lang='lat' dir='ltr'>quae</span> <span class='ocrx_word' id='word_1_559' title='bbox 1563 2642 1668 2676; x_wconf 84' lang='lat' dir='ltr'>incipit:</span> <span class='ocrx_word' id='word_1_560' title='bbox 1695 2642 1799 2675; x_wconf 81' lang='lat' dir='ltr'>Quanto</span> 
     </span>
    </p>
   </div>
   <div class='ocr_carea' id='block_1_16' title="bbox 1050 2682 1345 2717">
    <p class='ocr_par' dir='ltr' id='par_1_25' title="bbox 1050 2682 1345 2717">
     <span class='ocr_line' id='line_1_114' title="bbox 1050 2682 1345 2717; baseline 0.007 -11"><span class='ocrx_word' id='word_1_561' title='bbox 1050 2682 1126 2716; x_wconf 80' lang='lat' dir='ltr'>(tom.</span> <span class='ocrx_word' id='word_1_562' title='bbox 1145 2689 1174 2714; x_wconf 87' lang='grc' dir='ltr'>ιι,</span> <span class='ocrx_word' id='word_1_563' title='bbox 1196 2689 1254 2716; x_wconf 69' lang='lat' dir='ltr'>pag.</span> <span class='ocrx_word' id='word_1_564' title='bbox 1272 2682 1345 2717; x_wconf 63' lang='lat'>2716).</span> 
     </span>
    </p>
   </div>
   <div class='ocr_carea' id='block_1_17' title="bbox 1819 287 1996 314">
    <p class='ocr_par' dir='ltr' id='par_1_26' title="bbox 1819 287 1996 314">
     <span class='ocr_line' id='line_1_115' title="bbox 1819 287 1996 314; baseline -0.006 -1"><span class='ocrx_word' id='word_1_565' title='bbox 1819 287 1868 314; x_wconf 74' lang='lat' dir='ltr'>An.</span> <span class='ocrx_word' id='word_1_566' title='bbox 1885 287 1915 314; x_wconf 91' lang='lat' dir='ltr'>C.</span> <span class='ocrx_word' id='word_1_567' title='bbox 1936 287 1996 313; x_wconf 77' lang='lat' dir='ltr'>¹¹th</span> 
     </span>
    </p>
   </div>
   <div class='ocr_carea' id='block_1_18' title="bbox 1847 1719 1966 1740">
    <p class='ocr_par' dir='ltr' id='par_1_27' title="bbox 1847 1719 1966 1740">
     <span class='ocr_line' id='line_1_116' title="bbox 1847 1719 1966 1740; baseline -0.008 0"><span class='ocrx_word' id='word_1_568' title='bbox 1847 1719 1966 1740; x_wconf 75' lang='lat' dir='ltr'>Exordium.</span> 
     </span>
    </p>
   </div>
   <div class='ocr_carea' id='block_1_19' title="bbox 1812 2366 1998 2449">
    <p class='ocr_par' dir='ltr' id='par_1_28' title="bbox 1812 2366 1998 2449">
     <span class='ocr_line' id='line_1_117' title="bbox 1819 2366 1998 2387; baseline -0.006 0"><span class='ocrx_word' id='word_1_569' title='bbox 1819 2366 1953 2387; x_wconf 66' lang='lat' dir='ltr'>Enumeratio</span> <span class='ocrx_word' id='word_1_570' title='bbox 1963 2368 1998 2386; x_wconf 70' lang='lat' dir='ltr'>slo-</span> 
     </span>
     <span class='ocr_line' id='line_1_118' title="bbox 1813 2403 1997 2423; baseline 0 -6"><span class='ocrx_word' id='word_1_571' title='bbox 1813 2403 1891 2418; x_wconf 85' lang='lat' dir='ltr'>moi-um</span> <span class='ocrx_word' id='word_1_572' title='bbox 1906 2404 1955 2423; x_wconf 58' lang='lat' dir='ltr'>quas</span> <span class='ocrx_word' id='word_1_573' title='bbox 1973 2405 1997 2417; x_wconf 89' lang='lat' dir='ltr'>u-</span> 
     </span>
     <span class='ocr_line' id='line_1_119' title="bbox 1812 2428 1962 2449; baseline -0.007 0"><span class='ocrx_word' id='word_1_574' title='bbox 1812 2430 1843 2449; x_wconf 84' lang='lat' dir='ltr'>nit</span> <span class='ocrx_word' id='word_1_575' title='bbox 1858 2428 1962 2449; x_wconf 67' lang='lat' dir='ltr'>Pontifex.</span> 
     </span>
    </p>
   </div>
  </div>
 </body>
</html>
