2274 3265
242 286 292 312 An.
311 285 422 312 &¹272
488 275 533 307 16
1019 280 1205 303 annuarum
1233 278 1393 302 ROMANUM
1985 277 2033 303 An.
2059 277 2087 303 C.
2105 277 2170 302 ¹275

254 350 421 377 Quibuscumque
440 338 609 386 privilegiis
642 349 696 371 seu
735 335 888 375 indultis,
928 335 1182 382 quibuscumque
1575 331 1624 365 lV.

242 414 359 433 somnne
374 418 423 438 pm*
440 393 590 439 personiS‚
609 391 710 425 ordini
728 390 773 424 vel

241 446 297 470 cipit·

253 1256 276 1277 Et
287 1259 369 1278 interim
377 1264 420 1284 qux

253 1287 407 1308 reformationis

240 1320 360 1338 necessaria
389 1320 421 1338 vi—

239 1350 320 1373 deutur⁷

241 1386 367 1407 praeparare
390 1383 421 1400 in-

257 1908 416 1929 causationum

244 1941 372 1966 praetextum
391 1944 425 1958 re-

243 1970 294 1990 tellit

242 382 423 402 ⁰⁰⁰⁰¹¹⁸¹⁴¹¹¹¹i¹m¹
796 390 949 437 dignitati,
972 401 1027 424 sen
1051 388 1183 434 collegio

438 447 495 481 snb
517 458 717 493 quacumque
746 444 910 479 verborum
939 444 1037 478 forma
1061 443 1106 477 vel
1135 455 1182 476 ex·

439 501 598 547 pressione
639 512 653 534 a
683 498 839 547 praedicta
872 498 955 533 Sede
999 498 1182 537 concessis,

438 566 491 600 per
517 566 596 602 quae
619 555 715 601 possit
741 554 871 588 effectus
891 551 1074 587 huiusmodi
1099 564 1181 585 man-

436 608 498 642 dati
534 608 631 643 nostri
674 607 910 655 quomodolibet
948 606 1090 653 impediri
1130 613 1182 639 ant

435 662 536 697 eidem
565 662 594 697 in
616 662 721 710 aliquo
744 662 898 709 derogari,
922 663 1003 697 circa
1031 673 1182 708 persona-

437 729 503 751 rum
531 725 560 752 et
589 717 784 751 evectionum
821 729 1000 755 numerum,
1037 715 1182 750 modera-

437 771 530 814 mine,
571 771 654 818 quod
699 771 773 804 alias
816 771 923 805 statuit
970 770 1181 804 Lateranense

436 825 616 864 concilium,
651 825 751 859 taliter
790 824 965 863 observato,
1000 832 1033 857 nt
1062 823 1180 857 nemini

436 879 525 913 liceat
551 878 626 912 illud
650 879 814 922 excedere,
836 878 890 912 sed
907 877 1066 917 omnibus,
1091 885 1180 923 prout

436 932 523 973 libet,
545 940 673 967 arctare.
702 932 815 966 Nullus
838 943 1025 978 pomposus,
1044 940 1096 964 aut
1120 931 1182 964 ina-

436 986 484 1019 nis
504 986 619 1031 gloriae
637 986 789 1033 quesitor,
812 984 865 1019 sed
882 984 1010 1030 quilibet
1029 984 1074 1017 sic
1092 995 1180 1017 verae

437 1039 617 1073 humilitatis
643 1039 743 1074 cultor
765 1046 924 1085 appareat,
953 1037 1036 1083 quod
1060 1045 1089 1070 et
1117 1036 1180 1070 Ec-

435 1092 545 1126 clesiae
567 1092 624 1126 sibi
652 1092 838 1127 commissae
870 1103 1066 1138 nequaquam
1097 1102 1181 1124 one—

435 1157 525 1179 rosus
546 1153 670 1179 existat.

482 1199 502 1246 S
528 1201 560 1233 6.
589 1199 716 1234 Interim
740 1212 868 1246 quoqne
892 1211 946 1246 per
968 1211 1025 1233 vos
1047 1206 1075 1233 et
1105 1198 1182 1233 alios

437 1253 603 1298 prudentes
631 1253 713 1288 viros
742 1253 843 1287 Deum
880 1253 1025 1287 timentes
1058 1260 1088 1286 et
1125 1252 1182 1286 ha—

437 1306 544 1340 bentes
571 1318 643 1353 prae
667 1307 764 1341 oculis
798 1307 914 1350 omnia,
954 1318 1035 1353 quae
1075 1318 1180 1340 corre-

435 1360 547 1394 ctionis
573 1369 601 1394 et
626 1360 852 1395 reformationis
868 1361 972 1395 limam
996 1369 1180 1407 exposcunt,

437 1413 629 1460 inquirentes
650 1415 816 1455 subtiliter,
839 1424 869 1449 et
890 1414 1126 1449 conscribentes
1144 1414 1181 1448 fi-

436 1467 557 1512 deliter,
580 1468 689 1502 eadem
709 1469 744 1502 ad
769 1469 867 1516 ipsius
890 1468 1015 1503 concilii
1040 1468 1180 1502 notitiam

435 1520 592 1555 deseratis.
621 1522 659 1556 Ei
683 1535 738 1556 nos
761 1522 966 1557 nibilominus
989 1522 1080 1556 variis
1113 1533 1182 1556 mo-

436 1576 484 1609 dis
517 1585 547 1609 et
573 1577 627 1610 viis
653 1577 750 1611 solers
784 1577 923 1611 studium
954 1585 984 1611 et
1023 1575 1180 1610 efficacem

436 1642 562 1676 operam
590 1629 663 1664 dare
691 1632 905 1678 proponimus,
930 1639 962 1665 ut
984 1631 1088 1665 omnia
1113 1630 1180 1664 talia

438 1684 466 1717 in
493 1695 623 1718 examen
651 1685 792 1719 eiusdem
816 1685 948 1719 deducta
970 1684 1094 1719 concilii
1117 1696 1183 1719 cor-

438 1738 606 1772 rectionem
635 1747 665 1773 et
691 1738 896 1774 directionem
941 1740 1091 1787 recipiant
1124 1751 1183 1786 op-

439 1801 615 1839 portunam.

487 1846 560 1893 37.
601 1846 713 1882 Nullus
752 1860 827 1893 ergo
858 1848 1089 1883 inobedientiae
1124 1861 1184 1883 no-

440 1908 513 1944 tam,
540 1908 571 1935 et
603 1902 772 1936 canonicae
807 1902 935 1936 ultionis
978 1903 1181 1937 acrimoniam

442 1954 534 1988 vitare
555 1954 747 1999 desiderans,
771 1955 925 1990 fallacium
947 1957 1182 1992 excusationum

441 2007 613 2042 velamento
628 2020 661 2042 se
684 2009 813 2052 muniat,
828 2009 873 2043 vel
890 2022 926 2043 ex
950 2010 1185 2057 impedimentis

440 2061 597 2106 itinerum,
619 2074 710 2109 quae,
734 2062 869 2097 Domino
893 2076 982 2110 prava
1008 2065 1037 2097 in
1068 2064 1184 2099 directa

439 2124 466 2149 et
490 2128 597 2163 aspera
628 2118 656 2151 in
681 2118 744 2151 vias
772 2118 880 2164 planas
907 2131 962 2153 sna
993 2120 1185 2165 omnipoten-

440 2171 479 2203 tia
506 2179 718 2215 convertente,
741 2181 952 2213 cessaverunt,
976 2172 1103 2207 frivolae
1145 2174 1187 2207 al·

441 2224 602 2269 legationis
626 2226 820 2260 munimenta
843 2228 1011 2273 conlingat,
1035 2236 1066 2261 nt
1095 2236 1185 2262 atam

441 2279 537 2312 sancti
562 2281 783 2326 prosecutione
805 2280 908 2327 operis
938 2293 972 2315 se
1010 2281 1186 2323 sulidncat3

442 2332 494 2366 scd
517 2342 683 2369 occurrant
709 2334 822 2380 singuli
852 2336 1014 2370 voluntarii
1055 2336 1091 2370 ad
1131 2336 1186 2377 id,

442 2387 525 2432 quod
548 2397 577 2422 et
599 2388 720 2423 divinae
742 2389 883 2436 congruit
909 2390 1070 2434 voluntati,
1098 2398 1127 2425 et
1143 2402 1189 2425 sa-

445 2441 540 2476 lntem
573 2443 746 2478 animarum
781 2456 815 2479 ac
852 2444 1017 2480 utilitatem
1060 2446 1188 2492 respicit

445 2496 648 2541 singulorum.

497 2549 565 2584 Dat.
595 2551 751 2593 Laterani,
774 2553 911 2587 calendis
950 2554 1067 2601 aprilis,
1104 2566 1188 2601 pon-

447 2603 578 2637 titicatns
606 2606 700 2640 nostri
729 2618 811 2641 anno
835 2607 944 2654 primo.

496 2663 554 2693 Dat.
574 2665 619 2694 dic
645 2667 653 2694 1
682 2667 781 2705 aprilis
800 2668 884 2704 1272),
903 2669 1003 2707 pontis.
1026 2678 1100 2699 anno
1120 2679 1135 2699 ι.

1227 415 1339 448 Civitas
1363 414 1571 458 Lugdunensis
1594 419 1693 457 utpote
1725 413 1871 456 praelatis
1906 424 1972 445 om-

1272 466 1359 497 nibus
1381 464 1480 507 iiiayi's
1502 463 1699 497 accommoda
1718 473 1775 506 pro
1802 462 1901 505 samri
1925 474 1972 495 cc-

1273 515 1439 547 lehi-atione
1466 514 1587 546 concilii
1613 513 1782 545 decernitur
1809 512 1864 553 (l).

1222 597 1367 633 Gregorius
1391 597 1533 632 episcopus
1552 603 1645 624 servus
1671 602 1809 624 servorum
1831 594 1893 628 Dei,
1929 601 1972 623 ve-

1266 647 1429 675 nerabilibus
1456 646 1592 675 fratribus
1611 645 1809 681 archiepiscopo
1833 645 1972 677 senonen..

1267 698 1294 725 et
1313 697 1444 732 episcopis
1464 703 1494 724 ac
1514 696 1623 724 dilectis
1641 695 1707 724 filiis
1726 695 1879 728 abbatibus.
1900 695 1972 730 prio·

1265 746 1350 779 ribus,
1368 746 1485 777 decanis.
1497 745 1699 778 archidiaconis.
1712 745 1888 781 praepositis,
1897 744 1971 773 aliis-

1266 802 1316 830 que
1352 795 1529 823 Ecclesiarnm
1540 795 1677 830 praetatis
1693 802 1742 830 per
1758 796 1885 823 senonen.
1912 800 1972 830 pro·

1266 844 1382 872 vinciam
1401 844 1576 877 constitutis,
1603 844 1722 873 salutem
1741 845 1769 872 et
1794 843 1973 880 apostolicam

1265 893 1489 921 benedictionem.

1270 963 1303 997 In
1333 964 1431 998 literis
1458 966 1500 1007 (2)
1520 976 1596 1010 quas
1621 977 1674 1010 per
1697 965 1860 999 universos
1889 964 1974 998 orbis

1224 1013 1380 1059 principes
1420 1020 1449 1047 et
1486 1012 1639 1059 praelatos
1675 1026 1770 1060 super
1815 1013 1974 1060 generalis

1222 1063 1444 1096 convocatione
1460 1062 1584 1096 concilii
1602 1062 1837 1106 destinavimus,
1855 1062 1973 1106 locum,

1224 1112 1251 1145 in
1281 1124 1343 1158 quo
1366 1112 1447 1145 idem
1475 1111 1645 1146 concilium
1676 1112 1844 1146 convenire
1873 1111 1972 1146 debe-

1223 1170 1279 1201 ret,
1294 1173 1332 1195 ex
1355 1173 1447 1195 causa
1463 1161 1610 1195 duximus
1633 1160 1869 1201 subticendunn
1886 1173 1974 1207 prae-

1222 1210 1360 1245 diximus
1387 1219 1489 1245 tamen
1515 1212 1544 1244 in
1569 1210 1642 1254 illis,
1664 1210 1748 1258 quod
1766 1209 1868 1244 locum
1886 1222 1973 1245 eum-

1222 1260 1293 1294 dem
1319 1260 1394 1307 ipsis
1416 1260 1611 1306 principibus
1638 1270 1667 1295 et
1707 1260 1853 1306 praelatis
1891 1260 1973 1294 inti-

1224 1321 1307 1344 mare
1353 1309 1544 1356 competenti
1588 1318 1729 1356 tempore
1776 1321 1970 1344 curaremus.

1221 1358 1320 1393 Nobis
1343 1359 1438 1405 igitur
1459 1371 1530 1393 cnm
1569 1359 1716 1393 fratribus
1760 1359 1876 1393 nostris
1915 1359 1973 1392 bu-

1223 1408 1358 1443 iusmodi
1387 1409 1443 1443 loci
1472 1408 1657 1443 electionem
1688 1408 1919 1443 deducentibus
1942 1408 1970 1441 in

1222 1466 1348 1492 exactae
1381 1458 1589 1493 discussionis
1627 1470 1783 1501 examen,
1819 1470 1972 1492 occurre-

1223 1507 1296 1541 bant
1318 1507 1391 1542 binc
1414 1508 1485 1542 inde
1513 1508 1647 1548 diversa,
1686 1519 1765 1554 quae
1798 1507 1973 1542 discutien-

1223 1557 1300 1591 tium
1325 1557 1512 1592 videbantur
1534 1557 1686 1591 iudicium
1715 1558 1878 1591 alternare.
1908 1557 1972 1591 Nec

1223 1607 1305 1640 enim
1350 1607 1498 1654 praeterit
1539 1615 1664 1642 nostrae
1705 1606 1970 1641 considerationis

1224 1656 1415 1702 indaginem,
1450 1669 1543 1704 quam
1581 1669 1684 1703 grave,
1724 1669 1816 1703 qnam
1856 1656 1971 1691 durum

1223 1714 1269 1741 est
1297 1707 1400 1741 locum
1435 1706 1527 1741 Sedis
1566 1707 1765 1753 Apostolicae
1796 1707 1971 1754 proprium,

1225 1756 1255 1790 in
1278 1768 1341 1803 quo
1370 1756 1610 1804 praecipuorum
1637 1756 1852 1804 apostolorum
1883 1756 1972 1802 glori·

1226 1807 1332 1840 licatus
1355 1815 1401 1841 est
1419 1807 1533 1847 exitus,
1557 1807 1586 1841 in
1607 1819 1670 1853 qno
1693 1806 1818 1841 illorum
1841 1817 1972 1853 corpora

1224 1856 1358 1902 gloriosa
1381 1857 1558 1903 quiescunt,
1592 1864 1744 1890 terrarum
1773 1856 1873 1902 spatio
1909 1865 1971 1890 tam

1225 1904 1338 1939 diffuso
1361 1906 1528 1945 dimittere,
1553 1915 1636 1940 tanto
1652 1906 1792 1940 locorum
1812 1904 1973 1939 intervallo

1225 1966 1239 1988 a
1269 1954 1414 2001 peculiari
1439 1963 1543 1989 nostro
1568 1955 1682 2002 populo
1710 1954 1853 1989 Romano
1880 1953 1974 1989 Urbis

1225 2003 1344 2045 abesse,
1357 2012 1386 2039 et
1403 2017 1419 2039 a
1438 2004 1610 2039 convicinis
1633 2004 1786 2051 partibus,
1808 2016 1887 2051 quae
1899 2003 1974 2038 Sedi

1225 2054 1326 2087 eidem
1356 2067 1416 2088 non
1453 2054 1554 2088 solum
1597 2053 1815 2101 spiritualiter,
1850 2053 1904 2088 sed
1945 2061 1973 2087 et

1227 2104 1438 2150 temporaliter
1461 2104 1591 2138 subesse
1616 2113 1802 2145 noscuntur,
1839 2115 1976 2136 commo-

1227 2152 1353 2187 ditatem
1394 2154 1560 2188 vicinitatis
1599 2161 1722 2187 nostrae
1768 2152 1975 2193 subtraliere3

1227 2211 1339 2248 quanta
1363 2216 1397 2237 ex
1427 2203 1567 2237 absentia
1590 2210 1691 2236 nostra
1716 2202 1847 2236 diversis
1872 2201 1976 2236 ltaliae

1228 2252 1368 2298 partibus
1401 2260 1528 2300 possent
1567 2253 1730 2287 imminere
1764 2252 1976 2292 discrimina;

1227 2310 1377 2347 quantum
1411 2303 1545 2349 partium
1582 2301 1765 2336 earumdem
1808 2303 1975 2336 inveterata

1228 2351 1363 2386 scissura
1396 2364 1450 2399 pro
1488 2351 1689 2398 integrandae
1726 2351 1853 2386 unitatis
1894 2350 1977 2386 obti-

1229 2405 1332 2440 nendo
1359 2406 1499 2441 remedio
1523 2414 1630 2441 nostro
1652 2407 1768 2441 anxilio
1807 2404 1975 2450 indigebat3

1229 2469 1346 2507 quanto
1369 2461 1503 2508 deniqne
1526 2461 1690 2503 oneribus⁷
1724 2468 1840 2508 quanto
1867 2458 1978 2494 labori-

1230 2515 1288 2549 bus
1316 2529 1371 2550 nos
1394 2525 1423 2551 et
1453 2516 1562 2552 fratres
1585 2526 1719 2555 nostrOS,
1748 2527 1883 2562 quornm
1913 2514 1977 2549 ali—

1229 2582 1309 2616 quos
1330 2580 1426 2613 actas,
1442 2571 1594 2617 quosdam
1623 2571 1779 2609 debilitas,
1809 2568 1978 2602 nonnullos

1265 2636 1304 2669 (t)
1323 2636 1358 2661 lix
1377 2637 1480 2672 Regest.
1501 2638 1582 2664 t'atic.
1622 2637 1661 2671 (2)
1688 2635 1752 2663 Vide
1778 2634 1876 2662 Bullunt
1899 2639 1977 2661 ante-

1230 2674 1374 2701 cedentem.
