2274 3265
140 273 189 300 Λη.
208 274 234 301 (ἶ,
252 273 317 301 1556

335 328 406 368 rint,
428 327 513 362 iuxta
530 327 707 375 qualitatem
736 326 987 374 delinquentium
1006 338 1076 372 per-

334 389 482 412 sonarum
497 407 504 416 ,
547 389 662 424 poenas
703 378 861 412 incurrant
875 405 882 416 ,
916 388 997 424 quae
1025 387 1078 422 per

334 428 588 462 constitutionem
619 427 761 462 eamdem
800 426 868 461 eius
903 434 1078 472 transgres-

334 477 458 512 soribus
480 477 674 524 infliguntur.

609 548 689 583 Car).
716 548 798 583 Xlll.

383 627 558 662 Statuimus
581 628 709 674 insuper
750 638 785 661 ac
813 627 906 661 etiam
945 624 1078 659 ordina-

137 677 184 729 anf
188 680 320 736 ’ξζξωζζῇυς
303 686 319 700 '³
335 691 404 712 mus
418 685 449 713 et
469 677 611 711 districte
631 675 876 723 praecipiendo
871 675 1077 721 iniungimus,

137 740 183 760 ιο(
173 741 295 761 murniaco
286 747 321 761 n·
333 727 416 773 quod
443 726 592 773 deinceps
626 727 655 760 in
684 726 816 771 singulis
842 724 993 760 Ecclesiis
1024 736 1075 759 ca-

135 772 174 791 ‘¹¹⁵‘
335 775 539 818 thedralibus,
573 776 789 810 monac-ilibus
816 787 852 810 ac
879 774 1078 810 monasteriis

333 835 363 861 et
391 825 592 874 prioratibus
616 838 737 860 necnon
754 824 1078 860 administrationibus

331 876 400 911 aliis
435 875 692 930 quibuscumque
727 876 826 922 ipsius
863 874 983 909 ordinis
1023 887 1076 909 seu

331 925 491 972 religionis
501 937 568 980 *per
588 926 744 960 antistites
772 925 994 963 Eoo-tesiarum
1022 924 1078 959 ab—

331 975 432 1015 bates,
460 976 580 1023 priores
603 983 633 1009 et
657 976 736 1010 alios
759 983 905 1021 gerentes
940 974 1076 1008 admini-

330 1025 496 1060 strationcs
516 1025 712 1067 huiusmodi,
742 1025 770 1058 in
795 1037 902 1059 eorum
928 1024 1076 1062 novitate,

331 1087 435 1110 coram
466 1087 527 1109 uno
558 1074 603 1108 vel
632 1074 756 1109 duobus
784 1074 913 1108 notariis
941 1073 1077 1120 publicis

330 1133 360 1159 et
381 1124 539 1172 aliquibus
572 1125 677 1171 probis
708 1132 737 1158 et
763 1124 941 1158 senioribus
963 1122 1077 1157 Eccle-

330 1175 458 1213 siarum,
482 1175 743 1208 monasteriorum
768 1183 795 1208 et
824 1173 958 1207 aliorum
983 1172 1076 1206 loco-

331 1237 399 1259 rum
422 1223 625 1266 eorumdem,
652 1224 690 1258 (le
716 1222 863 1257 omnibus
896 1222 985 1256 bonis
1008 1234 1077 1255 mo—

329 1273 446 1308 bilibus
472 1282 500 1308 et
524 1272 742 1307 immobilibus
767 1283 899 1317 seseque
929 1272 1078 1305 moventi-

330 1324 388 1358 bus
412 1323 450 1357 ad
474 1324 613 1370 ipsorum
649 1322 935 1356 administrationes
957 1321 1078 1354 dumta-

329 1381 378 1407 xat
399 1372 627 1420 spectantibus,
656 1373 684 1406 in
713 1372 969 1418 quibuscumque
1001 1370 1077 1405 locis

328 1423 519 1466 consistant,
555 1422 627 1456 liant
656 1423 827 1457 inventaria
851 1433 907 1455 seu
946 1421 1075 1466 registra

328 1472 504 1508 consimilia
531 1472 702 1527 duplicata
731 1472 760 1505 iu
784 1471 903 1526 quibus
922 1470 1077 1505 scribatur

328 1531 404 1571 quot
427 1522 550 1557 monaci
574 1535 603 1556 ιιι
620 1521 761 1569 quolibet
782 1522 874 1556 loco
869 1533 1006 1568 ipsarum
1026 1520 1079 1554 ad-

328 1572 592 1607 ministrationum
618 1573 701 1606 iuxta
725 1572 825 1618 ipsius
857 1571 915 1605 loci
940 1570 1077 1605 faculta—

328 1631 374 1658 tes
397 1623 517 1669 possint
543 1631 572 1656 et
599 1622 734 1657 debcant
765 1621 1008 1664 comrnorari,e
992 1628 1021 1655 et
1047 1620 1075 1654 in

327 1686 389 1720 quo
411 1680 490 1707 statu
510 1672 641 1719 quilibet
657 1672 774 1718 recepit
795 1671 987 1713 Ecclesiam,
1007 1682 1078 1704 mn-

328 1724 501 1758 nasterium
530 1723 575 1756 vel
597 1723 765 1769 prioratum
794 1734 849 1757 seu
881 1720 1077 1756 administra-

328 1774 458 1815 tionem,
481 1781 510 1807 et
535 1772 615 1806 inter
629 1772 685 1806 alia
710 1780 786 1819 quot
813 1779 920 1806 extent
948 1770 992 1803 vel
1016 1770 1077 1804 de—

329 1823 431 1858 ficiant
453 1822 611 1861 animalia,
630 1830 658 1856 et
687 1822 806 1868 qualia,
834 1828 948 1867 quauta
978 1820 1077 1858 blada,

330 1873 398 1907 vina
420 1880 451 1907 et
485 1881 607 1907 caetera
637 1871 781 1906 victualia
805 1880 833 1905 et
857 1878 995 1909 moneta,
1020 1883 1077 1903 va-

330 1922 403 1957 sella
426 1934 518 1956 aurea
543 1921 588 1956 rel
611 1929 771 1967 argentea,
794 1928 823 1955 et
842 1932 922 1967 qnae
949 1927 978 1954 et
1001 1927 1078 1974 quot

330 1980 359 2006 et
381 1971 510 2018 quibus,
533 1971 685 2010 Ecclesia
718 1971 962 2012 monaster-,ium
993 1982 1079 2016 prro-

331 2030 427 2064 ratus,
450 2021 678 2056 administratio
701 2032 754 2054 seu
775 2021 863 2054 locus
894 1997 1076 2053 lruiiismodi

330 2071 464 2108 debent,
492 2079 522 2105 et
544 2083 624 2118 quae
643 2079 669 2104 et
694 2078 769 2116 quot
796 2078 825 2104 et
848 2082 863 2103 a
887 2069 1002 2116 quibus
1024 2069 1080 2102 de-

331 2121 445 2155 bentur
467 2120 600 2158 eisdem,
623 2128 651 2153 et
671 2120 731 2155 snb
745 2119 863 2167 quibus
878 2119 1081 2165 obligationi-

333 2171 392 2205 bus
409 2170 526 2204 debent
550 2179 580 2205 et
606 2170 762 2205 debentur
789 2169 918 2207 eisdem.
948 2178 978 2203 et
1000 2181 1080 2215 quae

332 2228 362 2254 et
380 2228 457 2267 quot
486 2220 543 2254 alia
575 2220 654 2254 bona
679 2219 802 2254 mobilia
835 2219 881 2253 vel
925 2231 992 2253 vasa
1016 2219 1080 2253 sive

331 2278 513 2304 ornamenta
558 2270 603 2303 vel
645 2268 852 2316 supellectilia
894 2277 924 2302 et
967 2268 1078 2302 similia

332 2320 407 2353 inibi
436 2319 560 2354 suerint.
589 2319 628 2353 Et
650 2320 674 2353 si
698 2319 772 2366 quid
796 2332 833 2353 ex
857 2319 1023 2365 praedictis
1048 2319 1079 2352 in

333 2369 414 2404 bono
447 2377 527 2403 statu
552 2369 714 2413 receperit,
749 2369 877 2415 ipseque
900 2368 936 2401 ad
963 2368 1078 2402 malurn

331 2427 445 2453 statum
473 2419 597 2453 duxerit
618 2418 808 2457 Ecclesiam
841 2418 1080 2457 monasterium,

332 2469 517 2515 prioratum,
549 2468 851 2502 administrationtm
894 2480 947 2501 seu
977 2467 1079 2502 locum

331 2519 412 2563 eius,
428 2518 532 2552 bona
527 2519 625 2565 ipsius
651 2517 766 2552 debitis
793 2516 961 2563 obligando
989 2516 1080 2551 inde-

332 2568 394 2603 bite
417 2568 453 2602 ad
478 2567 570 2601 vitam
602 2566 646 2600 vel
676 2574 827 2613 perpetuo
858 2567 1078 2607 concedendo,

331 2631 385 2652 seu
408 2617 483 2652 alias
505 2617 672 2651 alienando
696 2616 742 2651 vel
759 2615 981 2663 dilapidando,
1005 2629 1079 2663 pro-

332 2667 460 2701 cedatur
474 2675 579 2701 contra
603 2679 687 2706 eum,
712 2674 803 2713 prout
827 2667 890 2700 iura
907 2674 935 2699 et
954 2674 1081 2706 statuta,

922 269 1116 293 ncncnrcrus
1142 270 1190 292 xri
1218 270 1265 291 ιιι».
1749 261 1810 292 371
1886 268 1933 296 An.
1953 268 1971 295 c
2002 268 2068 296 ¹3³6

1123 337 1245 359 necnon
1284 325 1498 361 ordinationes
1534 334 1657 361 nostrae
1690 328 1869 383 superiores

1121 376 1296 422 requirunt,
1310 382 1340 408 et
1356 377 1535 421 praesertim
1552 376 1728 423 supradicta
1751 377 1868 412 consti—

1121 426 1200 459 tutio
1222 424 1353 458 Honorii
1381 437 1476 471 super
1499 426 1557 460 boc
1583 434 1691 461 exacte
1713 435 1866 461 serv.etur

1121 473 1283 508 Praedicta
1298 486 1369 508 vero
1381 474 1549 510 intentaria
1563 488 1618 510 scu
1633 476 1761 523 registra
1786 477 1868 511 clare

1119 536 1155 558 ac
1178 522 1370 569 integraliter
1391 523 1556 570 legantur
1551 537 1580 558 tn
1603 525 1741 572 capitulo
1760 525 1869 561 cuius-

1120 573 1194 607 libet
1222 572 1382 608 Ecclesiae
1409 573 1596 609 cathedralis
1624 587 1659 609 ac
1688 576 1866 609 monasterii

1121 623 1276 670 prioratus
1292 623 1339 657 vel
1353 622 1479 657 alterius
1492 623 1550 658 loci
1568 623 1762 663 huiusmodi,
1784 637 1868 670 prae-

1120 672 1262 707 sentibus
1275 672 1412 719 capitulo
1427 685 1481 708 seu
1493 680 1649 708 conventu
1672 674 1708 707 ad
1727 673 1785 708 boc
1799 686 1869 720 spe-

1119 722 1239 757 cialiter
1263 723 1472 769 congregatis.
1496 721 1624 764 Quibus
1642 722 1741 761 lectis.
1769 735 1866 758 unum

1121 780 1255 820 ponatur
1270 780 1300 807 et
1319 779 1460 807 servetur
1479 772 1508 806 in
1524 784 1594 807 arca
1610 773 1790 811 communi,
1815 772 1866 808 ubi

1119 834 1288 858 commune
1321 822 1459 868 sigillum
1484 831 1532 857 est
1557 821 1681 857 solitum
1704 822 1868 864 custodiri,

1119 885 1175 907 seu
1196 872 1267 907 loco
1287 871 1347 906 alio
1369 871 1566 919 congruenti,
1594 881 1622 907 et
1645 871 1803 920 reliquum
1819 884 1869 907 re-

1120 931 1242 958 maneat
1271 934 1367 969 penes
1386 922 1559 956 antistitem
1582 930 1633 956 aut
1660 922 1803 957 abbatem
1822 923 1867 957 vel

1121 973 1256 1020 priorem
1298 984 1352 1006 seu
1401 971 1686 1007 administratorem
1721 972 1816 1007 alium
1853 985 1867 1007 a

1119 1022 1321 1069 supradictis:
1347 1022 1386 1055 ita
1409 1021 1493 1068 quod
1515 1022 1541 1057 si
1564 1022 1701 1069 aliquem
1721 1034 1758 1057 ex
1779 1034 1868 1069 prae-

1119 1072 1210 1106 dictis
1231 1071 1269 1106 ad
1297 1071 1481 1111 Ecclesiam,
1510 1073 1749 1114 monasterium,
1783 1072 1869 1118 prio-

1122 1130 1232 1161 ratum,
1261 1120 1564 1155 administrationem
1581 1134 1635 1155 seu
1652 1121 1756 1156 locum
1771 1121 1867 1156 alium

1120 1170 1279 1205 transferri
1294 1183 1347 1205 seu
1365 1171 1477 1205 mutari
1494 1171 1673 1217 contigerit,
1691 1171 1757 1218 ipse
1774 1179 1868 1206 trans-

1118 1220 1200 1255 latus
1221 1232 1275 1254 seu
1300 1227 1448 1261 mutatus,
1473 1221 1497 1254 si
1532 1221 1661 1255 antistes
1690 1221 1736 1255 vel
1772 1220 1869 1255 abbas

1119 1278 1171 1304 aut
1201 1270 1284 1315 prior
1305 1281 1359 1304 sen
1389 1269 1481 1309 alius,
1508 1270 1704 1317 superiorem
1727 1270 1868 1305 eiusdem

1120 1320 1280 1366 religionis
1308 1331 1369 1353 nou
1409 1319 1547 1362 liabens,
1581 1319 1693 1359 fuerit;
1731 1319 1869 1366 capitulo

1119 1382 1174 1404 seu
1210 1370 1379 1404 conventui
1416 1368 1474 1403 loci
1502 1369 1586 1416 quod
1615 1369 1786 1409 dimiserit,
1813 1381 1869 1404 seu

1119 1419 1277 1467 deputatis
1299 1419 1338 1453 ab
1360 1420 1405 1453 cis
1428 1418 1506 1453 infra
1533 1431 1587 1453 sex
1611 1431 1736 1454 menses
1757 1418 1795 1454 ad
1812 1427 1871 1454 tar-

1119 1469 1193 1504 dius
1227 1478 1297 1517 post
1324 1470 1524 1517 adeptionem
1556 1470 1703 1516 pacificae
1739 1481 1870 1517 posses-

1119 1521 1217 1555 sionis
1240 1519 1464 1560 Ecclesiarum,
1489 1520 1764 1560 monasteriorum,
1791 1519 1871 1566 prio·
1896 1519 1899 1520 ⁷

1120 1579 1242 1606 ratuum
1261 1598 1268 1611 ,
1300 1570 1608 1605 administrationum
1643 1582 1697 1604 seu
1729 1569 1869 1616 ipsorum

1120 1621 1276 1661 locorum,
1305 1620 1351 1655 vel
1385 1620 1409 1654 si
1439 1620 1497 1654 boc
1541 1627 1613 1655 ante
1642 1632 1702 1654 nou
1742 1618 1868 1660 fecerit,

1120 1670 1302 1706 succedenti
1326 1669 1383 1705 sibi
1407 1670 1436 1704 in
1460 1669 1530 1704 loco
1549 1669 1696 1704 dimisso:
1725 1669 1775 1703 alii
1797 1681 1869 1705 vero

1119 1719 1338 1768 superioribus
1365 1720 1433 1755 suis
1466 1719 1672 1759 immediatis,
1701 1720 1784 1755 iuxta
1819 1719 1869 1753 in-

1121 1771 1258 1805 ventaria
1293 1782 1348 1805 seu
1377 1771 1509 1816 registra
1534 1769 1689 1816 praedicta
1713 1770 1867 1804 rationem

1120 1821 1269 1860 debitam,
1293 1821 1407 1855 vocatis
1429 1828 1458 1854 et
1479 1818 1697 1866 praesentibus
1712 1819 1869 1867 aliquibus

1122 1871 1227 1919 probis
1251 1870 1323 1905 viris
1340 1869 1567 1913 Ecclesiarum,
1591 1870 1868 1908 monasteriorum,

1122 1921 1316 1968 prioratuum
1339 1928 1368 1954 et
1390 1919 1523 1955 aliorum
1547 1919 1686 1954 locorum
1716 1919 1869 1966 ipsorum,

1121 1970 1252 2006 reddere
1267 1977 1447 2011 teneantur;
1466 1969 1610 2016 dictaque
1625 1970 1794 2004 inventaria
1813 1981 1868 2004 seu

1122 2021 1251 2067 registra
1274 2021 1526 2054 transmittantur
1548 2020 1585 2053 ad
1611 2019 1780 2063 Ecclesias,
1806 2031 1871 2054 mo-

1123 2070 1255 2105 nasteria
1279 2069 1324 2104 vel
1348 2070 1405 2104 alia
1425 2069 1491 2104 loca
1517 2068 1702 2116 principalia
1725 2073 1771 2113 (ut
1786 2081 1869 2115 praev

1121 2120 1228 2163 fertur)
1251 2120 1380 2166 legenda
1404 2129 1433 2154 et
1455 2118 1668 2154 conservanda
1692 2119 1722 2152 in
1747 2117 1819 2153 illis.

1400 2196 1481 2231 Car.
1510 2195 1592 2231 XIV

1172 2267 1308 2309 Verum,
1350 2268 1418 2316 qnia
1461 2267 1645 2302 traditiones
1680 2267 1719 2303 ad
1748 2268 1867 2303 firmam
1897 2283 1926 2304 ne
1950 2284 2003 2305 1001„
2026 2290 2067 2305 non

1123 2318 1219 2353 factae
1251 2318 1291 2353 de
1317 2317 1395 2352 locis
1426 2317 1731 2352 administrationum
1768 2318 1869 2365 ipsius
1883 2314 2067 2367 ζῖξζῦξζξῂᾶιξζ,

1123 2368 1241 2402 ordinis
1274 2380 1327 2402 seu
1365 2367 1542 2413 religionis,
1571 2376 1623 2401 aut
1660 2376 1866 2414 proventuum
1884 2379 1942 2396 cena
1965 2377 2068 2397 solemm-

1124 2418 1276 2464 ipsorum,
1303 2430 1357 2464 per
1379 2417 1545 2455 antistites.
1568 2417 1712 2461 abbates,
1748 2429 1869 2464 priores
1883 2408 1933 2426 ’Μ

1123 2476 1153 2502 et
1181 2467 1257 2502 alios
1281 2466 1550 2501 administratores
1572 2479 1695 2510 eorum,
1719 2467 1795 2514 ipsis
1813 2466 1872 2501 Ec-

1123 2517 1239 2561 clesiis,
1267 2517 1476 2557 monasteriis,
1500 2516 1698 2563 prioratibus,
1732 2516 1869 2551 admini-

1123 2565 1328 2601 strationibus
1378 2566 1417 2600 de
1454 2566 1549 2606 locis,
1599 2565 1804 2612 spiritualiter
1840 2574 1870 2601 et

1125 2616 1337 2663 temporaliter
1355 2615 1474 2650 diversa
1499 2615 1688 2663 praeiudicia
1703 2622 1869 2661 generant3

1125 2666 1328 2713 probibemus
1357 2677 1394 2700 ne
1423 2673 1591 2713 proventus
1613 2677 1666 2700 seu
1691 2666 1756 2699 loca
1780 2677 1867 2713 prae-
