2274 3265
101 279 148 304 ,111
172 278 198 303 (ἶ,
216 278 281 304 11111ῐὶ

112 2314 141 2333 De
155 2313 216 2333 modo
233 2317 284 2339 pro-

100 2345 190 2364 cedendi
209 2349 228 2363 c
223 2346 284 2363 ‹aintr
301 2353 305 2358 ·

100 2373 211 2394 infamatos
251 2372 284 2392 vel

101 2408 212 2431 suspectos
259 2404 284 2423 de

102 2437 193 2456 haeresi.

933 284 1097 306 Mitu'rtxus

297 339 370 372 carii
395 339 423 372 in
447 339 664 384 spiritualibus
701 339 832 373 habeant
859 347 1045 385 potestatem

297 388 483 434 aggravandi
512 398 539 421 et
570 389 807 434 reaggraiandi,
843 388 1044 423 interdictum

298 438 433 484 ponendi
457 446 485 470 et
503 437 664 471 brachium
693 438 851 472 saeculare
871 437 1045 480 invocandi,

297 495 326 520 et
354 486 437 533 quod
471 486 533 520 illis
560 487 701 521 censuris
729 499 783 533 per
811 487 973 521 inferiores
1006 487 1044 520 sit

296 535 520 569 obediendum.

347 587 403 618 5¹.
432 584 520 623 110,01
550 593 653 618 utrum
689 584 814 627 c',iedat
842 584 925 639 quod
961 584 1043 629 Papa

298 634 341 667 101
370 633 420 667 alii
450 634 576 679 praelati
600 643 628 667 et
652 646 761 667 coium
788 634 891 668 vicarii
917 634 945 666 in
979 634 1045 680 spi-

297 682 464 716 ritualibus
487 682 621 716 haheant
651 691 836 728 potestatem
865 683 1045 725 sacerdotes

296 740 325 765 et
349 731 443 766 laicos
472 731 690 765 inobedientes
713 740 741 765 01
764 741 969 766 contumaces
988 745 1045 765 cx-

295 780 564 819 communicaudi,
587 780 625 813 ab
653 781 766 819 (illicio,
796 781 961 819 beneficio,
990 781 1045 814 in—

295 841 404 874 gressu
426 829 586 863 Ecclesiae
602 838 631 863 et
653 830 922 864 administratione
944 830 1045 864 eccle-

295 878 492 912 siasticorum
516 887 785 913 sacramentorum
815 880 1043 926 suspendendi.

345 930 400 961 32.
427 927 526 969 ltem,
560 936 664 961 utrum
689 928 806 972 credat,
837 929 921 975 quod
954 929 1045 962 liceat

295 977 437 1023 personis
455 977 675 1011 ecclesiasticis
697 977 814 1023 alisque
835 986 961 1024 peccato
991 978 1046 1011 hu-

295 1028 343 1060 ius
366 1025 476 1059 mundi
508 1026 621 1060 habere
645 1028 864 1072 possessiones
899 1035 929 1060 et
964 1027 1044 1061 bona

295 1075 486 1120 temporalia.

344 1127 400 1157 35.
429 1124 518 1165 Item,
549 1131 651 1157 utrum
689 1124 812 1167 credat,
842 1126 923 1170 quod
957 1125 1045 1158 laicis

295 1173 361 1219 ipsa
384 1172 423 1206 ab
445 1174 491 1207 eis
510 1172 631 1206 auferre
656 1181 808 1218 potestate
833 1175 956 1220 propria
982 1186 1042 1208 non

294 1222 397 1261 liceat,
426 1222 522 1255 imino
551 1221 635 1268 quod
671 1222 715 1255 sic
750 1222 949 1263 auferentes,
977 1223 1043 1256 tol-

294 1271 394 1305 lentes
427 1279 457 1305 et
487 1271 670 1304 invadentes
694 1270 772 1304 bona
798 1272 863 1317 ipsa
891 1272 1045 1305 ecclcsia-

294 1320 370 1354 stica
411 1321 471 1353 sint
506 1327 666 1365 tamquam
695 1320 838 1365 sacrilegi
875 1320 1043 1366 puniendi,

294 1370 385 1403 etiam
414 1370 439 1402 si
478 1369 557 1402 male
586 1369 722 1402 viverent
760 1381 910 1415 personae
944 1370 1044 1402 eccle-

293 1419 436 1452 siasticac,
464 1417 543 1451 bona
573 1418 755 1452 huiusmodi
785 1418 993 1463 possidentes.

344 1470 400 1501 54.
429 1467 518 1509 Item,
549 1475 651 1500 utrum
680 1466 797 1505 (·1e,(lat
810 1467 904 1520 *quod
934 1467 1044 1500 huius-

295 1516 378 1550 modi
407 1516 524 1550 ablatio
550 1524 580 1549 et
617 1516 738 1549 1013510
765 1516 957 1570 cuicumque
992 1528 1045 1549 sa—

293 1565 425 1605 cerdoti,
456 1566 550 1599 etiam
582 1565 662 1599 male
693 1565 823 1605 1110011,
849 1574 966 1599 temere
997 1565 1043 1598 vel

294 1615 444 1649 violenter
457 1614 553 1648 factae
569 1615 614 1647 101
633 1614 745 1654 illatae,
769 1593 918 1649 inducant
941 1614 1044 1649 sacri-

293 1664 424 1710 legium.

344 1715 399 1747 55.
429 1712 526 1755 Item,
556 1720 658 1746 utrum
683 1712 811 1756 credat,
838 1713 921 1760 quod
954 1713 1045 1747 liceat

293 1763 382 1797 laicis
417 1762 582 1807 utriusque
615 1774 726 1800 sexus,
756 1762 830 1796 viris
869 1762 987 1796 scilicet
1016 1771 1045 1796 et

294 1811 491 1854 mutieribus,
509 1810 604 1845 libere
627 1812 805 1857 praedicare
827 1811 953 1846 verbum
974 1812 1044 1846 Dei.

345 1863 401 1894 36.
422 1860 517 1899 Item,
542 1869 646 1893 utrum
671 1860 788 1899 credat,
810 1861 893 1907 quod
914 1861 1047 1906 singulis

294 1909 513 1945 sacerdotibus
535 1909 632 1943 libere
661 1909 750 1943 liceat
776 1910 955 1955 praedicare
978 1923 1047 1944 rer-

295 1960 370 1994 bum
394 1958 470 1998 Dei,
504 1959 697 2005 ubicumque
724 1967 754 1992 et
777 1959 1047 2006 quandocumque

297 2008 464 2055 placuerit,
492 2008 614 2042 etiamsi
638 2020 699 2041 non
723 2008 786 2041 sint
810 2009 908 2042 missi.

347 2060 403 2091 57.
428 2057 517 2099 Item,
548 2065 651 2090 utrum
680 2057 799 2097 credat,
828 2058 910 2103 quod
942 2058 1046 2092 omnia

298 2114 423 2153 peccata
448 2106 619 2140 mortaliter
636 2114 665 2139 et
681 2107 861 2151 specialiter
885 2106 1047 2141 manifesta

297 2157 359 2190 sint
387 2155 513 2202 publice
540 2155 723 2200 corrigenda
751 2163 781 2189 et
803 2155 998 2202 extirpanda.

347 2259 362 2296 g
393 2255 446 2287 15'.
476 2252 634 2286 Volumus
661 2253 790 2308 insuper
817 2266 851 2286 ac
881 2254 1051 2288 statuimus

299 2311 329 2337 et
344 2303 556 2345 decernimus,
579 2302 662 2349 quod
679 2304 703 2336 si
727 2315 799 2348 quis
824 2315 878 2348 pei
897 2311 1048 2336 secretam

300 2352 556 2386 informationem
593 2364 646 2396 per
680 2364 733 2384 ios
762 2352 973 2397 recipiendam
1005 2352 1050 2385 101

299 2401 375 2435 alias
407 2408 552 2447 repertus
581 2400 673 2434 fuerit
697 2401 864 2434 infamatus
891 2414 944 2434 seu
980 2413 1052 2435 5115-

302 2458 411 2497 pectus
445 2449 483 2483 de
520 2461 721 2495 quacumque
754 2449 860 2495 specie
890 2449 1051 2489 haeresis,

303 2498 469 2545 pestiferae
500 2507 601 2532 sectae
636 2498 681 2531 101
709 2498 868 2532 doctrinae
901 2499 1053 2544 pestilen-

303 2548 380 2582 tium
417 2547 544 2581 loannis
572 2546 720 2590 Wicleff,
754 2547 880 2581 1030015·
909 2548 996 2582 Huss
1022 2556 1053 2581 01

302 2597 487 2643 Hieronymi
530 2596 568 2630 de
604 2596 725 2642 Praga,
765 2597 1052 2631 haeresiarcharum

303 2645 551 2693 praedictorum,
564 2653 617 2679 aut
632 2645 670 2679 de
687 2645 833 2685 fovendo,
854 2646 1054 2692 receptando,

1126 285 1143 305 v
1172 285 1220 306 1³13.
1721 278 1791 309 4575

1088 339 1287 373 defendendo
1312 342 1467 386 praefatos
1490 342 1657 376 damnatos
1681 342 1838 380 homiues,

1088 388 1162 422 (10111
1194 389 1330 423 viverent
1370 391 1399 424 in
1429 391 1596 434 humanis,
1625 392 1669 425 vel
1699 392 1837 438 ipsorum

1089 438 1225 484 perfidos
1267 451 1419 485 sequaces
1457 451 1484 473 et
1522 440 1838 486 pseudodiscipulos,

1087 494 1139 519 aut
1181 487 1320 533 ipsorum
1363 489 1521 522 erroribus
1561 501 1612 523 cr«
1603 489 1748 528 dendo
1783 503 1838 537 pro

1089 535 1165 581 ipsis
1192 536 1351 571 defunctis
1391 537 1436 571 101
1465 538 1570 592 aliquo
1599 538 1738 584 ipsorum
1770 548 1837 585 post

1087 584 1206 618 obitum
1232 585 1362 624 orando,
1391 586 1436 619 101
1466 587 1545 621 10101·
1575 587 1746 621 catholicos
1775 600 1838 621 no-

1088 634 1237 667 minando
1253 642 1282 668 ct
1304 635 1516 677 defendendo,
1541 636 1585 668 101
1612 636 1694 681 ipsos
1718 645 1747 669 ut
1764 648 1838 669 san-

1087 691 1153 717 ctos
1188 683 1332 721 colendo,
1359 664 1569 730 praedicando
1597 685 1642 718 vel
1667 685 1836 727 adorando,

1088 732 1132 765 vel
1169 732 1245 766 alias
1273 732 1354 766 circa
1381 745 1434 767 005
1457 743 1604 779 suspecte
1631 734 1766 779 agendo.
1794 735 1838 767 ci-

1088 789 1169 816 tetur
1198 794 1252 827 per
1280 794 1334 814 vos
1363 781 1408 815 vel
1432 782 1563 816 alterum
1591 792 1728 816 vestrum
1767 795 1838 829 per-

1087 831 1235 865 sonaliter
1261 843 1366 865 coram
1398 831 1484 865 vobis
1508 831 1553 865 vel
1578 832 1676 865 altero
1700 840 1837 865 vestrum

1087 880 1331 926 compariturus⁷
1359 881 1489 914 semotis
1513 888 1714 925 procuratore
1737 889 1766 914 et
1790 881 1826 915 ad

1088 937 1206 972 vocam,
1222 941 1441 975 responsurus,
1458 930 1561 964 medio
1588 931 1764 964 iuramento
1783 942 1839 976 per

1087 979 1190 1024 ipsum
1220 979 1265 1012 sic
1294 982 1347 1021 (ut
1373 979 1567 1024 praedictum
1596 982 1659 1020 est)
1688 991 1839 1025 corpora-

1088 1028 1156 1062 liter
1184 1028 1331 1074 praestito
1359 1028 1398 1061 de
1427 1028 1517 1074 plena
1544 1036 1572 1061 et
1602 1040 1684 1061 mera
1710 1029 1837 1062 veritate

1086 1076 1231 1119 dicenda,
1247 1089 1344 1122 super
1361 1077 1529 1123 praedictis
1549 1077 1686 1111 articulis
1710 1089 1764 1111 seu
1789 1090 1838 1111 eo-

1087 1138 1155 1159 rum
1180 1126 1315 1170 singulis
1339 1126 1383 1159 vel
1407 1125 1474 1159 aliis
1497 1127 1694 1172 opportunis,
1721 1138 1837 1160 sccun-

1087 1174 1160 1207 dum
1195 1175 1384 1220 exigentiam
1422 1187 1514 1209 casus
1544 1182 1573 1208 et
1601 1176 1834 1209 occurrentium

1087 1223 1356 1257 circumstantiam
1385 1223 1423 1257 ad
1452 1224 1616 1257 arbitrium
1647 1232 1784 1257 vestrum
1809 1232 1839 1257 et

1088 1280 1178 1317 prom
1202 1271 1290 1305 vobis
1317 1284 1373 1306 seu
1399 1271 1486 1306 alteri
1518 1281 1654 1306 vestrum
1682 1272 1839 1306 videbitur

1086 1321 1248 1365 expedire,
1265 1322 1311 1354 vel
1327 1321 1404 1354 alias
1425 1329 1532 1354 contra
1552 1321 1679 1355 eosdem
1698 1322 1837 1367 ipsorum

1087 1369 1240 1414 singulos,
1278 1377 1367 1415 prout
1399 1370 1618 1415 praesentibus
1640 1371 1838 1416 exprimitur,

1089 1418 1133 1452 vel
1156 1418 1232 1452 alias
1254 1419 1403 1452 canonice
1428 1418 1614 1464 procedatis.

1136 1468 1156 1514 g
1184 1468 1235 1500 16.
1256 1467 1321 1501 Nec
1345 1479 1405 1500 non
1431 1475 1615 1513 praesentes
1639 1467 1754 1506 literas,
1783 1480 1838 1502 ex—

1088 1516 1186 1551 clusis
1209 1516 1349 1550 articulis
1372 1524 1399 1549 et
1426 1517 1677 1561 interrogator-iis
1690 1517 1839 1563 superius

1088 1566 1198 1612 positis
1212 1574 1305 1612 atque
1321 1565 1457 1605 00115515,
1480 1567 1509 1599 10
1534 1565 1726 1604 civitatibus,
1750 1565 1838 1600 dioe-

1088 1615 1236 1657 cesibus,
1270 1615 1359 1648 terris
1392 1622 1421 1648 et
1450 1615 1526 1649 locis
1565 1615 1655 1657 aliis,
1684 1614 1737 1648 ubi
1772 1623 1835 1648 1010

1089 1664 1152 1697 fieri
1178 1664 1302 1710 poterit,
1319 1664 1502 1698 auctoritate
1520 1672 1637 1703 nostra,
1652 1664 1836 1697 solemniter

1090 1712 1258 1759 publicetis
1285 1721 1315 1747 et
1338 1712 1488 1759 publicari
1513 1712 1643 1755 faciatis,
1671 1725 1781 1747 omnes
1808 1722 1837 1746 et

1088 1762 1229 1808 singulos
1268 1762 1441 1796 haereticos
1477 1761 1686 1801 huiusmodi,
1715 1774 1836 1796 necnon

1088 1819 1257 1845 sectatores
1286 1813 1425 1858 ipsarum
1452 1811 1617 1845 haeresum
1646 1820 1675 1845 et
1694 1823 1836 1846 errorum

1090 1861 1255 1907 utriusque
1277 1873 1383 1904 sexus,
1411 1868 1535 1895 tuentes
1557 1869 1586 1895 et
1609 1861 1701 1895 etiam
1727 1861 1840 1895 defen-

1089 1910 1199 1944 dentes
1222 1909 1364 1949 eosdem,
1387 1918 1438 1943 aut
1462 1910 1629 1944 haereticis
1658 1910 1735 1956 ipsis
1757 1922 1840 1957 quo—

1091 1959 1264 1993 modolibet
1289 1959 1415 2013 publice
1449 1959 1494 1993 1·οΙ
1518 1959 1641 1993 occulte
1666 1972 1695 1992 in
1724 1959 1841 1993 divinis

1091 2008 1137 2042 vel
1160 2008 1236 2042 alias
1265 2008 1499 2054 participantes,
1522 2009 1615 2042 etiam
1644 2009 1669 2042 si
1703 2008 1842 2055 patriar—-

1091 2057 1183 2100 chali,
1203 2057 1481 2103 archiepiscopali,
1509 2057 1692 2112 episcopali,
1723 2058 1842 2103 regali

1092 2107 1234 2152 reginali
1262 2106 1363 2140 ducali
1396 2115 1449 2140 aut
1472 2106 1528 2140 alia
1552 2107 1663 2153 quavis
1692 2105 1804 2140 ecclesi
1798 2119 1842 2140 3-

1091 2157 1167 2190 stica
1190 2155 1235 2189 iel
1257 2155 1413 2189 mundana
1440 2155 1655 2201 praefulgeant
1678 2155 1843 2201 dignitate,

1093 2217 1215 2239 necnon
1238 2205 1407 2239 advocatos
1434 2213 1464 2238 et
1493 2213 1714 2250 procuratores
1740 2216 1843 2250 quos—

1093 2254 1180 2293 libet,
1209 2255 1262 2300 qui
1294 2254 1470 2287 haereticos
1498 2253 1678 2288 huiusmodi
1706 2261 1759 2287 aut
1787 2266 1845 2287 eo-

1095 2315 1161 2336 rum
1198 2303 1375 2339 credentes,
1402 2315 1570 2349 sequaces,
1599 2302 1758 2346 fautores,
1786 2302 1844 2336 de—

1094 2352 1235 2386 fensores
1271 2361 1300 2385 et
1334 2360 1543 2397 receptatores
1578 2364 1673 2397 super
1713 2352 1844 2385 crimine

1096 2401 1232 2435 haeresis
1255 2409 1307 2434 aut
1334 2400 1547 2443 credulitatis,
1575 2401 1741 2446 sequelae,
1778 2400 1846 2434 fau-

1096 2451 1204 2493 toriae,
1227 2449 1420 2483 defensionis
1443 2457 1473 2484 et
1497 2449 1720 2496 receptationis
1740 2449 1846 2483 huius>

1097 2499 1179 2532 modi
1216 2498 1430 2537 defenderint,
1457 2498 1747 2532 excommunicatos
1778 2499 1848 2532 sin-

1095 2548 1178 2593 gulis
1213 2547 1324 2581 diebus
1369 2547 1538 2581 dominicis
1582 2556 1612 2581 et
1649 2547 1766 2581 festivis
1816 2549 1845 2580 in

1098 2597 1274 2650 praes—entia
1304 2596 1411 2642 populi
1443 2596 1598 2630 nuncietis
1628 2603 1659 2630 et
1687 2607 1742 2642 per
1769 2596 1847 2630 alios

1098 2657 1238 2679 nunciari
1262 2645 1391 2679 faciatis.

1856 285 1905 311 An.
1924 285 1952 310 C.
1975 285 2041 311 t'itss

1867 1487 1894 1506 De
1912 1487 1949 1506 bac
1969 1487 2040 1512 publi—

1856 1518 1921 1537 canda
1937 1521 2040 1537 consutu-

1854 1551 1926 1570 tioue,
1956 1551 1977 1568 et
2001 1549 2040 1567 de-

1853 1579 1979 1598 nunciandis
2001 1583 2038 1598 ex-

1865 1611 2024 1629 communicatis

1853 1641 1970 1660 huiusmodi
1986 1640 2039 1660 hae-

1852 1673 2037 1694 10111’15,010.,005

1863 1702 2025 1722 defendentibus

1925 1735 1965 1752 etr,
