2274 3265
221 261 262 287 Xn.
282 261 309 286 (ἶ,
329 261 393 286 1:33⁴.)

227 1011 296 1036 Quieti
321 1012 341 1029 et
365 1010 398 1029 in-

215 1042 324 1061 demnitati
353 1047 398 1061 mo-

215 1073 328 1092 nasterior.
347 1078 399 1092 con-

216 1103 297 1122 sulit-ir.

230 1695 341 1714 osum-nn
354 1699 403 1719 pio-

220 1726 334 1745 nueiarum
367 1728 404 1749 pro

221 1758 282 1776 oletis
308 1755 404 1781 capitulis

222 1786 362 1806 utelimndis.

459 248 526 280 4:32

411 313 624 360 praesidentes
651 311 828 358 praedictos
856 308 1162 356 proriinzialilntsea-

410 362 515 408 pitnlis
531 389 539 400 ,
571 368 601 395 et
619 359 792 407 (pteinliliet
810 358 1008 397 eorumdem,
1026 369 1160 403 quornm

409 412 526 446 ollensa
554 417 724 444 coneeruet
750 421 858 442 eorum
889 407 1077 454 provinciale
1110 418 1163 438 ‹ra-

412 461 560 507 pitnlnni„
588 467 641 492 aut
670 470 723 504 per
751 458 926 491 visitatores
962 454 1163 501 ‹leputainlos

409 510 448 544 al)
469 522 519 550 θος
547 509 589 542 illi
614 519 750 554 qnorum
779 507 896 541 oll'ensa
932 505 1075 551 respiciet
1115 516 1163 536 an>

411 559 501 593 uuale
522 557 710 603 capitulum,
732 568 786 603 per
810 555 963 602 praelatos
985 553 1037 600 qni
1058 553 1165 586 liuius-

413 607 496 642 inodi
526 607 627 640 annali
644 618 698 640 seu
726 604 894 639 annalibus
916 603 1061 649 capitulis
1082 614 1165 648 prae-

412 658 539 696 l'nerint,
567 664 618 691 aut
643 669 698 702 per
716 655 801 701 ipsos
823 653 975 699 praelatos
994 652 1164 689 risitantes,

411 719 466 741 seu
492 719 547 753 per
574 705 750 740 visitatores
776 703 942 749 deputatos
959 701 997 736 al)
1016 701 1073 741 eis,
1089 712 1166 733 eon-

412 768 489 801 grtia
517 754 728 790 satisfactione
759 752 939 797 praemissa,
962 749 1078 784 absolvi
1114 761 1166 782 ra-

413 806 507 844 leaut,
530 804 589 838 nisi
611 804 714 837 forsan
733 802 851 835 oll'ensa
875 800 952 833 adeo
979 799 1083 843 gravis
1105 797 1167 831 exi—

412 862 518 894 steret,
546 853 630 900 quod
659 863 754 898 super
781 862 814 884 ea
848 848 949 883 Sedes
987 847 1165 894 Apostoliea

414 904 493 937 l'oret
521 902 635 937 merito
658 898 865 935 consulenda.

462 952 483 997 ἓ
512 954 566 985 18.
596 950 632 985 Ut
652 958 756 983 autem
787 947 983 993 professores
1005 944 1167 990 religionis

414 997 556 1035 eiusdem
591 999 730 1046 quietius
757 1005 784 1030 et
810 996 939 1029 liberius
963 994 1082 1028 valeant
1108 993 1167 1027 Do-

416 1050 501 1084 mino
527 1048 680 1087 famulari,
699 1047 839 1080 districte
866 1043 1075 1090 praecipimus
1106 1050 1165 1076 tam

417 1097 631 1137 Dioccesanss,
659 1109 753 1144 qnam
784 1093 946 1141 personis,
973 1105 1052 1139 (piae,
1095 1104 1167 1137 pro-

418 1147 603 1183 vincialibus
629 1145 778 1192 capitulis
806 1142 1040 1189 praesidebunt,
1064 1149 1096 1174 ut
1120 1141 1167 1174 ad-

414 1205 550 1237 vocatos,
579 1205 738 1243 patronos„
755 1201 927 1238 magnates,
950 1199 1099 1228 rectores,
1123 1191 1168 1223 vi-

413 1247 606 1283 cedominos,
645 1244 790 1279 consules
807 1269 814 1282 ‚
855 1241 969 1275 milites
1008 1247 1037 1273 et
1071 1252 1168 1285 quos-

414 1307 550 1342 cumque
567 1294 644 1329 alios
658 1306 712 1340 per
724 1303 890 1327 cetu-nram
911 1289 1169 1330 eeclesiasticam,

414 1344 622 1392 appellatione
651 1350 780 1385 remota,
808 1346 1021 1386 compescant,
1051 1350 1088 1371 ne
1116 1350 1170 1370 ea-

417 1393 575 1428 tliedrales
602 1392 775 1431 Ecclesias,
800 1388 987 1423 monasteria
1017 1394 1070 1420 aut
1105 1385 1169 1420 loca

418 1442 577 1489 religionis
603 1441 743 1475 eiusdem
759 1440 762 1443 ⁴
780 1445 983 1486 praesumant
1011 1435 1169 1468 attendere

417 1493 446 1526 iu
470 1491 614 1538 personis
640 1498 693 1524 aut
716 1488 809 1522 rebus
836 1499 958 1526 eornm,
985 1496 1115 1531 eosque,
1145 1484 1169 1517 si

419 1541 496 1576 l'orte
518 1539 636 1575 eisdem
666 1539 801 1572 omasus
824 1535 998 1573 intulerint,
1015 1535 1051 1567 ad
1068 1533 1171 1566 satisa-

419 1589 552 1624 eendnm
580 1590 626 1623 eis
654 1586 844 1633 compellere
874 1598 935 1618 non
964 1583 1120 1617 omittant.

468 1639 487 1685 S
506 1641 558 1672 19.
581 1637 621 1672 Ut
636 1647 738 1671 autem
756 1636 794 1669 «le
811 1634 994 1681 provinciis,
1010 1633 1038 1665 in
1056 1631 1173 1678 quibus

420 1688 501 1722 dieta
535 1686 732 1734 provincialia
761 1684 894 1731 capitula
936 1682 1050 1716 l'uerint
1088 1680 1172 1714 cele-

422 1736 550 1777 branda,
564 1736 711 1770 distincta
726 1734 870 1768 limitatio
886 1731 1048 1770 habeatnr,
1066 1742 1122 1763 nec
1134 1729 1173 1762 de

421 1786 497 1833 ipsis
533 1786 562 1819 in
588 1794 748 1832 posterum
773 1783 959 1825 liaesitetur,
1001 1778 1174 1826 quamlibet

421 1835 614 1882 provinciam
637 1833 740 1880 quoad
766 1830 947 1866 huiusmodi
972 1827 1173 1876 provincialia

421 1884 555 1920 tenenda
591 1892 620 1918 et
654 1881 841 1917 celebranda
875 1879 1035 1927 capitula,
1083 1884 1176 1924 prout

420 1935 575 1981 sequitur,
597 1933 781 1967 limitamus.
805 1930 838 1964 In
869 1929 980 1976 primis
1004 1927 1077 1962 ui·th
1109 1925 1175 1960 Ro-

422 1995 513 2017 mana
536 1994 607 2017 enm
631 1979 868 2028 episcopatibus
884 1978 974 2012 nobis
997 1975 1176 2010 immediate

422 2032 593 2072 subiectis,
633 2033 662 2065 in
705 2039 809 2064 nostra
845 2027 970 2075 speciali
1017 2025 1175 2071 provincia

423 2081 612 2120 constitutis,
640 2092 712 2114 cum
748 2086 811 2113 toto
840 2089 936 2123 regno
963 2076 1091 2111 Siciliae
1120 2086 1176 2119 pro

426 2143 483 2164 nna
508 2130 668 2178 provincia
684 2136 894 2175 computatur.
912 2124 1075 2160 Provincia
1092 2122 1178 2156 The-

426 2180 516 2221 bana,
535 2178 707 2218 Cretensis,
724 2175 939 2214 Atheniensis,
968 2172 1177 2215 patracensis,

425 2228 657 2263 Corinthiensis
684 2236 713 2261 et
740 2225 971 2272 Neopatensis,
999 2235 1071 2257 enm
1115 2229 1178 2255 toto

428 2277 636 2323 patriarchatu
652 2274 1003 2320 Constantiuoi‘iolitano
1027 2283 1083 2319 pro
1107 2282 1177 2304 nna.

427 2326 571 2373 Regnum
588 2326 683 2374 Cypri
699 2338 754 2373 pro
770 2337 840 2359 una.
859 2324 1005 2370 Regnum
1033 2320 1179 2355 Corsicae

427 2385 458 2410 et
483 2376 648 2410 Sardiniae
678 2387 732 2422 pro
762 2386 833 2409 una.
863 2372 1028 2407 Provincia
1051 2370 1179 2408 Pisana,

430 2425 615 2465 tanuonsis,
648 2423 894 2459 Mediolanensis
921 2431 950 2456 et
988 2421 1179 2458 Ravennas,

429 2487 499 2508 eum
523 2473 758 2521 episcopatibus
781 2471 1036 2514 Placentinensi⁷
1069 2468 1181 2502 Ferra-

431 2524 524 2558 riensi
540 2534 568 2558 et
585 2523 776 2557 Ariminensi
794 2534 934 2569 prouna.
948 2519 1182 2555 patriarchatus

434 2573 644 2619 Aquileiensis
661 2581 690 2606 et.
712 2571 894 2611 Gradensis,
917 2583 989 2604 enm
1010 2567 1182 2616 provinciis

432 2621 783 2669 ladrensi‚Spalateusi⁷
799 2620 1009 2666 Ragusiuensi
1033 2627 1058 2651 et
1091 2617 1182 2650 Ami-

987 254 1171 276 ttt'ttltttttzn

1204 251 1363 273 tumtum

1204 306 1326 339 barensi
1355 317 1410 350 pro
1436 316 1507 337 nna.
1534 303 1697 337 l‘rovincia
1718 301 1960 348 Strigouiensis‚

1203 354 1388 389 Colorensis
1403 366 1438 386 ae
1460 351 1657 385 (lnesnensis
1679 363 1751 384 euni
1775 351 1958 397 episcopatu

1204 402 1384 437 (hinrinensi
1403 414 1457 447 pro
1473 414 1542 435 nna.
1559 399 1716 445 Rigiensis
1732 412 1787 446 pro
1804 412 1873 434 tina.
1891 400 1961 433 Sat-

1205 451 1428 497 selnirgensis,
1453 449 1732 495 lllagdelnirgensis
1757 457 1788 482 et
1809 449 1962 482 Bremen-

1205 503 1316 547 sispro
1340 513 1410 534 nna.
1436 499 1646 538 Coloniensis,
1678 498 1905 543 Maguntiensis
1933 506 1962 531 et

1205 550 1412 584 'l'rexerensis
1434 561 1506 582 euin
1525 548 1708 594 episcopatu
1735 546 1961 593 Ramhergensi

1209 613 1263 646 pro
1294 613 1364 634 uitii.
1392 597 1642 635 lihrednnensis,
1671 597 1883 640 Viennensis,
1918 596 1962 630 A-

1206 650 1347 695 quensis,
1365 646 1557 682 Arelatensis
1575 659 1629 692 pro
1641 659 1712 680 nna.
1727 645 1963 692 Lugdunensis,

1206 697 1478 732 'l'liarantasiensis
1522 704 1552 730 et
1590 696 1755 730 llisuntina
1790 707 1845 742 pro
1890 708 1962 730 nna.

1207 748 1375 782 Remensis
1396 753 1425 779 et
1452 746 1647 780 Senonensis
1665 758 1720 792 pro
1735 758 1807 779 uini.
1841 744 1964 779 Retho-

1209 798 1368 843 inageusis
1396 804 1423 830 et
1452 796 1648 829 Turonensis
1678 807 1732 840 pro
1771 807 1845 828 una.
1882 794 1964 828 Bur-

1208 846 1386 891 ‹legalensis
1421 852 1451 878 et
1479 844 1687 879 Biturieensis
1743 856 1814 878 cum
1838 843 1965 890 episco-

1210 903 1281 939 patu
1327 893 1488 928 aniciensi
1529 906 1584 939 pro
1623 906 1695 927 uua.
1732 892 1964 930 Narbonensis,

1208 944 1387 978 'l'liolosana
1411 950 1441 975 et
1466 943 1618 976 Ausitana
1642 954 1698 989 pro
1715 954 1786 976 tina.
1810 942 1964 976 Tarraco-

1210 993 1316 1028 nensis
1347 1001 1376 1027 et
1410 992 1704 1038 Caesaraugustana
1732 1003 1803 1025 cnm
1839 991 1965 1037 episco-

1211 1051 1282 1087 patu
1312 1042 1510 1076 lllaioricensi
1540 1054 1594 1087 pro
1632 1053 1704 1074 tina.
1731 1039 1964 1079 Toletanensis‚

1211 1091 1424 1138 Hispalensis,
1459 1088 1788 1136 Compostellanensis
1809 1097 1839 1123 et
1873 1089 1967 1123 Brac-

1209 1141 1349 1175 carensis
1374 1153 1428 1187 pro
1453 1153 1523 1173 una.
1555 1138 1793 1174 Cautnariensis
1816 1145 1846 1171 et
1878 1137 1966 1173 Ebo-

1212 1190 1350 1224 raeensis
1373 1203 1428 1235 pro
1453 1201 1525 1223 tina.
1554 1188 1631 1223 'lfota
1662 1188 1783 1222 [hernia
1809 1200 1864 1234 pro
1893 1199 1965 1221 una.

1212 1239 1357 1285 Regnum
1381 1239 1506 1273 Scotiae
1535 1251 1590 1283 pro
1613 1250 1685 1271 una.
1704 1236 1812 1282 Regna
1836 1236 1966 1276 Damae,

1211 1288 1383 1333 Nor-regiae
1411 1297 1439 1321 et
1461 1287 1585 1321 Svetiae
1598 1299 1651 1332 pro
1667 1299 1724 1320 nna
1742 1285 1902 1332 provincia
1918 1285 1966 1319 ‹le-

1213 1345 1371 1383 putantur.
1387 1338 1420 1371 Si
1435 1337 1489 1383 qni
1508 1349 1579 1368 vero
1602 1336 1805 1382 episeopz‘itus
1830 1335 1875 1369 vel
1897 1346 1967 1369 mo-

1213 1387 1408 1421 nasteriaaut
1426 1387 1491 1419 loca
1514 1385 1569 1418 alia
1590 1385 1689 1419 dietae
1716 1384 1876 1429 religionis
1899 1383 1968 1417 exi-

1212 1444 1303 1479 stant,
1315 1448 1394 1482 quae
1409 1436 1438 1469 iu
1454 1435 1557 1480 aliqua
1572 1434 1724 1468 dictarum
1736 1433 1967 1479 provinciarum

1214 1485 1341 1518 minime
1359 1484 1568 1523 inelinlantni·‚
1589 1483 1691 1529 quoad
1719 1483 1799 1517 (licta
1829 1481 1965 1529 capitula

1215 1534 1413 1580 proxincialia
1432 1532 1645 1578 intelligantur
1659 1544 1728 1566 esse
1738 1532 1776 1565 de
1787 1531 1835 1565 illa
1848 1531 1970 1577 provin-

1213 1584 1272 1622 cia,
1301 1584 1350 1617 cni
1380 1583 1527 1617 viciniora
1556 1582 1689 1616 existere
1725 1581 1968 1626 dignoscuntur.

1263 1634 1282 1678 g
1305 1634 1361 1665 20.
1387 1631 1570 1665 Visitatores
1593 1630 1764 1676 siqnidem,
1788 1630 1840 1676 qui
1859 1642 1971 1664 seeun-

1214 1681 1289 1715 dnm
1325 1681 1582 1715 constitutionem
1611 1680 1685 1714 dieti
1714 1679 1871 1724 genien-alis
1892 1691 1972 1713 eon-

1215 1731 1277 1765 eilii
1317 1731 1432 1764 l'uerint
1467 1731 1497 1764 iu
1540 1729 1786 1776 provincialibus
1825 1728 1973 1775 capitulis

1215 1780 1381 1827 deputati,
1422 1780 1486 1813 sint
1521 1779 1634 1813 soliciti
1668 1779 1748 1813 eirca
1787 1777 1971 1812 huiusmodi

1217 1830 1403 1863 visitationis
1418 1829 1554 1863 ollieiun]
1574 1828 1810 1875 exequendum,
1833 1835 1862 1861 et
1876 1839 1974 1874 quau-

1217 1887 1280 1913 tum
1305 1878 1398 1913 statui
1423 1887 1453 1913 et
1488 1878 1631 1924 religioni
1668 1890 1778 1912 eorum
1814 1877 1973 1919 convenit,

1216 1928 1381 1962 ohservare
1405 1927 1564 1971 studeant,
1598 1939 1679 1974 qnae
1707 1927 1737 1960 in
1769 1926 1862 1960 dictis
1894 1938 1974 1960 eon-

1217 1977 1435 2012 stitutiouibus
1459 1976 1668 2024 praelatorum
1698 1975 1824 2010 concilii
1848 1983 1879 2009 et
1906 1975 1974 2009 Ilo—

1219 2027 1297 2061 uorii
1321 2035 1396 2061 sunt
1417 2034 1542 2060 statuta.
1571 2025 1663 2067 Quod
1687 2025 1711 2059 si
1740 2025 1903 2060 omiserint
1924 2024 1974 2058 illa

1218 2076 1330 2122 exequi
1356 2076 1562 2121 negligenter,
1582 2087 1598 2109 a
1628 2073 1877 2121 praesidentibus
1900 2086 1974 2120 pro-

1220 2125 1406 2160 vincialibus
1432 2124 1591 2171 capitulis,
1610 2136 1708 2170 quum
1733 2124 1777 2157 eis
1792 2123 1973 2156 huiusmodi

1221 2175 1409 2221 negligentia
1427 2183 1498 2208 nota
1515 2173 1621 2213 suerit,
1636 2173 1771 2219 graviter
1791 2181 1974 2218 arguantur,

1220 2233 1249 2258 et
1273 2236 1326 2270 per
1349 2237 1415 2268 eos,
1439 2231 1530 2270 prout
1552 2222 1687 2269 qualitas
1703 2222 1813 2269 eulpae
1832 2222 1973 2267 ipsorum

1221 2274 1370 2319 exegerit,
1400 2273 1583 2320 puniantur.
1612 2271 1653 2306 Ut
1685 2280 1790 2306 autem
1817 2271 1973 2305 dictorum

1223 2322 1416 2357 visitatorum
1434 2322 1572 2357 osticium
1594 2333 1665 2355 eum
1688 2320 1772 2355 omni
1796 2320 1976 2355 sinceritate

1223 2372 1382 2418 procedat,
1410 2372 1588 2406 districtius
1611 2370 1792 2405 inhibemus
1807 2397 1814 2411 ‚
1843 2383 1881 2405 ne
1903 2369 1976 2416 quis

1223 2422 1361 2456 visitator
1381 2425 1424 2465 (l)
1441 2422 1499 2455 silli
1519 2421 1658 2468 deputati
1678 2420 1788 2454 eodeni
1811 2432 1894 2454 anno
1907 2431 1976 2453 esse.

1224 2471 1319 2505 valeat
1362 2472 1508 2505 visitator.
1553 2470 1632 2505 Dicti
1666 2478 1769 2504 autem
1800 2469 1976 2503 visitatores

1223 2529 1252 2554 et
1272 2520 1437 2554 familiares
1452 2533 1559 2555 eorum
1588 2520 1616 2553 in
1641 2519 1780 2554 Ecclesia
1804 2518 1974 2553 cathedrali

1223 2582 1277 2603 sen
1303 2570 1494 2604 monasterio
1510 2570 1555 2603 vel
1578 2569 1639 2603 alio
1664 2569 1731 2603 loco
1755 2568 1916 2614 religionis
1938 2567 1975 2601 ad

1259 2632 1297 2665 (l)
1316 2631 1412 2657 Forsan
1434 2634 1587 2657 rixilntoris.

1978 245 2026 271 Au.
2041 244 2069 270 e.
2085 234 2157 270 *¹530

2000 1634 2027 1654 De
2039 1635 2168 1654 visitatorum

1985 1667 2068 1686 nunriis.
