2274 3265
960 288 1057 310 limax
1079 287 1192 310 RERUM
1738 279 1805 317 755

312 341 507 389 Capitolinae
529 344 642 379 Curiae
671 344 811 379 iudicum
841 344 971 380 facultas
993 343 1105 392 qualis,
1135 345 1205 389 596
1227 345 1256 378 b

312 391 527 427 Cardinalium
556 393 711 440 dignitas,
739 396 784 428 88
812 395 838 428 b
870 393 945 429 Pars
967 393 999 428 S.
1023 392 1062 427 R.
1091 392 1126 426 E.
1151 392 1332 436 reddituum
1361 394 1406 428 eis
1433 393 1578 435 addicta
1602 397 1647 433 89
1675 407 1704 429 α.
1734 394 1851 443 Eorum

412 442 553 477 titulares
568 442 679 477 domos
699 443 824 478 retineri
840 450 868 476 et
893 442 1054 477 inhabitari
1073 454 1088 476 a
1112 434 1198 477 laicis
1220 450 1249 477 et
1272 442 1419 477 foeminis
1436 443 1622 490 prohibetur
1644 443 1704 478 sub
1731 455 1855 484 excom-

413 491 636 528 1111111101ῑίοηί5·
659 504 770 538 poena,
794 493 864 526 289
887 505 916 526 α
941 491 1031 526 Pacta
1055 503 1162 525 eorum
1192 500 1262 527 ante
1285 491 1473 527 electionem
1497 492 1620 527 Summi
1645 492 1854 528 Pontificisin

414 540 640 585 praeiudicium
670 541 863 576 auctoritatis
892 541 1034 575 eiusdem
1059 540 1132 574 inita
1156 548 1328 582 cassantur,
1357 542 1427 575 506
1450 554 1478 575 α.
1508 540 1629 576 Causae
1658 541 1856 577 beneficiales

412 589 490 623 infra
514 602 668 624 summam
693 592 740 625 60
769 590 877 625 floren.
895 602 961 624 aur.
990 590 1036 624 eis
1072 602 1133 624 non
1150 589 1409 634 committendae,
1427 592 1497 623 713
1519 592 1546 625 b.
1572 590 1690 625 Eorum
1721 591 1855 625 inclusio

413 638 443 671 in
467 638 619 673 conclavi.
655 641 689 672 V.
718 639 885 674 Conclavis
904 639 999 685 leges.

312 686 492 722 Carmelitis
513 687 697 722 conceditur
717 697 760 728 ut,
783 688 922 723 dimissis
945 688 1074 723 omnino
1090 687 1245 722 mantellis
1267 687 1464 722 diversorum
1488 688 1641 734 colorum,
1655 689 1764 736 cappis
1778 689 1857 723 albis

412 743 550 780 utantur,
582 739 650 771 153
676 750 707 772 a.

311 784 413 820 Caroli
437 794 467 821 et
489 786 651 821 Venceslai
681 799 788 833 regum
815 786 1030 821 Romanorum
1054 786 1177 821 foedera
1205 786 1360 833 quaedam
1383 799 1455 821 cum
1481 786 1645 821 haereticis
1674 787 1749 822 inita
1773 786 1857 822 nulla

410 834 619 875 declarantur,
643 838 713 870 584
742 850 771 870 a.

310 883 445 918 Carolus
474 883 484 918 Ι
508 884 756 931 Andegavensis,
783 885 911 920 Siciliae
946 898 1010 926 rex,
1034 892 1145 920 statuta
1170 885 1320 920 nonnulla
1343 885 1442 920 sancit
1465 886 1496 919 in
1525 898 1620 932 regno
1647 885 1759 921 eodem
1789 898 1859 928 ser-

411 933 519 975 vanda,
544 936 589 968 72
612 947 640 968 α.

309 981 443 1017 Carolus
466 982 504 1026 ll,
527 983 653 1019 Siciliae
677 996 741 1028 rex,
764 983 1059 1020 Ecclesiasticorum
1084 984 1283 1020 indemnitati
1308 997 1478 1031 rerumque
1500 984 1537 1019 ad
1554 997 1608 1019 eos
1632 985 1856 1033 pertinentium

408 1010 557 1076 constilit‚
585 1034 631 1067 80
654 1034 681 1066 b.

308 1079 442 1116 Carolus
463 1081 534 1115 IV
529 1094 604 1128 imp.
629 1082 713 1128 leges
735 1082 833 1117 sancit
862 1094 917 1129 pro
937 1082 1079 1117 libertate
1106 1082 1331 1128 ecclesiastica,
1359 1085 1427 1118 614
1452 1096 1482 1118 α.

308 1129 442 1165 Carolus
468 1130 603 1177 Magnus
625 1130 799 1165 Ferrariam
820 1131 856 1166 ad
886 1131 1045 1169 Ecclesiae
1067 1131 1244 1167 dominium
1270 1132 1414 1173 vindicat,
1447 1135 1513 1167 ¹97
1540 1145 1569 1166 a.

309 1178 444 1214 Carolus
466 1179 582 1215 Mariae
610 1180 734 1226 reginae
761 1179 888 1215 Siciliae
912 1193 1020 1228 nepos.
1053 1182 1084 1214 V.
1108 1181 1203 1216 Maria
1231 1181 1359 1216 Siciliae
1382 1180 1499 1226 regina.

308 1228 444 1264 Carolus
465 1228 622 1264 Moraviae
644 1230 708 1264 dux
733 1229 762 1263 in
787 1230 1008 1276 imperatorem
1032 1230 1170 1276 eligitur,
1195 1233 1265 1265 493
1291 1243 1322 1265 α.
1345 1230 1559 1265 Confirmatur
1586 1243 1601 1265 a
1628 1229 1794 1266 Clemente
1816 1229 1857 1263 VI

308 1326 440 1362 Carolus
462 1326 608 1362 Valesius
622 1327 661 1371 ΙΙ,
675 1327 802 1362 Siciliae
825 1339 890 1371 rex,
913 1327 1042 1362 obtento
1065 1341 1080 1362 a
1096 1328 1129 1363 S
1148 1328 1185 1362 Α.
1206 1328 1291 1374 regni
1306 1327 1496 1375 Aragonici
1490 1341 1557 1363 iure
1574 1327 1711 1369 decedit,
1735 1332 1797 1363 151
1826 1341 1857 1361 a.

309 1376 570 1411 Cartusianorum
603 1375 716 1411 Ordini
751 1376 951 1423 privilegium
980 1376 1073 1411 datur
1112 1377 1219 1412 utendi
1252 1377 1348 1412 altare
1379 1377 1516 1424 portatili
1556 1390 1611 1424 pro
1646 1377 1858 1423 celebratione

408 1426 576 1460 missarum
606 1426 635 1460 111
673 1425 749 1460 locis
771 1425 810 1460 ad
833 1425 988 1460 Ordinem
1009 1426 1242 1480 spectantibus
1273 1428 1343 1461 520
1378 1440 1408 1461 α.
1446 1427 1548 1461 Huius
1578 1425 1709 1461 Ordinis
1748 1425 1858 1460 fratres

408 1475 592 1509 eximuntur
612 1487 627 1509 a
654 1474 890 1516 iurisdictione,
921 1475 1099 1510 xisitatione
1135 1484 1165 1510 et
1199 1476 1395 1510 correctione
1422 1476 1644 1523 episcoporum
1668 1484 1698 1510 et
1724 1475 1857 1510 aliorum

407 1524 563 1565 omnium,
587 1525 658 1558 6112
684 1537 715 1565 ας
744 1536 868 1559 necnon
888 1538 902 1559 a
926 1525 1082 1561 solutione
1110 1525 1319 1572 primitiarum
1342 1533 1372 1560 et
1399 1525 1606 1565 decimarum,
1629 1525 1700 1560 695
1723 1525 1751 1559 b.

308 1573 508 1608 Cassinensis
542 1573 721 1608 Monasterii
764 1573 907 1609 Ecclesia
952 1575 981 1608 in
1029 1574 1258 1619 cathedralem,
1296 1575 1522 1609 monasterium
1571 1575 1600 1608 in
1640 1574 1858 1621 episcopatum

408 1623 586 1669 eriguntur,
609 1624 680 1658 500
703 1624 730 1657 b.
754 1622 843 1658 Novo
861 1623 1056 1670 episcopatui
1076 1624 1237 1671 privilegia
1252 1624 1378 1667 dantur,
1403 1626 1465 1658 301¹
1496 1626 1523 1658 b.
1553 1623 1668 1658 Iterum
1693 1622 1858 1658 abbatialis

408 1671 553 1713 efficitur,
576 1680 606 1706 et
629 1672 855 1707 monasterium
879 1672 1044 1714 abbatiale
1060 1675 1132 1708 5⁰25
1154 1675 1182 1708 b

310 1720 491 1756 Castrensis
510 1721 651 1756 Ecclesia
673 1720 713 1756 ab
734 1720 877 1757 Albiensi
905 1722 1032 1757 divisa
1026 1735 1055 1756 in
1079 1723 1297 1769 episcopatum
1326 1723 1469 1772 erigitur⁷
1497 1725 1567 1757 24⁴2
1590 1724 1607 1756 b
1634 1729 1664 1756 et
1685 1735 1745 1769 seq

309 1769 486 1806 Cathedrae
515 1770 715 1817 Apostolicae
742 1770 934 1815 sublimitas,
963 1774 1008 1807 49
1036 1774 1064 1806 b.

309 1818 467 1856 Catallum
490 1819 565 1867 quid
589 1820 640 1860 sit,
669 1822 739 1855 608
766 1821 795 1854 b.
830 1822 864 1854 V.
882 1829 946 1856 not.
975 1821 1012 1856 ad
1041 1821 1159 1856 calcem
1183 1821 1299 1856 colum.
1330 1821 1432 1857 eiusd.

309 1869 436 1904 Cathari
465 1869 634 1913 (haeretici)
660 1869 864 1918 ipsorumque
895 1870 961 1911 filii,
989 1871 1160 1918 complices
1182 1879 1212 1906 et
1240 1871 1377 1912 fautores
1399 1870 1728 1916 excommunicantur,
1756 1873 1801 1906 47
1825 1883 1856 1912 α,

409 1920 479 1954 559
502 1920 529 1953 b.
554 1918 700 1965 Ipsorum
723 1926 754 1954 et
775 1919 908 1954 aliorum
939 1932 1069 1967 poenae,
1093 1923 1137 1954 47
1161 1923 1189 1955 b.

309 1969 455 2004 Cavense
478 1968 665 2003 coenobium
691 1968 720 2002 111
739 1968 952 2015 episcopalem
980 1969 1088 2004 sedern
1111 1970 1253 2017 erigitur,
1277 1972 1347 2005 624
1370 1983 1400 2005 a.

310 2017 482 2053 Christiani
506 2017 543 2052 ad
578 2018 672 2053 ritum
709 2018 867 2053 indaicum
908 2026 1109 2054 transeuntes
1148 2019 1420 2059 condemnantur,
1456 2021 1502 2054 88
1529 2031 1559 2053 a.
1589 2018 1662 2055 Illos
1689 2018 1857 2062 Saracenis

411 2066 585 2103 vendentes
611 2067 808 2102 anathemate
835 2068 1063 2115 percelluntur,
1090 2070 1159 2104 720
1182 2071 1210 2103 b.

309 2117 535 2152 Cisterciensis
550 2115 637 2151 Ordo
661 2129 865 2152 monacorum
886 2117 919 2151 S.
936 2117 1100 2153 Benedicti
1124 2120 1323 2158 reformatur,
1338 2119 1410 2156 ,329
1426 2130 1456 2152 α.
1476 2117 1636 2154 Eximitur
1657 2130 1673 2152 a
1698 2117 1856 2153 solutione

410 2166 619 2206 decimarum,
649 2167 718 2201 707
741 2168 768 2201 b.

310 2217 414 2256 Clara,
443 2228 534 2251 soror
553 2216 733 2251 monasterii
748 2215 786 2251 S.
815 2215 928 2251 Crucis
951 2216 1159 2262 Neapolitani.
1189 2217 1224 2251 V.
1247 2216 1361 2253 Saucia
1378 2216 1486 2265 regina
1508 2215 1648 2252 Siciliae.

311 2266 583 2302 Claromontensis
605 2266 807 2312 episcopatus
834 2266 974 2312 erigitur,
999 2268 1070 2300 244
1092 2279 1122 2301 α.

311 2315 461 2351 Clemens
487 2314 515 2348 V
542 2314 625 2362 Papa
649 2326 728 2349 cxcv
744 2314 882 2361 eligitur
909 2316 977 2350 180
1004 2317 1032 2350 b.

312 2365 463 2400 Clemens
485 2363 525 2398 Vl
550 2363 634 2411 Papa
661 2375 788 2399 cxcviii
787 2343 944 2411 Deligitur,
965 2368 1034 2400 467
1058 2377 1087 2398 a.

311 2414 425 2450 Clerici
447 2426 509 2448 non
525 2413 669 2448 trahendi
692 2413 730 2448 ad
754 2391 867 2448 forum&
878 2414 1052 2457 saeculare,
1076 2415 1116 2448 81
1144 2426 1173 2448 α.
1198 2413 1315 2456 Eorum
1341 2415 1525 2453 immunitas
1543 2413 1582 2449 ab
1605 2414 1702 2458 invito
1714 2414 1858 2464 hospitio

411 2471 440 2498 et
462 2462 693 2507 exactionibus„
717 2464 791 2497 ibissd
819 2465 847 2497 b.
872 2462 1028 2509 lllegitimi
1045 2464 1070 2498 si
1094 2463 1168 2504 51111,
1186 2451 1224 2498 ad
1249 2463 1400 2498 beneficia
1422 2462 1637 2498 Ecclesiawm
1667 2462 1858 2510 patriarcha-

412 2513 488 2548 lium
511 2511 551 2547 de
572 2511 659 2547 Urbe
685 2511 807 2547 admitti
841 2524 904 2548 non
930 2520 1074 2560 possunt,
1102 2512 1222 2560 absque
1249 2512 1376 2560 speciali
1397 2511 1491 2549 Sedis
1505 2512 1705 2560 Apostolicae
1727 2513 1857 2562 dispen-

411 2562 550 2602 satione,
578 2563 648 2596 576
664 2574 694 2595 α.

311 2612 531 2646 Cluniacensis
549 2610 682 2645 Ordinis
697 2610 729 2646 S.
751 2610 915 2646 Benedicti
945 2611 1125 2649 reformatio
1148 2624 1163 2647 a
1191 2610 1346 2658 Gregorio
1369 2611 1414 2646 lx
1434 2610 1515 2646 facta
1531 2610 1719 2656 declaratur,
1739 2615 1832 2658 ssSo.

312 2660 566 2697 Coelestinorum
595 2661 808 2707 congregatio.
842 2662 877 2694 V.
895 2660 1149 2696 Caelestinorum
1172 2661 1429 2708 congregationis
1453 2667 1568 2697 statuta
1600 2668 1652 2700 etc.
