2274 3265
134 279 180 305 tn.
199 279 228 305 C.
249 280 310 305 mat
821 280 957 303 tomus*
989 281 1045 302 xxi
1074 269 1180 310 (dictus
1211 270 1293 310 xxti)
1317 280 1364 302 ιϊ.
1741 270 1812 303 ami
1881 280 1928 306 An.
1948 281 1974 306 st.
1997 281 2056 306 ¹32t

143 340 235 377 stadim?
273 334 489 375 ‘’e-eximiam,
523 348 615 381 quant
651 336 759 370 civitas
788 336 957 374 Perusina,
995 345 1072 370 terra

130 378 179 392 rusu
190 378 201 391 a
216 371 314 391 cto-men-

1116 335 1237 382 possint
1267 335 1384 369 ibideni
1408 344 1436 370 ct
1467 336 1495 370 iu
1520 336 1638 371 eisdem
1662 337 1865 371 facultatibus

130 406 149 422 te
184 402 199 421 v
228 404 313 422 mm..-
330 384 496 430 peculiaris
518 384 679 419 Romanae
715 385 872 425 Erec-siae,
901 385 938 420 ad
974 386 1071 432 ipsam
1129 385 1133 389 ’

1115 386 1203 418 titulo
1232 385 1401 430 magisterii
1430 385 1584 420 decorari:
1614 394 1802 427 statuentes,
1833 395 1865 421 ut

134 1234 184 1255 Data
199 1240 250 1254 vero

123 1265 201 1285 lounne
218 1265 306 1285 lacunas

123 1298 223 1322 eptncopo
243 1295 307 1316 Peru-

123 1329 169 1347 sino
217 1328 306 1347 studen-

122 1360 172 1378 tium
183 1358 305 1378 tieenttandi

122 1392 142 1410 iu
153 1393 241 1416 utroque
252 1391 304 1409 iurev

134 2022 253 2043 Facultates
269 2023 305 2043 liu-

119 2054 209 2074 iusmuui
242 2055 303 2073 etiam

120 2085 304 2104 admedicinamet

121 2120 178 2136 artes
210 2117 305 2137 extendit.

121 2146 159 2166 hac
200 2149 304 2167 constitu-

121 2181 192 2197 tione:

130 436 170 452 '¹¹¹¹'
189 433 227 459 '¹J·
328 433 500 468 Ecclesiam
529 433 567 467 ab
589 435 661 468 olim
692 434 839 468 babuisse,
866 435 1073 480 dignoscitur,

327 492 354 516 et
392 483 475 530 quod
505 483 571 519 illas
598 484 634 518 ad
669 496 736 518 eam
764 485 966 518 successibus
1000 493 1075 519 teni-

327 545 437 578 porum
461 533 499 567 de
522 533 604 567 bono
627 533 655 566 in
685 533 797 567 melius
824 541 1072 579 augumeularat,

327 582 457 628 dignum
481 582 568 616 duxit
591 591 620 617 et
642 583 789 628 aequitati
813 595 989 617 consonum
1013 585 1074 617 exi-

326 632 473 676 stimavit,
503 640 534 666 ut
557 632 713 666 civitatem
731 631 885 676 eamdem,
909 646 1000 680 quam
1017 633 1073 667 di-

328 682 395 716 vina
418 681 513 728 gratia
538 681 705 715 multarum
740 683 952 729 praerogativa
982 683 1073 717 boni-

327 739 424 765 tatum
451 731 585 776 gratiose
607 731 779 771 dotaverat,
803 732 1007 767 concessione
1024 745 1072 778 ge·

328 781 440 815 neralis
461 780 562 814 Studii
602 781 782 826 insigniret:
817 792 847 816 et
880 791 913 816 ut
945 791 1072 817 auctore

327 829 393 864 Deo
428 842 464 863 ex
498 830 621 865 civitate
649 831 713 877 ipsa
745 831 994 878 producerentur
1017 833 1070 866 viri

325 880 452 914 scientia
476 880 718 928 praepollentes,
740 882 922 916 auctoritate
946 891 1072 929 aposto-

326 929 381 963 lica
404 930 522 970 statuit,
552 938 584 964 ut
617 930 645 964 in
669 942 703 964 ea
732 939 813 965 esset
839 931 986 966 Studium
1014 944 1071 977 ge-

325 978 439 1017 nerale,
462 979 603 1027 illudque
628 980 742 1026 vigeret
772 981 885 1015 ibidem
911 982 1072 1029 perpetuis

323 1029 435 1063 suturis
464 1029 661 1076 temporibus
685 1030 714 1064 in
743 1030 880 1077 qualibet
905 1031 1070 1074 facultate,

323 1086 414 1123 prout
448 1079 477 1112 in
511 1079 609 1113 literis
643 1080 893 1124 praedecessoris
927 1081 1069 1115 eiusdem

323 1127 394 1162 inde
428 1128 582 1163 confectis
611 1128 733 1174 plenius
760 1129 874 1163 dicitur
904 1131 1069 1165 contineri.

370 1177 390 1224 g
417 1180 450 1212 2.
480 1178 526 1212 Ac
552 1178 784 1223 subsequenter
818 1192 886 1222 nos,
915 1180 982 1214 licet
1016 1181 1070 1213 im-

296 1242 306 1254 a
322 1227 437 1271 meriti,
459 1227 496 1261 ad
519 1228 638 1273 apicem
661 1228 785 1262 Summi
808 1229 1010 1275 Apostolatus
1025 1242 1070 1263 as-

321 1277 450 1323 sumpti,
486 1277 642 1311 civitatem
678 1277 820 1311 eamdem
845 1287 972 1325 propter
994 1291 1069 1313 suae

320 1325 495 1360 devotionis
529 1326 683 1371 insignia,
718 1327 832 1373 quibus
867 1340 900 1362 se
940 1328 1068 1374 dignam

321 1375 521 1421 Apostolicae
540 1375 632 1409 Sedis
654 1378 751 1422 gratia
779 1376 959 1421 exhibebat,
990 1377 1069 1412 nbe-

321 1425 403 1459 riore
424 1425 508 1459 dono
542 1427 658 1471 gratiae
699 1427 845 1473 prosequi
883 1428 1068 1474 cupientes,

320 1475 503 1509 auctoritate
536 1475 706 1522 apostolica
729 1476 768 1510 de
792 1476 920 1510 fratrum
946 1486 1070 1511 nostro-

321 1536 389 1557 rum
410 1524 554 1563 consitio,
583 1525 750 1559 venerabili
775 1525 858 1560 fratri
884 1535 990 1561 nostro
1006 1527 1070 1573 epi-

320 1586 417 1619 scopo
456 1573 610 1608 Perusino
648 1584 677 1608 et
720 1576 956 1610 successoribus
1001 1577 1069 1611 eius

319 1623 476 1670 episcopis
503 1623 677 1668 Perusinis,
704 1626 756 1672 qui
784 1634 888 1660 essent
913 1639 968 1672 pro
988 1635 1069 1660 tem-

321 1685 407 1719 pore,
437 1673 636 1720 impertiendi
674 1676 816 1721 personis
851 1676 887 1710 ad
913 1677 971 1710 boc
1000 1676 1069 1710 ido-

320 1722 387 1756 neis
411 1722 544 1757 docendi
574 1723 728 1758 licentiam
764 1725 792 1758 in
823 1725 889 1760 iure
917 1727 1068 1760 canonico

318 1781 348 1806 et
369 1772 451 1806 civili
489 1773 573 1807 iuxta
608 1782 727 1808 certum
753 1775 882 1809 modum
918 1775 946 1809 in
971 1775 1069 1809 literis

319 1822 434 1856 nostris
460 1834 662 1869 expressum,
692 1824 821 1858 liberam
850 1826 1067 1859 concessimus

320 1879 523 1919 potestatem,
548 1882 639 1919 prout
656 1873 685 1907 in
705 1874 823 1909 eisdem
842 1875 935 1909 literis
955 1875 1068 1909 uostris

320 1921 445 1968 plenius
472 1930 502 1955 et
529 1922 681 1957 seriosius
709 1924 898 1958 continetur.

367 1970 387 2016 g
414 1974 446 2004 3.
481 1969 729 2006 Considerautes
766 1974 876 2019 igitur,
903 1974 986 2021 quod
1015 1986 1068 2008 ea-

319 2019 389 2053 dem
411 2020 520 2054 civitas
541 2029 667 2068 propter
686 2023 752 2057 eius
772 2024 1010 2057 commoditates
1039 2031 1067 2057 ct

319 2069 517 2104 conditiones
550 2071 804 2118 quamplurimas
830 2082 876 2107 est
911 2086 972 2107 nou
1001 2085 1068 2107 mo-

319 2118 426 2153 dicum
467 2128 535 2165 apta
576 2120 797 2161 studentibus,
831 2136 866 2157 ac
904 2131 1066 2170 propterea

319 2169 540 2204 concessiones
563 2170 743 2205 huiusmodi
772 2172 813 2206 ob
835 2174 993 2219 profectus
1016 2185 1068 2219 pu-

320 2217 428 2258 blicos,
456 2231 537 2265 quos
564 2220 677 2254 exinde
700 2223 864 2267 provenire
891 2234 1066 2269 speramus,

318 2267 468 2314 ampliare
496 2268 645 2310 volentes,
682 2271 852 2317 apostolica
884 2273 1067 2307 auctoritate

318 2317 504 2358 statuimus,
540 2327 574 2353 ut
605 2321 629 2353 si
655 2323 708 2366 qui
735 2334 885 2368 processu
915 2323 1067 2369 temporis

320 2367 349 2400 in
383 2367 494 2402 eodem
522 2367 635 2403 Studio
670 2370 804 2414 fuerint,
832 2372 884 2418 qui
913 2371 1005 2406 ctiam
1036 2373 1065 2406 in

320 2417 494 2452 inedicinali
530 2419 657 2453 scicntia
686 2428 715 2453 et
739 2420 920 2455 liberalibus
946 2422 1066 2456 artibus

319 2466 467 2501 scientiae
495 2468 635 2502 bravium
671 2472 824 2513 assecuti,
852 2472 909 2505 sibi
934 2471 1064 2506 docendi

319 2516 488 2555 licentiam,
508 2525 541 2551 ut
559 2518 636 2552 alios
651 2517 778 2553 liberius
793 2520 918 2554 erudire
934 2521 1065 2563 valeant,

319 2566 463 2611 petierint
504 2567 534 2600 in
576 2577 781 2614 perpetuum,
826 2570 855 2603 in
899 2570 1066 2617 praedictis

318 2615 495 2650 medicinali
518 2617 648 2651 scientia
683 2626 713 2652 et
744 2619 863 2653 artibus
893 2621 1063 2655 examinari

351 2673 390 2708 (l)
407 2673 473 2700 vide
489 2675 514 2700 in
532 2674 622 2701 eodem
641 2675 784 2702 Clemente.

1114 435 1261 481 quotiens
1283 434 1377 480 aliqui
1408 435 1436 468 in
1468 435 1636 481 praedictis
1660 436 1815 470 medicina
1835 445 1862 469 et

1114 483 1234 517 artibus
1254 484 1368 518 fuerint
1391 484 1594 525 doctoraudi,
1623 494 1864 532 praesententur

1114 533 1265 579 episcopo
1293 533 1458 576 Perusino,
1481 534 1534 580 qui
1558 546 1614 581 pro
1638 543 1776 582 tempore
1795 536 1864 570 sue-

1115 583 1164 623 rit,
1190 583 1233 616 rel
1263 582 1302 625 ei,
1325 594 1417 629 quem
1442 582 1478 616 ad
1509 583 1567 617 boc
1596 585 1774 630 praedictus
1793 585 1865 632 epi-

1113 644 1230 678 scopus
1252 631 1376 666 duxerit
1410 632 1645 679 deputandum,
1681 635 1734 681 qui
1764 635 1864 681 magi-

1113 683 1186 715 stris
1210 682 1391 715 buinsmodi
1418 682 1584 726 facultatis,
1613 683 1642 716 in
1666 696 1726 730 qua
1749 686 1865 718 exami-

1115 731 1198 765 natio
1235 731 1326 765 fuerit
1364 731 1518 771 facienda,
1547 733 1576 766 in
1611 733 1717 767 studio
1751 734 1862 768 eodem

1115 781 1342 827 praesentibus,
1370 782 1423 828 qui
1447 781 1484 816 ad
1511 782 1616 816 minus
1638 790 1774 829 quatuor
1798 796 1864 817 uu—

1114 843 1199 864 mero
1236 830 1275 865 in¹
1309 831 1541 865 examinatione
1574 831 1754 867 huiusmodi
1795 845 1864 867 esse

1113 879 1260 923 debeant,
1279 881 1459 915 convocatis
1481 893 1535 915 eos
1553 882 1660 927 gratis,
1684 891 1713 916 et
1733 881 1865 917 difficul-

1113 937 1173 963 tate
1200 942 1398 977 quacumquc
1425 930 1558 972 sublata,
1586 930 1625 965 de
1648 932 1791 974 scicntia,
1819 932 1864 966 fa-

1113 979 1239 1024 cundia,
1274 979 1367 1014 modo
1401 980 1537 1027 legendi,
1560 990 1589 1015 et
1616 980 1695 1025 aliis,
1722 994 1803 1028 qnae
1833 982 1862 1016 in

1113 1029 1336 1075 promovendis
1359 1029 1394 1063 ad
1419 1029 1601 1065 doctoratus
1629 1043 1683 1065 sen
1700 1032 1863 1078 magistra-

1112 1086 1161 1113 tus
1184 1079 1320 1113 osticium
1350 1080 1567 1126 requiruntur,
1593 1081 1763 1115 examinari
1792 1090 1863 1117 stu-

1112 1128 1181 1162 deat
1204 1128 1388 1174 diligentem
1428 1137 1457 1163 et
1493 1129 1579 1171 illos,
1617 1143 1697 1177 quos
1731 1131 1861 1166 idoneos

1113 1178 1275 1224 repererit,
1304 1179 1401 1224 petito
1423 1189 1541 1213 secrete
1564 1181 1786 1227 magistrorum
1806 1193 1862 1216 eo-

1113 1227 1256 1261 rumdem
1281 1227 1426 1271 consilio,
1448 1229 1531 1275 quod
1562 1230 1670 1276 utiquc
1692 1230 1860 1265 consilium

1112 1276 1141 1309 in
1167 1276 1306 1322 ipsorum
1330 1277 1562 1312 consulentium
1587 1278 1787 1326 dispendium
1813 1281 1860 1315 vel

1112 1326 1261 1360 iacturam
1304 1326 1440 1361 revelare
1474 1327 1712 1374 quomodolibet
1747 1329 1862 1364 distri-

1111 1375 1192 1409 ctius
1216 1374 1442 1422 probibemus,
1477 1377 1630 1424 approbet
1654 1385 1685 1412 et
1706 1379 1861 1423 admittat,

1110 1425 1219 1472 eisque
1248 1426 1377 1471 petitam
1403 1425 1557 1460 licentiam
1581 1426 1746 1473 largiatur:
1782 1429 1861 1464 alios

1112 1475 1216 1508 minus
1255 1475 1384 1509 idoneos
1423 1475 1603 1511 nullatenus
1641 1477 1860 1520 admittendo,

1111 1524 1294 1571 postpositis
1317 1525 1426 1570 gratia,
1446 1525 1519 1560 odio
1537 1526 1584 1560 vel
1607 1526 1722 1562 favore.

1158 1574 1178 1620 ἓ
1201 1576 1232 1607 4.
1258 1573 1296 1608 Ut
1320 1582 1423 1608 autem
1454 1575 1482 1609 iu
1508 1576 1674 1622 praedictis
1704 1577 1859 1613 medicina

1110 1631 1139 1656 et
1161 1623 1283 1657 artibus
1303 1624 1474 1670 praefatum
1506 1625 1653 1660 Studium
1678 1635 1762 1661 tanto
1785 1628 1860 1675 ple-

1111 1673 1182 1707 nius
1204 1674 1370 1719 coalescat,
1393 1682 1509 1721 quanto
1533 1676 1695 1722 peritiores
1712 1676 1858 1712 doctores

1111 1723 1139 1756 in
1170 1723 1350 1757 liuiusmodi
1374 1725 1441 1758 suis
1464 1725 1611 1771 primitiis
1638 1726 1752 1761 ibidem
1787 1739 1859 1762 cae-

1111 1773 1212 1819 perint
1242 1782 1312 1807 actu
1337 1786 1443 1819 regere
1468 1782 1498 1808 et
1519 1774 1650 1818 (locere,
1674 1777 1858 1815 statuimus,

1109 1823 1192 1868 quod
1218 1835 1317 1870 nsque
1350 1824 1387 1857 ad
1416 1823 1586 1858 triennium
1620 1825 1665 1859 vel
1699 1827 1860 1872 quatrien-

1110 1872 1194 1905 nium
1218 1872 1315 1919 aliqui
1339 1873 1496 1917 doctores,
1519 1873 1581 1908 duo
1604 1874 1642 1909 ad
1662 1875 1786 1919 minus,
1805 1877 1857 1923 qui

1110 1920 1139 1954 iu
1164 1922 1340 1957 medicinali
1361 1923 1490 1957 scientia
1511 1923 1539 1957 iu
1564 1923 1715 1959 Parisien.
1740 1925 1784 1960 vel
1801 1925 1859 1959 Bo-

1111 1972 1238 2005 nonien.
1280 1980 1332 2006 ant
1380 1972 1447 2006 aliis
1490 1972 1617 2008 famosis
1657 1975 1859 2020 generalibus

1109 2020 1228 2055 Studiis
1265 2022 1414 2056 bonorem
1456 2023 1631 2069 receperint
1659 2024 1858 2068 doctoratus,

1109 2070 1145 2103 ad
1182 2070 1360 2105 docendum
1397 2080 1426 2105 et
1462 2073 1635 2117 regendum
1671 2075 1700 2108 in
1729 2075 1858 2109 scicntia

1110 2119 1283 2155 medicinae
1305 2129 1335 2155 et
1358 2129 1419 2155 tres
1442 2122 1487 2156 vel
1504 2121 1567 2156 duo
1590 2122 1627 2157 ad
1656 2123 1773 2166 minus,
1803 2125 1857 2171 qui

1110 2170 1139 2203 in
1162 2170 1284 2204 artibus
1307 2173 1336 2204 in
1362 2171 1509 2205 l'arisien.
1537 2171 1651 2206 Studio
1677 2173 1759 2220 apud
1785 2186 1858 2208 ma·-

1109 2220 1204 2253 iorem
1237 2220 1384 2255 l'arisien.
1411 2220 1582 2255 Ecclesiam
1607 2221 1741 2257 docendi
1765 2222 1856 2257 liceu-

1108 2269 1180 2303 tiam
1205 2270 1321 2304 suerint
1354 2271 1502 2311 assecuti,
1526 2279 1556 2305 et
1577 2271 1686 2306 saltem
1711 2284 1767 2319 per
1794 2285 1857 2307 an-

1108 2331 1183 2353 num
1208 2320 1356 2362 rexerint,
1379 2333 1434 2354 seu
1459 2320 1621 2355 docuerint
1645 2322 1675 2355 iu
1699 2321 1855 2357 Parisien.

1107 2368 1221 2403 Studio
1245 2378 1437 2413 memorato,
1470 2370 1507 2404 ad
1546 2371 1717 2417 regendum
1745 2381 1776 2406 et
1798 2372 1856 2406 do-

1108 2418 1244 2453 cendum
1288 2419 1317 2453 in
1355 2418 1447 2454 dictis
1495 2419 1615 2454 artibus
1650 2421 1680 2455 in
1720 2421 1856 2468 praefato

1107 2468 1250 2502 Perusin.
1283 2468 1396 2503 Studio
1424 2478 1643 2515 assumantur,
1670 2472 1724 2518 qui
1757 2484 1856 2519 nsque

1107 2517 1143 2551 ad
1172 2518 1401 2565 quatriennium
1427 2519 1472 2553 vel
1501 2519 1774 2566 quinquennium,
1802 2522 1856 2556 do-

1108 2580 1165 2601 nec
1195 2568 1364 2614 praefatum
1405 2568 1553 2603 Studium
1596 2570 1625 2603 in
1667 2569 1758 2605 bonis
1783 2581 1855 2606 stu-

1106 2617 1255 2651 dentibus
1280 2617 1475 2652 laudabiliter
1500 2631 1701 2666 progressum
1725 2633 1856 2670 accepe-

1108 2667 1161 2709 rit,
1193 2675 1299 2713 regant
1322 2675 1350 2702 et
1374 2667 1505 2703 doceant
1533 2669 1562 2703 in
1583 2669 1703 2705 eodem.

1888 1585 2039 1614 ›tagi-trosque

1874 1619 1893 1638 iu
1915 1621 2001 1645 utraque
2025 1618 2058 1638 ta-

1873 1649 1951 1669 cultate
1976 1651 1995 1669 iu
2020 1649 2058 1669 hav

1874 1680 1986 1700 Actdemia
2010 1686 2057 1701 esse

1874 1713 1983 1737 praecipit,
