2274 3265
193 276 240 302 Aa.
257 275 284 300 c.
309 274 371 300 1207
443 263 507 294 ¹50

980 267 1165 290 nt'tJAnimt
1194 266 1262 289 nm!
1272 266 1356 287 ΚᾺῚἸΙ

387 341 477 370 eum,
516 333 681 373 praesente
709 324 871 359 dumtaxat
899 323 1010 358 abbate
1034 335 1139 357 mona·
1183 321 1369 356 christianae
1392 320 1528 355 cultores
1556 318 1623 353 labe
1652 318 1746 352 huius
1773 318 1934 364 contagio-

387 377 473 412 sterii
505 374 700 422 supradicti,
739 373 945 419 personaliter
980 372 1137 412 visitaret,

388 427 558 474 ipsumque
580 430 758 458 sumentem
782 422 905 463 cibum,
939 429 971 455 ut
1007 429 1138 468 poterat,

387 475 569 516 invenisset,
597 471 754 520 praefatus
774 484 838 510 rex,
859 471 1031 518 praemisso
1054 470 1140 504 beni·

385 536 465 570 gnae
500 522 696 557 salutationis
729 521 886 568 alloquio,
927 520 1011 554 llexit
1035 531 1137 565 genua

385 585 489 608 coram
513 572 594 619 ipso,
612 580 642 606 et
663 570 811 605 scindens
835 569 980 604 manibus
1003 568 1137 616 propriis

385 633 495 657 carnes
517 620 620 655 eidem
649 619 821 667 appositas,
848 618 936 652 bolos
960 618 990 651 iu
1014 630 1048 651 os
1071 617 1138 652 cius

383 670 614 706 studiosissime
657 667 863 711 immittebat,
892 675 921 701 et
956 666 1136 700 huiusmodi

386 733 446 755 non
470 727 637 754 contentus
664 717 836 764 obsequio,
873 716 967 750 illatis
1002 715 1137 761 dapibus

384 770 453 805 eius
481 769 620 804 iussione
657 767 825 812 regalibus,
862 765 900 798 de
936 764 1012 811 ipsis
1035 764 1135 799 eidem

386 818 540 853 monacho
564 815 779 855 ministrabat,
804 814 863 849 loci
883 822 934 848 aut
951 813 1035 859 aegri
1060 825 1136 858 qnia-

386 869 501 903 litatem
536 865 717 901 horribilem
750 876 811 898 non
847 863 984 906 evitans,
1023 862 1135 897 eodem

384 917 494 952 abbate
516 914 692 950 vehementi
714 921 842 960 stupore
861 923 1029 954 concusso,
1052 911 1135 958 quod

385 967 460 1001 tanti
484 965 661 1000 sublimitas
694 961 864 1010 principis,
896 960 1009 995 talibus
1035 972 1136 1007 quan-

385 1025 589 1062 tumcumque
612 1011 793 1048 salubribus
823 1009 934 1044 involvi
961 1010 1074 1044 studiis
1104 1021 1137 1044 ac

383 1063 520 1099 servitiis
543 1062 654 1109 poterit
679 1060 837 1108 occupari.

432 1113 452 1160 S
477 1114 530 1147 16.
561 1111 727 1146 Praeterea
755 1122 826 1145 cuni
860 1109 964 1143 dictus
996 1120 1048 1142 rex
1077 1107 1137 1141 bo·

207 1177 343 1203 nospitium„
384 1162 495 1210 spitale
527 1160 764 1208 Compendien.
802 1159 976 1205 ingressus,
1004 1157 1041 1191 ad
1075 1157 1137 1190 im-

189 1208 277 1228 ¹⁰⁵¹⁸¹¹⁵
302 1210 367 1227 '‘w''
382 1206 585 1256 pendendum
623 1208 828 1244 humanitatis
863 1205 1051 1254 obsequium
1089 1206 1137 1239 in-

382 1261 481 1295 lirmis
505 1261 535 1294 in
564 1259 617 1293 illo
641 1257 844 1305 degentibus,
881 1264 910 1291 et
944 1257 1003 1290 iam
1034 1255 1137 1290 fessus

382 1323 444 1345 uon
469 1309 629 1344 modicum
655 1308 683 1342 in
707 1307 827 1345 labore,
851 1306 1009 1340 infirmum
1027 1317 1137 1351 quem-

381 1360 451 1394 dam
482 1359 565 1393 iuxta
588 1370 621 1392 se
641 1357 778 1404 positum
797 1355 1015 1403 conspexisset
1050 1366 1136 1388 mor-

383 1408 469 1452 bum,
495 1408 549 1455 qui
573 1407 605 1442 S.
630 1406 724 1452 Eligii
749 1406 878 1448 dicitur,
903 1404 1086 1451 patientem,
1107 1412 1136 1438 et

382 1458 472 1493 flexis
506 1457 641 1504 genibus
677 1468 782 1491 coram
822 1455 910 1502 ipso,
951 1453 1134 1488 morsellum

383 1507 440 1554 piri
468 1515 589 1541 remoto
617 1505 734 1541 cortice
770 1513 898 1552 poneret
932 1504 962 1538 in
986 1515 1021 1537 os
1045 1503 1136 1546 eius,

381 1556 484 1591 sanies
506 1556 545 1590 de
569 1555 654 1589 illius
677 1553 807 1589 naribus
830 1553 978 1596 affluens,
1001 1552 1135 1587 foedavit

382 1605 515 1652 turpiter
537 1617 650 1639 manus
669 1605 761 1650 regis,
785 1603 838 1651 qui
860 1603 910 1650 pie
933 1602 1135 1648 benigneque

383 1655 412 1689 id
437 1654 584 1693 tolerans,
613 1654 720 1688 necin
749 1653 856 1700 aliquo
879 1651 993 1686 exinde
1018 1652 1136 1686 immu-

382 1712 476 1743 tatus,
499 1703 571 1738 lotis
599 1703 685 1737 illico
710 1702 866 1742 manibus,
903 1700 1028 1735 salubre
1051 1701 1136 1747 quod

383 1754 581 1789 inchoaverat
609 1752 811 1799 obsequium,
846 1750 1016 1797 diligenter
1037 1750 1138 1784 extitit

384 1811 579 1851 persecutus.

431 1854 451 1900 S
482 1856 534 1887 17.
564 1852 621 1887 Hic
647 1864 754 1887 revera
780 1850 860 1885 circa
889 1862 996 1885 servos
1019 1849 1135 1885 Christi

212 1914 341 1941 Pauperibm
382 1916 418 1938 ac
441 1915 611 1950 pauperes,
641 1902 781 1948 aliasque
805 1899 999 1934 miserabiles
1023 1912 1057 1934 ac
1081 1899 1138 1933 de-

197 1946 345 1971 ‘¹⁹⁶'''⁰³‘'''³'
385 1959 470 1987 votas
494 1964 644 1999 personas
664 1951 752 1985 valde
777 1950 987 1996 compatiens,
1011 1962 1043 1984 se
1062 1950 1138 1995 ipsis

386 2003 415 2036 in
446 2001 717 2049 eleemosynarum
754 1999 915 2045 elargitate
949 1999 1136 2033 muniticum

200 2063 369 2096 νιιςιηὼμεᾱυ·
385 2050 564 2086 exhibebat.
606 2049 792 2096 Virginibus
834 2049 982 2095 insuper,
1022 2048 1138 2095 quibus

186 2093 342 2117 '⁰⁵‘'³'⁵¹''¹¹''
387 2100 491 2148 inopia
528 2100 675 2135 effectum
710 2098 860 2133 maritalis
886 2098 1016 2145 copulae
1039 2098 1139 2132 deue-

385 2150 496 2197 gahat,
529 2163 567 2185 ne
601 2150 670 2184 illas
707 2149 736 2182 in
765 2148 868 2183 carnis
895 2147 1052 2182 lubricum
1078 2147 1137 2181 labi

385 2200 601 2246 contingeret,
634 2199 672 2233 de
706 2198 832 2232 dotibus
854 2197 1003 2244 congruis
1027 2197 1140 2244 provi-

386 2249 491 2289 debat,
521 2249 594 2284 illud
620 2249 658 2283 de
681 2248 771 2282 bonis
795 2247 951 2294 regalibus
973 2246 1140 2280 laudabili-

386 2308 432 2334 ter
473 2308 503 2333 et
551 2298 718 2333 salubriter
752 2309 926 2344 expensum
967 2303 1138 2343 reputans,

386 2349 470 2395 quod
496 2349 525 2383 iu
549 2347 784 2394 eleemosynas,
808 2354 838 2380 et
865 2345 943 2380 alios
974 2346 1040 2391 pios
1064 2358 1140 2379 usus

387 2398 525 2433 converti
562 2409 617 2444 pro
640 2405 780 2444 tempore
810 2395 1008 2430 noscebatur.

436 2448 456 2495 g
500 2449 553 2481 18.
591 2445 650 2481 Hic
684 2444 972 2493 praedicationibus
1010 2452 1039 2478 et
1072 2443 1141 2477 aliis

205 2505 224 2525 ¹n
254 2506 373 2526 humum
390 2495 659 2544 propositionibus
676 2495 759 2530 verbi
774 2494 830 2529 Dei
845 2502 999 2530 attentum
1014 2505 1141 2527 accom-

192 2542 285 2557 '‘”'¹¹''
391 2545 536 2581 inodabat
570 2545 731 2590 auditum,
768 2557 829 2579 non
857 2543 981 2579 auditor
1009 2542 1141 2577 oblivio-

389 2608 443 2629 sus
471 2595 582 2635 sactus,
606 2594 659 2629 sed
680 2595 778 2630 factor
800 2594 917 2641 operis.
946 2591 1140 2627 Occurrebat

392 2644 566 2679 haereticae
601 2645 759 2691 pravitatis
799 2643 950 2682 infectos,
991 2654 1029 2676 ne
1069 2641 1139 2676 fidei

1183 370 1231 405 nis
1255 371 1434 411 inficerent,
1461 369 1499 403 de
1519 368 1606 413 regni
1638 367 1789 414 praedicti
1817 367 1934 402 finibus

1181 419 1361 454 efficacibus
1394 418 1507 453 studiis
1542 416 1748 464 expellendo,
1789 428 1824 450 ac
1858 416 1935 451 alias

1182 469 1261 503 circa
1285 477 1400 503 statum
1429 467 1498 501 eius
1518 465 1713 513 providendo
1736 465 1872 505 solicite,
1901 475 1935 499 ut

1181 519 1220 551 ab
1236 518 1317 564 ipso,
1340 516 1490 551 fomentis
1509 515 1624 550 talibus
1644 527 1772 561 prorsus
1785 514 1934 558 exclusis,

1182 567 1210 599 in
1239 579 1276 601 eo
1298 566 1369 601 fidei
1394 565 1571 612 praedictae
1594 564 1759 598 sinceritas
1783 564 1932 598 rutilaret.

1228 616 1248 661 g
1278 618 1332 649 19.
1369 614 1451 649 Cum
1489 625 1564 648 vero
1595 613 1756 660 aliquibus
1791 612 1933 660 partibus

1180 664 1254 698 dicti
1285 665 1369 710 regni
1398 664 1439 697 ob
1467 664 1661 697 sterilitatem
1692 675 1747 697 seu
1783 662 1931 696 malitiam

1181 714 1346 760 temporis,
1374 713 1556 747 victualium
1585 712 1708 746 caristia
1733 711 1932 749 imminebat.

1180 763 1281 796 statim
1305 763 1343 796 de
1367 763 1431 809 ipsa
1457 761 1637 796 rumoribus
1661 760 1840 803 intellectiS,
1863 773 1933 795 cer-

1180 818 1240 850 tam
1266 811 1338 845 illuc
1362 823 1516 845 suminam
1546 811 1711 857 pecuniae,
1736 817 1828 857 prout
1850 810 1934 857 ipsa-

1181 872 1248 894 rum
1273 859 1416 905 exigebat
1441 859 1574 906 qualitas
1602 860 1755 906 partium,
1783 871 1838 907 per
1861 859 1934 894 fide<

1181 909 1240 943 lem
1282 908 1424 943 mittebat
1466 909 1615 942 nuncium
1656 909 1736 943 inter
1777 919 1934 956 pauperes

1180 958 1393 992 dividendam.

1228 1007 1327 1054 520.
1352 1007 1410 1041 Hic
1446 1006 1586 1053 profecto
1622 1005 1798 1041 humilitate
1832 1006 1932 1041 subli-

1180 1057 1253 1100 mis,
1275 1056 1467 1091 sublimitate
1490 1055 1631 1095 humilis,
1662 1056 1692 1089 in
1720 1064 1868 1101 apparatu
1903 1064 1933 1090 et

1180 1105 1338 1150 vestibus,
1365 1117 1444 1153 quas
1466 1105 1647 1152 frequenter
1663 1104 1856 1151 pauperibus
1867 1116 1934 1138 ero-

1179 1155 1282 1200 gabat.
1308 1163 1377 1202 post
1397 1155 1534 1201 primum
1559 1155 1757 1200 potissimum
1781 1154 1820 1188 de
1840 1153 1936 1188 ultra-

1180 1205 1310 1238 marinis
1338 1203 1480 1251 partibus
1507 1204 1665 1246 reditum,
1697 1215 1839 1237 summae
1873 1202 1934 1238 hu-

1181 1253 1320 1288 militatis
1348 1253 1480 1299 insignia
1504 1252 1740 1287 demonstravit.
1758 1251 1826 1286 Non
1850 1253 1932 1287 enim

1179 1303 1286 1337 aureis
1302 1303 1347 1338 vel
1375 1302 1532 1348 argenteis
1560 1301 1769 1344 ornamentis,
1792 1313 1855 1336 non
1890 1314 1934 1336 re-

1179 1352 1303 1398 galibus
1326 1353 1478 1391 vestibus,
1504 1363 1564 1386 uon
1595 1351 1687 1385 variis
1723 1351 1769 1385 vel
1807 1353 1930 1397 griseis,

1179 1402 1234 1436 sed
1263 1403 1332 1437 aliis
1355 1401 1529 1436 humilibus
1562 1400 1698 1448 pellibus
1737 1413 1814 1436 usus
1852 1401 1934 1439 suit,

1179 1452 1395 1487 saecularibus
1418 1453 1545 1498 pompis
1567 1463 1582 1485 a
1617 1463 1649 1485 se
1679 1451 1806 1498 penitus
1840 1451 1932 1486 abdi—

1178 1509 1267 1536 catis.

1228 1551 1248 1597 g
1275 1555 1332 1585 2¹.
1356 1551 1394 1585 Et
1421 1563 1458 1584 ue
1485 1551 1639 1585 fervorem
1664 1551 1805 1598 spiritus,
1828 1551 1933 1586 sociae

1179 1601 1282 1635 carnis
1303 1601 1396 1634 ardor
1427 1600 1636 1647 extingueret,
1673 1600 1727 1635 sed
1763 1601 1934 1635 mortifica-

1180 1651 1263 1684 tione
1286 1660 1314 1684 et
1339 1650 1538 1697 repressione.
1561 1650 1660 1697 ipsius
1700 1651 1786 1685 illum
1829 1651 1934 1696 potius

1179 1699 1308 1734 accendi
1332 1700 1542 1745 contingeret,
1565 1700 1721 1746 altiusque
1764 1699 1932 1738 substolli,

1179 1760 1208 1784 et
1236 1761 1361 1783 carnem
1386 1751 1498 1794 ipsam,
1526 1762 1619 1796 quam
1648 1749 1766 1784 assidui
1808 1750 1934 1795 asperi-

1181 1807 1242 1833 tate
1264 1799 1368 1841 cilicii,
1398 1807 1490 1845 prout
1516 1799 1678 1837 asseritur,
1701 1799 1872 1844 edomanS,
1889 1799 1934 1834 ef-

1181 1849 1285 1883 fraene
1315 1849 1413 1894 ipsius
1437 1848 1560 1883 libitum
1597 1857 1700 1883 arctae
1728 1849 1934 1885 abstinentiae

1182 1898 1287 1933 fraeno
1309 1899 1460 1937 coercuit,
1479 1898 1612 1945 eiusque
1637 1898 1770 1933 nexibus
1785 1899 1933 1945 alligavit,

1182 1956 1214 1982 ut
1237 1960 1299 1982 non
1322 1948 1383 1981 voti
1405 1948 1523 1995 proprii
1551 1949 1643 1982 dueta
1678 1948 1808 1983 libidine
1825 1976 1834 1992 ,
1872 1961 1933 1983 non

1180 1997 1228 2032 sui
1258 1996 1405 2032 desiderii
1429 1997 1545 2032 directa
1570 1997 1713 2043 remigio,
1737 1998 1791 2032 sed
1816 1997 1934 2033 salubri

1181 2046 1398 2081 moderamine
1426 2047 1568 2094 spir-ituS,
1592 2055 1656 2081 tute
1682 2047 1718 2081 acl
1743 2047 1825 2081 licita
1863 2060 1935 2095 per-

1181 2104 1280 2142 geret,
1304 2096 1434 2143 provide
1455 2096 1494 2130 ab
1518 2096 1634 2131 illicitis
1662 2096 1856 2132 abstineret:
1885 2097 1935 2131 di-

1181 2146 1298 2180 strictis
1328 2146 1412 2180 enim
1446 2158 1562 2192 corpus
1601 2146 1753 2180 atterebat
1786 2147 1934 2187 ieiuniis,

1184 2196 1357 2240 priscorum
1382 2195 1598 2230 observantiae
1622 2208 1637 2230 a
1660 2195 1787 2231 Sanctis
1826 2196 1936 2232 Patri—

1183 2245 1240 2279 bus
1262 2244 1436 2288 ordinatae,
1465 2257 1615 2280 novorum
1639 2246 1852 2281 austeritatem
1880 2246 1936 2280 ad-

1183 2294 1294 2328 iiciens
1312 2293 1370 2327 sibi
1401 2303 1486 2329 motu
1515 2295 1661 2342 propriae
1689 2296 1856 2330 voluntatis
1886 2296 1936 2330 in-

1183 2344 1307 2378 dictam.
1331 2342 1408 2378 Nam
1435 2356 1488 2389 per
1526 2351 1624 2378 totum
1664 2345 1936 2391 quadragesimale

1183 2402 1322 2440 tempus,
1349 2402 1379 2427 et
1401 2394 1606 2440 quadraginta
1630 2394 1698 2427 dies
1730 2393 1843 2429 festum
1872 2394 1936 2429 Na-

1184 2442 1252 2476 talis
1279 2441 1405 2476 Domini
1432 2443 1668 2488 praecedentes,
1712 2456 1748 2477 ac
1791 2444 1933 2478 omnium

1185 2491 1385 2526 festivitatum
1415 2492 1546 2539 tigilias,
1575 2504 1697 2527 necnon
1733 2501 1763 2526 et
1800 2501 1936 2540 quatuor

1184 2549 1335 2587 tempora,
1358 2554 1438 2588 quae
1461 2542 1613 2577 catholica
1637 2541 1745 2576 indicit
1784 2542 1935 2583 Ecclesia,

1185 2591 1214 2624 in
1239 2591 1364 2626 ieiuniis
1386 2600 1415 2625 et
1437 2591 1634 2626 orationibus
1654 2591 1819 2631 existebat,
1854 2592 1937 2627 deli-

1183 2640 1278 2675 ciosis
1301 2649 1330 2675 et
1359 2641 1493 2675 curiosis
1529 2636 1663 2676 cibariis'
1690 2641 1760 2675 usui
1808 2642 1935 2690 proprio

1951 263 2001 289 An.
2018 262 2046 289 C.
2066 262 2132 289 ¹297

1962 626 2065 652 Egestam
2080 630 2134 645 tem-

2033 663 2135 680 prunfflri-

1950 690 1985 708 hus
2006 694 2043 708 enti
2059 691 2086 708 u'i

1950 663 2000 683 poro

1961 1017 2049 1039 Humilis
2059 1020 2079 1038 iu
2095 1023 2133 1038 ve-

1947 1050 2014 1070 stibus

1962 1562 2040 1583 cutem
2058 1566 2077 1583 st
2100 1564 2133 1583 is-

1948 1600 2011 1615 iunus
2047 1599 2132 1615 earnem

1949 1626 2025 1645 domn,
