2274 3265
217 286 265 311 An.
284 284 311 310 Γ..
334 284 398 309 13¹8

232 640 314 660 Erectio
326 642 402 658 metri»-

219 672 323 697 ..ultimae
349 670 403 688 (Iae-

219 704 353 726 :arattgustau

246 1574 359 1594 tici-testea
375 1572 416 1592 sut-

232 1610 327 1631 iaganeae
340 1608 417 1624 melro-

233 1638 287 1664 pulis
303 1635 415 1655 Tarracon.

251 1927 352 1952 Ati-eque
368 1925 421 1944 cae-

237 1964 245 1978 s
254 1961 382 1983 trangustan,

464 273 534 305 272

417 338 606 385 praedictam
647 336 855 370 Tarraconen.
898 335 1089 382 provinciam
1133 336 1162 369 in

415 389 494 421 ‹luas
519 385 697 434 provincias
723 384 892 432 apostolica
915 385 1099 419 auctoritate
1115 385 1164 418 ‹li-

417 436 569 476 vidimns,
599 443 631 469 ut
671 442 792 468 tantum
829 446 909 468 onus
949 435 1097 479 partitum
1135 434 1162 467 in

416 486 513 525 duos,
540 483 625 531 quod
649 496 704 531 per
727 495 824 517 uuum
842 483 952 530 procul
967 483 1165 517 dnhiocom-

417 534 509 569 mode
532 533 646 581 portari
676 545 737 567 non
763 540 880 580 posset,
916 531 1016 566 let-ius
1051 531 1166 566 feratur

417 583 454 618 ah
482 583 556 617 illis:
587 583 627 616 ita
656 581 815 621 videlicet,
837 581 922 628 quod
947 589 1068 627 praeter
1088 580 1167 614 Tar-

419 644 565 667 raconen.
588 631 780 671 Ecclesiam,
804 643 884 678 quae
908 629 1093 676 metropolis
1116 642 1164 663 re-

419 681 581 725 manebit,
619 693 707 716 suani
735 680 917 714 distinctam
951 678 1168 725 provinciam,

420 731 615 778 utsequitur,
637 729 782 764 habitura
805 728 1088 773 Caesaraugustan.
1108 726 1170 760 Ec-

418 781 513 815 clesia
533 780 635 827 ipsius
653 778 866 813 Tarraconen.
895 777 956 810 huc
977 788 1075 822 usque
1103 775 1170 810 suf-

418 830 575 876 fraganea,
597 840 690 875 quam
723 836 753 861 et
785 835 880 861 totam
906 826 977 860 eius
998 824 1169 859 dioecesim

418 879 458 913 ah
481 878 566 913 omni
603 877 840 920 iurisdictione,
862 882 1016 922 potestate
1039 881 1068 908 et
1094 872 1172 907 sub-

420 928 557 962 iectione
585 924 833 972 archiepiscopi,
865 922 995 970 capituli
1031 930 1061 956 et
1088 922 1173 957 eius—

420 978 491 1011 dem
519 975 683 1010 Ecclesiae
705 974 919 1008 Tarraconen.
948 984 1078 1018 prorsus
1111 970 1175 1005 exi-

422 1027 548 1065 mimus,
576 1037 611 1059 ae
640 1023 814 1058 honoribus
846 1032 875 1056 et
912 1021 1056 1067 insigniis
1090 1020 1175 1055 sedis

422 1074 672 1121 metropoliticae
707 1073 912 1111 decoramus,
951 1083 988 1105 ex
1025 1082 1108 1104 nunc
1144 1070 1174 1103 in

424 1132 609 1171 perpetuum
646 1121 799 1156 habeatur
839 1132 895 1167 pro
935 1119 1174 1165 metropolitana

425 1173 581 1214 Ecclesia,
604 1180 720 1207 certam
744 1170 886 1205 habitura
911 1169 1120 1216 provinciam,
1145 1175 1177 1201 ut

425 1223 502 1257 infra
525 1221 734 1264 describitur,
768 1219 933 1266 ipsiusque
969 1218 1094 1265 praesul
1119 1229 1177 1252 ar-

423 1271 646 1320 chiepiscopus
668 1277 849 1304 censeatur:
880 1268 1020 1302 volentes
1052 1279 1089 1302 ac
1121 1266 1178 1301 de-

425 1328 590 1356 cernentes
612 1320 651 1355 de
674 1319 804 1354 fratrum
828 1319 968 1365 ipsorum
992 1316 1126 1351 consilio
1149 1323 1179 1349 et

427 1370 604 1416 praedictae
640 1368 837 1416 plenitudine
874 1366 1056 1414 potestatis,
1094 1364 1178 1412 quod

426 1419 639 1454 Tarraconen.
663 1417 864 1464 metropolis,
891 1428 972 1463 quae
996 1413 1179 1450 solemniori

428 1477 508 1504 statu
536 1476 566 1503 et
587 1467 767 1503 conditione
786 1465 900 1512 potiori
929 1463 1116 1512 praefulget,
1150 1470 1179 1497 et

430 1526 558 1565 propter
584 1517 747 1563 antiquam
776 1514 969 1549 nobilitatem
1008 1513 1110 1560 ipsius
1136 1519 1182 1546 cst

430 1566 646 1602 honorabilius
667 1573 698 1600 et
724 1563 924 1599 favorabilius
948 1560 1181 1610 prosequenda,

431 1616 680 1656 Barchinonen.,
700 1613 862 1653 lllerden.,
886 1611 1085 1650 Gerunden„
1109 1610 1185 1644 Der-

431 1675 549 1705 tusen.,
586 1663 716 1704 vicem,
755 1662 940 1709 Urgellen.,
968 1668 998 1696 et
1025 1659 1182 1694 Valentin.

431 1715 602 1755 Ecclesiae,
626 1722 773 1760 tanquam
802 1711 860 1745 sibi
876 1710 1070 1753 adiacentes,
1094 1708 1186 1743 habi-

433 1765 493 1800 lius
516 1776 573 1811 pro
599 1761 805 1808 suffraganeis
827 1768 857 1795 et
884 1759 922 1794 de
945 1771 1001 1794 sua
1024 1757 1185 1806 provincia

435 1815 519 1849 iuxta
541 1813 669 1848 solitum
694 1811 829 1845 debeant
853 1820 1025 1844 remanere.

485 1863 505 1910 S
531 1865 565 1897 2.
595 1862 633 1896 Et
656 1861 729 1908 quia
756 1860 885 1905 dignum
917 1865 975 1902 est,
1008 1856 1187 1892 utCaesar-

436 1920 604 1958 augustan.
645 1909 848 1956 metropolis,
887 1919 925 1942 ex
956 1919 1019 1953 quo
1052 1905 1092 1940 de
1126 1905 1187 1939 filia

438 1961 515 1995 facta
539 1968 636 1995 mater
669 1957 917 2005 metropoliticae
950 1955 1114 2002 dignitatis
1135 1967 1189 1988 su-

437 2011 537 2057 scepit
574 2009 729 2055 insignia,
761 2007 1028 2052 suffraganearum
1056 2016 1190 2050 congru-

439 2072 491 2094 um
514 2070 683 2094 numerum
712 2056 844 2091 filiarum
867 2067 903 2090 ac
927 2054 1091 2089 decentem
1117 2064 1190 2099 pro-

438 2109 572 2143 vinciam
594 2107 724 2146 haheat,
748 2113 780 2139 nt
798 2104 836 2140 ad
854 2102 1085 2150 archiepiscopi
1108 2101 1191 2135 Cae-

439 2166 655 2205 saraugustan.
679 2155 830 2190 iudicium
853 2165 964 2188 omnes
986 2163 1099 2186 causae
1129 2151 1193 2184 suf-

442 2208 661 2253 fraganeorum
689 2205 915 2252 episcoporum
933 2209 962 2236 et
986 2212 1191 2248 personarum

441 2256 727 2291 ecclesiasticarum
764 2265 800 2288 ac
839 2252 1000 2287 civitatum
1049 2248 1192 2284 eiusdem

444 2305 621 2353 provinciae
658 2305 742 2338 iuxta
770 2313 932 2337 sacrorum
960 2307 1075 2335 statuta
1097 2310 1194 2333 cano-

446 2368 520 2389 num
544 2354 735 2397 referantur,
760 2364 817 2386 nos
839 2351 969 2390 Oscen.,
995 2348 1194 2387 Tirasonen.,

445 2404 668 2452 pampilonen.
708 2410 739 2436 et
777 2399 989 2446 Calaguritan.
1038 2397 1196 2432 Ecclesias

446 2454 660 2500 suffraganeas
687 2450 848 2499 quondam
881 2448 1060 2497 praedictae
1088 2446 1197 2480 Tarra-

447 2516 559 2537 conen.
582 2502 754 2542 Ecclesiae,
773 2512 852 2547 quas
879 2511 951 2533 cum
975 2509 1081 2532 earum
1102 2496 1197 2529 dioe—

448 2552 590 2593 cesibus,
615 2551 758 2597 collegiis
790 2561 845 2583 seu
874 2546 1022 2595 capitulis
1055 2558 1071 2580 a
1097 2545 1199 2579 iuris—

449 2602 602 2645 dictione,
642 2606 793 2647 potestate
828 2607 857 2632 et
897 2595 1093 2631 subiectione
1126 2606 1200 2640 qua-

450 2662 587 2697 cumque
615 2648 856 2695 archiepiscopi,
892 2645 1018 2692 capituli
1039 2652 1067 2678 et
1095 2643 1199 2677 Eccle-

994 282 1180 304 nt'tJAttttttt
1210 280 1368 303 ROMANFM

1206 336 1270 369 siae
1283 335 1494 369 Tarraconen.
1518 342 1547 367 et
1575 332 1806 367 ordinariorum
1823 332 1956 367 aliorum

1206 383 1444 431 quorumlibet,
1479 382 1594 429 quihus
1636 381 1795 416 subiectae
1836 381 1960 416 fuerant

1209 434 1373 476 hactenus,
1415 432 1584 466 eximimus
1618 430 1744 478 penitus
1777 430 1960 465 auctoritate

1209 482 1432 529 praesentium,
1449 481 1549 528 ipsius
1567 480 1726 514 Ecclesiae
1749 479 1962 524 Caesaraugu-

1209 539 1315 566 stanae
1343 530 1570 576 suffraganeas,
1594 541 1629 563 ac
1648 529 1687 564 de
1708 528 1866 576 provincia
1881 527 1962 562 Cae-

1209 588 1427 627 saraugustan.
1464 580 1493 614 in
1531 587 1721 626 perpetuum
1759 578 1823 612 fore
1857 577 1964 612 decer-

1211 630 1327 673 nimus,
1354 637 1385 663 et
1408 641 1481 663 cum
1516 629 1584 663 suis
1621 627 1824 662 dioecesibus
1845 633 1965 661 metro-

1211 679 1340 725 politico
1363 679 1430 713 iure
1453 678 1643 712 subiicnnus
1664 685 1694 711 et
1718 676 1876 711 subiectas
1894 687 1964 710 esse

1212 728 1356 762 volumus
1373 740 1425 761 eas
1448 727 1490 761 illi
1513 727 1553 762 (le
1577 726 1807 773 praedictorum
1831 725 1965 760 consilio

1211 785 1241 811 et
1269 777 1465 823 plenitudiue
1497 776 1669 822 potestatis.

1261 826 1281 872 S
1308 829 1341 859 5.
1369 825 1469 860 Porro
1498 824 1709 860 cathedralem
1740 824 1907 859 ecclesiam
1930 822 1965 857 S.
1993 832 2029 851 cut
2056 831 2165 851 subiicitur

1981 868 2063 889 quoque
2071 862 2164 882 Ecclesia

1980 894 2000 913 S.
2030 892 2107 913 Mariae
2129 893 2166 913 At-

1214 923 1404 969 Aragoniae,
1439 923 1477 958 de
1499 923 1590 958 cuius
1621 922 1819 958 subiectione
1847 920 2085 969 praed;.1‚ffle÷1„.

1215 981 1285 1007 ctus
1318 972 1529 1007 Tarraconen.
1575 979 1605 1006 et
1640 971 1829 1007 venerabilis
1876 971 1970 1005 frater

1214 874 1330 909 Mariae
1350 874 1544 909 Albarresin.
1568 874 1659 909 sitam
1684 874 1713 908 in
1738 873 1855 908 finibus
1877 872 1965 919 regni

1218 1029 1322 1056 noster
1344 1021 1487 1056 Toletan.
1512 1020 1740 1068 archiepiscopi
1760 1020 1879 1055 diutius
1898 1031 1970 1054 con-

1218 1070 1361 1105 tendisse
1388 1071 1546 1115 feruntur,
1562 1083 1635 1105 cum
1653 1070 1694 1105 sit
1709 1069 1812 1105 eidem
1834 1069 1970 1104 Caesar-

1217 1128 1383 1166 augustan.
1413 1119 1582 1167 metropoli
1611 1119 1781 1166 plurimum
1811 1118 1971 1161 adiacens,

1218 1182 1255 1204 ex
1284 1182 1368 1204 nunc
1394 1169 1433 1204 ab
1464 1170 1604 1216 ipsorum
1641 1168 1972 1215 archiepiscoporum,

1221 1231 1344 1253 necnon
1374 1219 1586 1265 capitulorum
1614 1226 1645 1253 et
1668 1217 1886 1253 Ecclesiarum
1915 1215 1972 1250 To-

1220 1268 1313 1304 letan.
1350 1277 1381 1303 et
1407 1269 1621 1304 Tarraconen.
1647 1267 1880 1310 iurisdictione,
1902 1265 1975 1300 sub-

1221 1317 1355 1352 iectione
1382 1330 1418 1353 ac
1447 1325 1600 1364 potestate
1640 1316 1792 1363 qualibet,
1815 1316 1855 1350 de
1885 1326 1976 1362 prae-

1221 1367 1379 1401 dictorum
1399 1366 1532 1402 consilio
1547 1375 1577 1401 et
1597 1365 1794 1413 plenitudine
1814 1363 1976 1412 potestatis

1222 1415 1401 1460 eximimus,
1429 1428 1563 1463 eamque
1582 1415 1726 1450 similiter
1747 1414 1976 1460 suffraganeam

1222 1465 1504 1512 Caesaraugustan.
1520 1465 1692 1508 Ecclesiae,
1706 1475 1741 1499 ac
1756 1464 1794 1498 de
1808 1463 1977 1498 Caesarau-

1223 1523 1349 1561 gustan.
1398 1515 1557 1562 provincia
1600 1526 1670 1549 esse
1704 1513 1908 1548 decernimus
1943 1523 1978 1546 ac

1224 1563 1412 1599 subiicimus
1434 1563 1667 1611 metropolitico
1691 1563 1776 1597 iure:
1804 1562 1862 1597 sibi
1888 1573 1979 1608 prae-

1225 1613 1306 1647 dicta
1336 1614 1538 1648 contentione
1566 1625 1621 1647 seu
1650 1613 1750 1659 litigio
1779 1622 1978 1659 nequaquam

1226 1662 1380 1697 obstante.

1276 1711 1295 1757 ,ξ
1323 1716 1355 1746 4.
1384 1711 1469 1746 Haec
1492 1711 1588 1758 igitur
1615 1720 1667 1746 etc.

1276 1761 1391 1795 Datum
1428 1761 1601 1800 Avenioni,
1634 1760 1745 1808 quinto
1773 1759 1897 1794 decimo
1926 1757 1982 1793 ka-

1228 1810 1338 1846 lendas
1357 1811 1494 1857 augusti,
1515 1810 1718 1858 pontificatus
1734 1809 1830 1844 nostri
1846 1820 1928 1843 anno
1943 1820 1981 1841 ιι.

1282 1872 1342 1902 Dat.
1366 1873 1412 1902 die
1435 1872 1467 1901 18
1487 1872 1549 1902 iulii
1576 1872 1660 1909 1318,
1680 1871 1784 1910 pontif.
1808 1879 1883 1899 anno
1903 1879 1932 1899 n.

1553 2046 1651 2081 XVII.

1234 2128 1280 2161 De
1305 2129 1448 2161 lectorum
1472 2129 1514 2160 (td
1535 2127 1681 2160 Studium
1713 2126 1895 2159 Perusinum
1922 2125 1987 2157 ad-

1288 2179 1428 2211 missione
1454 2183 1479 2209 et
1502 2177 1690 2210 scholarimn
1722 2176 1913 2219 promotione
1946 2174 1987 2206 ad

1285 2231 1474 2263 declaratum
1498 2227 1552 2269 (l).

1505 2302 1718 2334 smntantt'tt

1237 2374 1402 2404 Exordium.
1429 2389 1468 2394 —
1500 2372 1521 2407 l,
1544 2372 1570 2400 2.
1603 2370 1679 2399 llaec
1703 2369 1858 2399 Academia
1888 2377 1901 2397 a
1928 2368 1991 2397 Cte-

1278 2423 1374 2448 mente
1397 2417 1418 2446 Y
1444 2421 1550 2445 erecta.
1572 2432 1611 2437 --
1629 2415 1655 2444 3.
1681 2414 1824 2443 Perusino
1852 2413 1990 2451 episcopo

1279 2464 1343 2492 itata
1365 2461 1489 2490 facultas
1510 2460 1635 2489 tectores
1654 2457 1837 2488 admittendi:
1857 2473 1895 2478 —
1913 2457 1940 2486 4.
1958 2455 1992 2485 Et

1280 2507 1494 2547 promovendos
1519 2504 1724 2534 examinandi:
1745 2519 1780 2524 —
1810 2502 1836 2531 5.
1860 2502 1898 2531 Ac
1928 2501 1993 2530 lau-

1281 2562 1359 2581 ream
1393 2551 1448 2580 sub
1473 2550 1561 2579 certis
1584 2548 1699 2587 tegibus
1731 2546 1922 2577 concedendi.
1955 2562 1994 2566 —

1278 2615 1316 2647 (1)
1334 2614 1388 2640 Hoc
1406 2612 1530 2639 Studium
1547 2611 1631 2638 erexit
1652 2609 1772 2636 Clemens
1790 2609 1821 2640 Υ,
1840 2611 1866 2634 ut
1883 2615 1956 2642 sup,
1968 2607 1994 2633 in

1242 2655 1296 2681 eius
1315 2654 1405 2679 Const.
1425 2661 1463 2678 vr.
1481 2652 1524 2678 fol.
1546 2651 1604 2677 ¹92.

1972 277 2011 304 An
2040 277 2068 303 C.
2090 276 2155 303 1518
