2274 3265
233 284 281 309 Αη.
303 282 331 309 C.
348 283 414 309 lltOO

237 1322 298 1342 ‘leira
321 1321 405 1348 praedi*

225 1357 257 1372 cta
288 1359 307 1372 tn
331 1353 404 1372 vivitu-

224 1387 264 1403 tctn
281 1386 368 1407 ertgttur
388 1391 391 1404 ;

242 1614 335 1634 Ecclesia

226 1646 238 1666 S
264 1645 369 1665 utrharHs

230 1676 368 1696 ratticttralrni
388 1679 408 1696 el

227 1708 353 1733 metropolit.

358 1619 408 1634 veis·

389 1646 407 1664 in

227 2106 406 2131 Arrhicpisrupus

240 2140 345 2162 ipmssnms

386 2139 405 2155 81

243 2174 252 2186 d
282 2173 352 2186 atttt'u}
370 2173 406 2192 ap-

226 2197 340 2222 pullantlus.

478 268 546 300 (354

428 334 636 367 decoraverat,
659 340 694 361 ac
715 328 877 373 cupientes
900 334 1058 372 praeterea
1081 338 1175 359 eam-

427 382 497 415 dcm
512 379 682 413 Ecclesiam
699 375 845 422 praedicti
863 375 1079 419 gloriosissimi
1094 374 1176 420 prin·

427 429 505 475 cipis
526 426 687 461 Michaelis
714 423 907 468 archangeli,
930 424 982 469 qui
1018 423 1056 456 dc
1086 422 1175 455 hoste

427 477 555 511 humani
583 475 707 520 generis
726 473 933 519 triumphans,
955 472 1082 505 militiae
1099 483 1174 504 coe—

426 527 512 560 lestis
530 525 685 559 exercitus
712 523 829 556 obtinet
853 520 1046 568 providentia
1070 520 1172 552 divina

426 577 605 621 primatum,
618 572 755 619 amplius
771 572 935 613 honorare,
952 581 986 603 ac
1003 569 1171 615 praemissa

425 632 539 658 attenta
575 622 776 656 meditatione
819 627 986 666 pensantes
1027 626 1058 651 et
1093 629 1174 650 onus

424 673 588 707 erectionis
615 669 794 704 huiusmodi
825 668 862 702 ad
895 668 1040 701 ellectum
1069 665 1171 699 dedu-

424 734 493 756 cere
516 734 588 755 cnm
618 720 793 754 maturitate
817 718 967 756 volentes,
989 729 1023 750 ex
1040 715 1172 762 quibus-

424 773 493 806 dam
518 771 586 805 aliis
616 769 819 803 rationalibus
841 766 1048 800 suadentibus
1070 765 1173 798 causis

424 821 460 854 ad
492 821 519 854 id
543 820 684 853 animum
715 826 856 852 nostrum
888 815 1114 856 moventibus,
1143 822 1170 847 et

423 883 458 903 cx
483 877 586 903 nostra
609 868 736 901 scientia
768 875 796 900 et
819 865 857 898 de
886 865 1013 898 l'ratrnin
1048 871 1172 897 nostro-

424 931 492 952 rum
521 918 674 955 consilio,
709 917 747 949 de
781 915 973 962 apostolicae
1011 913 1172 959 potestatis

425 967 633 1012 plenitudine,
649 966 685 999 ad
705 966 854 999 honorem
872 963 1096 1008 omnipotentis
1112 962 1169 995 Dei

423 1016 523 1050 Patris
546 1024 575 1049 et
597 1014 667 1048 Filii
683 1023 713 1048 et
735 1014 870 1060 Spiritus
893 1012 1012 1051 Sancti,
1036 1020 1065 1045 et
1082 1011 1171 1045 eius-

422 1066 493 1099 dem
517 1063 734 1110 gloriosissimi
759 1062 909 1109 principis
937 1061 1100 1095 Michaelis
1126 1073 1172 1094 ar-

422 1114 564 1159 changeli
589 1112 714 1147 laudem
743 1120 772 1146 et
795 1112 983 1157 gloriam,et
1007 1110 1170 1144 exaltatio—

424 1175 493 1197 nem
518 1163 679 1197 Ecclesiae
701 1172 826 1196 sanciae
848 1172 934 1198 snae,
956 1159 1052 1193 divini
1068 1159 1171 1193 cultus

420 1221 637 1258 augmentum,
666 1211 870 1257 fideliumque.
892 1209 1037 1248 salutem,
1066 1216 1096 1242 et
1118 1220 1171 1241 ea-

422 1261 563 1295 rumdem
599 1269 698 1295 terrae
725 1268 754 1294 et
787 1259 944 1294 Ecclesiae
968 1267 1082 1293 statum
1120 1258 1171 1291 ho-

422 1311 586 1345 norilicum
606 1318 636 1343 et
663 1309 880 1355 tranquillum,
909 1316 1020 1341 terram
1039 1307 1171 1354 praedi—

422 1368 501 1393 ctam
527 1361 556 1393 in
593 1360 747 1393 civitaten]
782 1358 953 1403 erigimus,
981 1366 1009 1390 et
1039 1356 1171 1390 civitatis

423 1409 513 1442 titulo
541 1418 567 1441 et
605 1408 750 1453 insigniis
772 1408 975 1441 decoramus:
1006 1407 1170 1452 ipsamque

426 1461 454 1491 in
485 1458 668 1492 memoriam
710 1456 909 1490 indelebilem
939 1468 1064 1495 eorum,
1092 1467 1171 1501 quae

424 1519 496 1542 cura
516 1515 617 1541 nostra
633 1508 660 1540 in
679 1507 735 1540 hac
763 1514 846 1552 parte
874 1515 1035 1551 geruntur,
1061 1505 1170 1539 civita-

425 1565 484 1590 tem
500 1556 706 1601 Garganicam
729 1556 887 1602 perpetuis
916 1555 1028 1588 suturis
1049 1563 1171 1601 tempo-

426 1606 511 1639 ribus
534 1606 679 1640 volumus
696 1605 881 1651 nuncupari.
897 1604 934 1638 Et
952 1605 1080 1650 insuper
1093 1616 1168 1638 ean-

424 1655 493 1689 dem
517 1655 688 1688 Ecclesiam
713 1654 781 1698 (cui
806 1653 1011 1687 venerabilem
1045 1653 1169 1688 fratrem

424 1713 562 1738 nostrum
579 1704 741 1739 Nicolaum
759 1703 1034 1750 archiepiscopum
1059 1702 1170 1749 Sipon-

423 1754 546 1797 tinum,
569 1762 661 1800 prout
694 1753 880 1799 Sipontinae
905 1752 1066 1787 Ecclesiae
1091 1764 1171 1798 prte-

422 1815 490 1836 esse
523 1803 738 1848 dignoscitur,
763 1801 942 1848 praesidere
972 1802 1118 1836 volumus
1140 1811 1168 1836 et

423 1852 590 1895 iubemus)
615 1853 644 1885 in
673 1852 883 1886 cathedralem
907 1861 936 1884 et
960 1851 1171 1898 metropolita-

423 1913 492 1934 nam
517 1900 688 1935 Ecclesiam
705 1901 850 1935 similiter
872 1901 1023 1945 erigimus
1045 1909 1073 1934 et
1093 1913 1170 1935 con-

422 1951 583 1983 stituimus
616 1951 654 1985 de
677 1951 809 1984 consilio
837 1958 865 1983 et
891 1958 1042 1997 potestate
1078 1963 1170 1996 prae-

422 1999 516 2040 dicta,
546 2000 693 2046 ipsasque
716 2000 824 2034 ambas
853 1999 1010 2033 Ecclesias
1033 1999 1169 2046 Siponti-

423 2061 491 2082 nam
515 2058 541 2082 et
566 2049 772 2094 Garganicam
796 2048 889 2082 simul
915 2050 1053 2088 unimus,
1076 2062 1171 2083 anue-

422 2099 536 2131 ctimtts
570 2107 597 2131 et
633 2099 880 2144 incorporamus,
921 2098 1078 2144 Perpetuo
1117 2112 1170 2144 per

423 2160 604 2196 praesentes
620 2152 828 2187 decernentes
854 2161 884 2185 nt
910 2152 1088 2198 praedictus
1112 2153 1167 2185 Ni—

421 2204 527 2238 colans
562 2206 819 2253 archiepiscopus
846 2219 883 2239 ex
907 2218 988 2239 nunc
1013 2206 1168 2252 archiepi<

421 2270 534 2304 scopus
552 2259 738 2306 Sipontinns
760 2268 789 2293 et
812 2259 1008 2304 Garganicus
1037 2272 1168 2293 nuncu—

420 2321 529 2357 petur,
553 2322 582 2346 et
605 2313 834 2360 subsequenter
869 2314 916 2348 sui
952 2314 981 2347 in
1007 2322 1165 2360 posterum

420 2378 628 2401 successores.
655 2367 838 2401 Statuentes
879 2376 906 2402 et
936 2367 975 2401 de
999 2367 1075 2414 ipsis
1097 2381 1166 2401 con-

420 2419 489 2452 silio
516 2428 543 2453 et
576 2429 725 2466 potestate
766 2422 972 2455 decernentes
1003 2432 1032 2456 ut
1062 2422 1167 2455 archi-

420 2472 582 2514 diaconus,
611 2487 662 2520 qui
695 2484 741 2508 est
766 2477 794 2509 in
818 2476 898 2510 dicta
928 2476 1067 2509 Ecclesia
1086 2476 1167 2510 Gar-

420 2527 540 2569 ganica,
564 2528 713 2562 maiorem
732 2538 798 2576 post
824 2529 1034 2576 pontificalem
1060 2529 1165 2574 digni-

422 2588 513 2613 tatcm
542 2581 692 2625 obtineat,
715 2583 833 2628 reliqua
858 2591 961 2616 autem
986 2582 1165 2627 dignitates,

422 2642 606 2677 personatus
629 2643 659 2668 et
681 2636 792 2679 ollicia,
815 2637 838 2670 si
867 2649 958 2683 quae,
982 2637 1005 2670 si
1030 2637 1096 2682 qui,
1112 2647 1166 2672 aut

1013 271 1113 294 BULLA
1119 271 1150 293 nt
1156 271 1200 293 UM
1228 269 1391 292 notttANUM

1217 325 1242 357 si
1266 337 1326 369 qua
1350 324 1452 357 l'orsan
1476 322 1535 356 sub
1565 322 1634 357 aliis
1659 322 1822 356 vocabulis
1850 322 1966 358 ibidem

1218 373 1371 406 hactenus
1394 371 1565 413 extiterint,
1587 370 1663 404 alias
1686 382 1747 404 non
1773 370 1967 406 intendimus

1219 432 1399 463 removere,
1434 428 1462 453 et
1497 427 1558 454 tam
1592 418 1886 464 archidiaconatus,
1913 420 1967 454 di—

1216 470 1362 514 gnitates,
1386 477 1572 514 personatus
1599 478 1629 502 et
1651 467 1750 503 officia
1772 468 1967 510 huiusmodi,

1217 530 1339 553 necnon
1373 518 1542 552 duodecim
1571 517 1796 552 canonicorum
1820 525 1850 551 et
1877 530 1968 564 prae—-

1217 567 1403 607 bendarum,
1415 575 1444 601 ct
1455 575 1499 601 tot
1508 576 1731 614 perpetuorum
1740 566 1966 601 beneficiorum

1216 617 1423 651 servientium
1443 624 1699 663 nuncupatorum
1715 627 1868 650 numerus
1886 616 1969 650 eius-

1217 665 1286 699 dem
1325 678 1422 700 novae
1454 665 1626 709 Ecclesiae,
1665 677 1700 699 ac
1733 665 1916 699 collationes
1938 673 1967 699 et

1217 715 1423 761 provisiones,
1447 727 1569 749 necnon
1593 714 1843 749 consuetudines
1858 722 1888 749 et
1904 723 1968 749 sta-

1216 772 1279 798 tuta
1316 765 1345 799 in
1374 778 1432 799 suo
1460 777 1530 798 esse
1553 773 1735 799 remaneant
1760 764 1838 798 sicut
1869 765 1965 810 prius.

1263 819 1278 856 ᾗ
1303 817 1334 848 '›
1356 814 1445 856 Quae
1460 814 1588 861 quidem
1613 825 1767 848 numerus
1781 822 1809 847 et
1829 825 1966 848 consue-

1216 863 1341 897 tudines
1375 872 1404 898 et
1439 871 1564 903 statuta,
1597 863 1636 897 de
1663 863 1796 898 consilio
1818 871 1848 897 et
1878 871 1965 910 pote-

1215 921 1293 947 state
1318 914 1488 960 praedicta‚
1509 913 1618 947 harum
1641 913 1721 947 serie
1740 912 1965 946 confirmamus

1214 971 1243 996 et
1268 964 1442 1009 praesentis
1465 962 1573 1010 scripti
1599 962 1772 1009 patrocinio
1785 962 1966 996 communi-

1216 1024 1298 1046 mus.
1335 1012 1513 1047 Proventus
1545 1019 1575 1046 et
1611 1012 1691 1046 bona
1714 1019 1745 1047 et
1768 1011 1832 1046 iura
1866 1011 1965 1058 ipsius

1215 1073 1312 1096 novae
1340 1062 1515 1102 Ecclesiae,
1542 1061 1646 1108 quoad
1663 1061 1964 1108 archiepiscopalem

1214 1123 1371 1154 mensam,
1393 1112 1429 1145 ad
1450 1111 1737 1157 archiepiscopum,
1752 1122 1815 1157 quo
1838 1122 1911 1144 vero
1926 1109 1964 1144 ad

1214 1160 1387 1207 capitulum
1428 1160 1624 1208 praedictum
1663 1160 1843 1206 pertinent,
1882 1160 1964 1193 iuxta

1214 1210 1477 1245 consuetudinem
1511 1210 1663 1244 hactenus
1698 1209 1908 1252 observatam,
1936 1216 1967 1241 et

1213 1259 1299 1299 alias,
1324 1259 1407 1293 iuxta
1434 1260 1512 1293 iuris
1533 1259 1677 1303 formam,
1702 1258 1918 1306 percipiantur
1937 1265 1966 1291 et

1214 1309 1312 1344 libere
1335 1308 1525 1343 dividantur.

1263 1362 1277 1400 ἕ
1300 1361 1333 1391 4.
1353 1357 1535 1399 Caeterum,
1558 1358 1596 1392 de
1612 1357 1744 1392 consilio
1759 1365 1790 1390 et
1814 1363 1966 1403 potestate

1215 1407 1386 1454 praedicta,
1413 1408 1581 1441 statuimus
1609 1416 1639 1442 et
1668 1406 1853 1441 ordinamus
1879 1405 1965 1451 quod

1214 1469 1366 1502 personae
1395 1466 1456 1491 tam
1480 1457 1714 1491 ecclesiasticae
1735 1467 1830 1502 quam
1854 1467 1966 1489 saecu-

1215 1506 1295 1540 lares
1330 1519 1425 1541 sexus
1462 1507 1624 1553 utriusque
1658 1506 1687 1539 in
1711 1505 1820 1539 eadem
1844 1505 1966 1538 civitate

1213 1555 1376 1600 degentes,
1401 1564 1580 1603 praesentes
1602 1564 1631 1589 et
1657 1555 1784 1602 posteri,
1806 1553 1966 1601 praedicto

1213 1605 1454 1652 archiepiscopo
1491 1606 1624 1652 eiusque
1665 1605 1800 1651 posteris
1831 1602 1964 1637 subiecti

1215 1663 1396 1689 remaneant
1428 1663 1459 1689 et
1496 1663 1624 1701 parcant
1657 1655 1685 1688 in
1710 1653 1857 1687 omnibus
1884 1653 1965 1686 sicut

1212 1713 1294 1738 ante.
1331 1704 1366 1738 ln
1389 1704 1497 1738 eadem
1534 1703 1673 1738 Ecclesia
1705 1715 1782 1737 nova
1807 1701 1964 1749 praedicta

1215 1754 1320 1788 divina
1356 1754 1455 1789 officia
1492 1762 1682 1799 peragantur
1726 1753 1808 1786 iuxta
1846 1752 1939 1785 ritum
1957 1779 1964 1787 .

1215 1803 1343 1837 modum
1368 1812 1397 1837 et
1425 1803 1688 1837 consuetudinem
1713 1801 1829 1836 ibidem
1856 1801 1965 1835 hacte-

1214 1865 1274 1886 nus
1284 1853 1427 1887 usitatos.
1440 1852 1641 1898 Quandoque
1654 1852 1718 1899 ipsa
1735 1863 1813 1885 nova
1824 1850 1965 1884 Ecclesia

1213 1902 1362 1936 omnihus
1380 1902 1560 1948 privilegiis,
1585 1901 1707 1935 iuribus
1722 1909 1751 1935 et
1773 1899 1965 1934 iurisdictio-

1214 1952 1307 1986 nibus
1324 1952 1498 1998 potiaturet
1513 1950 1787 1997 gaudeat‚quibus
1796 1948 1905 1983 eadem
1917 1948 1965 1983 Si-

1214 2001 1343 2047 pontina
1368 2000 1510 2035 Ecclesia
1525 2000 1641 2047 gaudet
1660 2008 1690 2034 et
1710 1999 1849 2046 gaudere
1870 1999 1963 2032 etiam

1213 2051 1378 2084 consuevit
1405 2050 1604 2091 huiusmodi,
1633 2062 1755 2084 necnon
1779 2048 1847 2082 aliis
1867 2047 1964 2094 privi-

1212 2099 1314 2145 legiis,
1339 2100 1471 2134 indultis
1493 2108 1523 2134 et
1545 2098 1808 2134 concessionibus
1835 2105 1964 2144 aposto-

1213 2152 1279 2187 licis
1296 2153 1398 2188 eidem
1414 2153 1600 2201 Sipontinae
1617 2152 1776 2186 Ecclesiae
1789 2151 1963 2193 concessis,

1211 2219 1292 2254 quae
1322 2216 1450 2255 possent
1482 2206 1704 2254 praesentibus
1738 2205 1877 2246 obviare,
1901 2217 1962 2238 non

1211 2261 1409 2296 obstantibus
1445 2261 1712 2309 quibuscumque.
1752 2259 1964 2294 Dccernimus

1212 2315 1340 2363 insuper
1362 2328 1398 2350 ex
1423 2328 1508 2350 nunc
1525 2316 1646 2351 irritum
1662 2323 1690 2349 et
1712 2315 1816 2356 inane,
1831 2315 1856 2349 si
1871 2327 1965 2350 secus

1210 2382 1305 2416 super
1327 2370 1376 2403 his
1398 2383 1412 2404 a
1437 2382 1610 2417 quoquam,
1632 2369 1743 2417 quavis
1765 2370 1963 2412 auctoritate,

1210 2424 1348 2458 scienter
1365 2424 1410 2459 vel
1426 2425 1611 2469 ignoranter
1624 2424 1789 2470 contigerit
1806 2424 1961 2458 attentari.

1259 2484 1273 2520 ς’
1297 2480 1328 2511 5.
1345 2477 1426 2512 Nulli
1444 2491 1519 2524 ergo
1534 2479 1664 2513 omnino
1685 2478 1850 2513 hominum
1873 2478 1962 2513 liceat

1210 2531 1289 2565 hanc
1315 2533 1458 2578 paginam
1497 2541 1673 2567 nostrarum
1702 2532 1883 2575 erectionis,
1905 2531 1963 2565 de—

1209 2586 1400 2624 corationis,
1425 2586 1598 2627 iussionis,
1622 2586 1805 2629 voluntatis,
1835 2585 1961 2620 unionis

1208 2645 1237 2671 et
1265 2640 1476 2678 annexionis,
1507 2640 1797 2686 incorporationis,
1832 2639 1959 2681 statuti,

1988 266 2037 292 An.
2057 266 2085 292 C.
2101 266 2169 292 ttioo

1994 430 2083 457 Capituli
2110 432 2168 451 usst-

1983 463 2053 486 guasto

1995 823 2023 844 De
2051 823 2168 844 redditibus

1981 855 2168 881 arctitvptepinco-

1981 887 1999 911 pi
2024 888 2044 905 ct
2071 885 2164 912 capituti.

1978 2247 2109 2267 obstantium
2122 2247 2160 2267 ‹le-

1980 2280 2068 2304 rogatio.

2009 2478 2129 2499 clausutae.
