<?xml version="1.0" encoding="UTF-8"?>
<!DOCTYPE html PUBLIC "-//W3C//DTD XHTML 1.0 Transitional//EN"
    "http://www.w3.org/TR/xhtml1/DTD/xhtml1-transitional.dtd">
<html xmlns="http://www.w3.org/1999/xhtml" xml:lang="en" lang="en">
 <head>
  <title>
</title>
<meta http-equiv="Content-Type" content="text/html;charset=utf-8" />
  <meta name='ocr-system' content='tesseract 3.04.00' />
  <meta name='ocr-capabilities' content='ocr_page ocr_carea ocr_par ocr_line ocrx_word'/>
</head>
<body>
  <div class='ocr_page' id='page_1' title='image "./bullarumdiplomat04cath_0383.png"; bbox 0 0 2274 3265; ppageno 0'>
   <div class='ocr_carea' id='block_1_1' title="bbox 0 0 31 3265">
    <p class='ocr_par' dir='ltr' id='par_1_1' title="bbox 0 0 31 3265">
     <span class='ocr_line' id='line_1_1' title="bbox 0 0 31 3265; baseline 0 0"><span class='ocrx_word' id='word_1_1' title='bbox 0 0 31 3265; x_wconf 95' lang='lat' dir='ltr'> </span> 
     </span>
    </p>
   </div>
   <div class='ocr_carea' id='block_1_2' title="bbox 135 250 313 277">
    <p class='ocr_par' dir='ltr' id='par_1_2' title="bbox 135 250 313 277">
     <span class='ocr_line' id='line_1_2' title="bbox 135 250 313 277; baseline 0 0"><span class='ocrx_word' id='word_1_2' title='bbox 135 252 183 277; x_wconf 78' lang='lat' dir='ltr'>An.</span> <span class='ocrx_word' id='word_1_3' title='bbox 202 250 230 277; x_wconf 90' lang='lat' dir='ltr'>C.</span> <span class='ocrx_word' id='word_1_4' title='bbox 248 252 313 277; x_wconf 76' lang='lat'>¹536</span> 
     </span>
    </p>
   </div>
   <div class='ocr_carea' id='block_1_3' title="bbox 130 555 314 638">
    <p class='ocr_par' dir='ltr' id='par_1_3' title="bbox 131 555 313 638">
     <span class='ocr_line' id='line_1_3' title="bbox 143 555 313 575; baseline 0.012 -2"><span class='ocrx_word' id='word_1_5' title='bbox 143 555 171 575; x_wconf 67' lang='lat' dir='ltr'>Ne</span> <span class='ocrx_word' id='word_1_6' title='bbox 213 561 245 575; x_wconf 88' lang='lat' dir='ltr'>mu</span> <span class='ocrx_word' id='word_1_7' title='bbox 235 555 313 575; x_wconf 75' lang='lat' dir='ltr'>uberes</span> 
     </span>
     <span class='ocr_line' id='line_1_4' title="bbox 137 587 314 606; baseline 0 -1"><span class='ocrx_word' id='word_1_8' title='bbox 137 587 262 606; x_wconf 69' lang='lat' dir='ltr'>notentur-in</span> <span class='ocrx_word' id='word_1_9' title='bbox 272 592 314 605; x_wconf 79' lang='lat' dir='ltr'>rnu-</span> 
     </span>
     <span class='ocr_line' id='line_1_5' title="bbox 130 593 231 638; baseline -0.023 0.023"><span class='ocrx_word' id='word_1_10' title='bbox 130 593 231 638; x_wconf 74' lang='lat' dir='ltr'>basterus</span> 
     </span>
    </p>
   </div>
   <div class='ocr_carea' id='block_1_4' title="bbox 121 2495 305 2640">
    <p class='ocr_par' dir='ltr' id='par_1_4' title="bbox 121 2495 305 2640">
     <span class='ocr_line' id='line_1_6' title="bbox 128 2495 305 2516; baseline 0.006 -1"><span class='ocrx_word' id='word_1_11' title='bbox 128 2495 170 2516; x_wconf 74' lang='lat' dir='ltr'>Ner</span> <span class='ocrx_word' id='word_1_12' title='bbox 165 2502 183 2515; x_wconf 90' lang='grc' dir='ltr'>ι</span> <span class='ocrx_word' id='word_1_13' title='bbox 187 2502 205 2515; x_wconf 89' lang='lat' dir='ltr'>o</span> <span class='ocrx_word' id='word_1_14' title='bbox 207 2502 224 2516; x_wconf 95' lang='grc' dir='ltr'>ι</span> <span class='ocrx_word' id='word_1_15' title='bbox 229 2496 260 2516; x_wconf 96' lang='grc' dir='ltr'>ιΙιι</span> <span class='ocrx_word' id='word_1_16' title='bbox 269 2503 280 2516; x_wconf 94' lang='grc' dir='ltr'>ι</span> <span class='ocrx_word' id='word_1_17' title='bbox 284 2503 305 2516; x_wconf 97' lang='grc' dir='ltr'>ιι</span> 
     </span>
     <span class='ocr_line' id='line_1_7' title="bbox 121 2526 303 2546; baseline 0.006 -1"><span class='ocrx_word' id='word_1_18' title='bbox 121 2528 159 2546; x_wconf 78' lang='grc' dir='ltr'>ιιιιι</span> <span class='ocrx_word' id='word_1_19' title='bbox 162 2530 184 2546; x_wconf 82' lang='grc' dir='ltr'>ιιι</span> <span class='ocrx_word' id='word_1_20' title='bbox 213 2526 245 2545; x_wconf 81' lang='lat' dir='ltr'>vel</span> <span class='ocrx_word' id='word_1_21' title='bbox 271 2530 303 2546; x_wconf 81' lang='lat' dir='ltr'>te-</span> 
     </span>
     <span class='ocr_line' id='line_1_8' title="bbox 122 2557 304 2577; baseline 0.005 -1"><span class='ocrx_word' id='word_1_22' title='bbox 122 2560 185 2577; x_wconf 74' lang='lat' dir='ltr'>{eant</span> <span class='ocrx_word' id='word_1_23' title='bbox 206 2557 304 2577; x_wconf 74' lang='lat' dir='ltr'>animalia</span> 
     </span>
     <span class='ocr_line' id='line_1_9' title="bbox 122 2588 304 2608; baseline 0.007 -1.092"><span class='ocrx_word' id='word_1_24' title='bbox 122 2591 156 2607; x_wconf 74' lang='lat' dir='ltr'>&lt;uu</span> <span class='ocrx_word' id='word_1_25' title='bbox 185 2588 210 2608; x_wconf 70' lang='lat' dir='ltr'>lai</span> <span class='ocrx_word' id='word_1_26' title='bbox 227 2595 250 2608; x_wconf 74' lang='lat' dir='ltr'>os</span> <span class='ocrx_word' id='word_1_27' title='bbox 284 2590 304 2608; x_wconf 91' lang='lat' dir='ltr'>ln</span> 
     </span>
     <span class='ocr_line' id='line_1_10' title="bbox 122 2623 243 2640; baseline 0.01 -1"><span class='ocrx_word' id='word_1_28' title='bbox 122 2623 243 2640; x_wconf 76' lang='lat' dir='ltr'>monasterii</span> 
     </span>
    </p>
   </div>
   <div class='ocr_carea' id='block_1_5' title="bbox 925 248 1264 271">
    <p class='ocr_par' dir='ltr' id='par_1_5' title="bbox 925 248 1264 271">
     <span class='ocr_line' id='line_1_11' title="bbox 925 248 1264 271; baseline -0.003 -1"><span class='ocrx_word' id='word_1_29' title='bbox 925 248 1119 271; x_wconf 58' lang='lat' dir='ltr'>nuussutcrt&#39;s</span> <span class='ocrx_word' id='word_1_30' title='bbox 1142 248 1188 270; x_wconf 80' lang='lat' dir='ltr'>Xll</span> <span class='ocrx_word' id='word_1_31' title='bbox 1219 248 1264 269; x_wconf 77' lang='grc' dir='ltr'>ΙΨ.</span> 
     </span>
    </p>
   </div>
   <div class='ocr_carea' id='block_1_6' title="bbox 330 303 1075 402">
    <p class='ocr_par' dir='ltr' id='par_1_6' title="bbox 330 303 1075 402">
     <span class='ocr_line' id='line_1_12' title="bbox 330 303 1075 352; baseline -0.003 -13"><span class='ocrx_word' id='word_1_32' title='bbox 330 317 384 352; x_wconf 86' lang='lat' dir='ltr'>per</span> <span class='ocrx_word' id='word_1_33' title='bbox 405 304 484 339; x_wconf 91' lang='lat' dir='ltr'>duos</span> <span class='ocrx_word' id='word_1_34' title='bbox 507 303 574 338; x_wconf 81' lang='lat' dir='ltr'>dies</span> <span class='ocrx_word' id='word_1_35' title='bbox 603 305 691 351; x_wconf 86' lang='lat' dir='ltr'>panis</span> <span class='ocrx_word' id='word_1_36' title='bbox 710 312 740 339; x_wconf 86' lang='lat' dir='ltr'>et</span> <span class='ocrx_word' id='word_1_37' title='bbox 762 316 859 351; x_wconf 84' lang='lat' dir='ltr'>aquae</span> <span class='ocrx_word' id='word_1_38' title='bbox 874 303 1075 340; x_wconf 87' lang='lat' dir='ltr'>solummodo</span> 
     </span>
     <span class='ocr_line' id='line_1_13' title="bbox 330 354 775 402; baseline -0.002 -13"><span class='ocrx_word' id='word_1_39' title='bbox 330 354 588 402; x_wconf 86' lang='lat' dir='ltr'>poenitentiariae</span> <span class='ocrx_word' id='word_1_40' title='bbox 611 354 775 389; x_wconf 85' lang='lat' dir='ltr'>subdatur.</span> 
     </span>
    </p>
   </div>
   <div class='ocr_carea' id='block_1_7' title="bbox 606 430 799 465">
    <p class='ocr_par' dir='ltr' id='par_1_7' title="bbox 606 430 799 465">
     <span class='ocr_line' id='line_1_14' title="bbox 606 430 799 465; baseline -0.005 0"><span class='ocrx_word' id='word_1_41' title='bbox 606 431 685 465; x_wconf 65' lang='lat' dir='ltr'>Car.</span> <span class='ocrx_word' id='word_1_42' title='bbox 715 430 799 465; x_wconf 75' lang='lat' dir='ltr'>xlx.</span> 
     </span>
    </p>
   </div>
   <div class='ocr_carea' id='block_1_8' title="bbox 317 501 1074 2340">
    <p class='ocr_par' dir='ltr' id='par_1_8' title="bbox 317 501 1074 2340">
     <span class='ocr_line' id='line_1_15' title="bbox 378 501 1072 549; baseline -0.003 -13"><span class='ocrx_word' id='word_1_43' title='bbox 378 501 509 549; x_wconf 78' lang='lat' dir='ltr'>Insuper</span> <span class='ocrx_word' id='word_1_44' title='bbox 531 503 698 537; x_wconf 82' lang='lat' dir='ltr'>statuimus</span> <span class='ocrx_word' id='word_1_45' title='bbox 719 511 748 536; x_wconf 83' lang='lat' dir='ltr'>et</span> <span class='ocrx_word' id='word_1_46' title='bbox 771 502 964 540; x_wconf 81' lang='lat' dir='ltr'>ordinamus</span> <span class='ocrx_word' id='word_1_47' title='bbox 990 501 1072 548; x_wconf 89' lang='lat' dir='ltr'>quod</span> 
     </span>
     <span class='ocr_line' id='line_1_16' title="bbox 329 551 1074 599; baseline -0.003 -13"><span class='ocrx_word' id='word_1_48' title='bbox 329 552 493 591; x_wconf 70' lang='lat' dir='ltr'>antistites</span> <span class='ocrx_word' id='word_1_49' title='bbox 516 552 656 595; x_wconf 85' lang='lat' dir='ltr'>abbates,</span> <span class='ocrx_word' id='word_1_50' title='bbox 680 553 799 599; x_wconf 79' lang='lat' dir='ltr'>priores</span> <span class='ocrx_word' id='word_1_51' title='bbox 822 564 857 586; x_wconf 87' lang='lat' dir='ltr'>ac</span> <span class='ocrx_word' id='word_1_52' title='bbox 879 552 992 586; x_wconf 82' lang='lat' dir='ltr'>caeteri</span> <span class='ocrx_word' id='word_1_53' title='bbox 1016 551 1074 585; x_wconf 88' lang='lat' dir='ltr'>ad-</span> 
     </span>
     <span class='ocr_line' id='line_1_17' title="bbox 329 601 1073 637; baseline -0.003 -1"><span class='ocrx_word' id='word_1_54' title='bbox 329 602 556 636; x_wconf 81' lang='lat' dir='ltr'>ministratores</span> <span class='ocrx_word' id='word_1_55' title='bbox 583 601 613 636; x_wconf 94' lang='lat' dir='ltr'>in</span> <span class='ocrx_word' id='word_1_56' title='bbox 634 602 785 637; x_wconf 83' lang='lat' dir='ltr'>Ecclesiis</span> <span class='ocrx_word' id='word_1_57' title='bbox 808 601 853 636; x_wconf 89' lang='lat' dir='ltr'>vel</span> <span class='ocrx_word' id='word_1_58' title='bbox 877 601 1073 636; x_wconf 78' lang='lat' dir='ltr'>monasteriis</span> 
     </span>
     <span class='ocr_line' id='line_1_18' title="bbox 328 651 1074 687; baseline -0.003 -1"><span class='ocrx_word' id='word_1_59' title='bbox 328 664 383 687; x_wconf 87' lang='lat' dir='ltr'>seu</span> <span class='ocrx_word' id='word_1_60' title='bbox 413 651 481 686; x_wconf 87' lang='lat' dir='ltr'>aliis</span> <span class='ocrx_word' id='word_1_61' title='bbox 509 652 585 686; x_wconf 88' lang='lat' dir='ltr'>locis</span> <span class='ocrx_word' id='word_1_62' title='bbox 612 651 756 686; x_wconf 86' lang='lat' dir='ltr'>eiusdem</span> <span class='ocrx_word' id='word_1_63' title='bbox 781 651 899 686; x_wconf 80' lang='lat' dir='ltr'>ordinis</span> <span class='ocrx_word' id='word_1_64' title='bbox 923 652 966 686; x_wconf 89' lang='lat' dir='ltr'>vel</span> <span class='ocrx_word' id='word_1_65' title='bbox 997 651 1074 686; x_wconf 80' lang='lat' dir='ltr'>reli·</span> 
     </span>
     <span class='ocr_line' id='line_1_19' title="bbox 327 701 1072 749; baseline 0 -13"><span class='ocrx_word' id='word_1_66' title='bbox 327 702 432 748; x_wconf 77' lang='lat' dir='ltr'>gionis</span> <span class='ocrx_word' id='word_1_67' title='bbox 459 701 656 741; x_wconf 87' lang='lat' dir='ltr'>huiusmodi,</span> <span class='ocrx_word' id='word_1_68' title='bbox 678 710 731 736; x_wconf 92' lang='lat' dir='ltr'>aut</span> <span class='ocrx_word' id='word_1_69' title='bbox 755 702 831 735; x_wconf 89' lang='lat' dir='ltr'>iusra</span> <span class='ocrx_word' id='word_1_70' title='bbox 860 710 944 749; x_wconf 85' lang='lat' dir='ltr'>septa</span> <span class='ocrx_word' id='word_1_71' title='bbox 968 701 1072 736; x_wconf 75' lang='lat' dir='ltr'>Eccle-</span> 
     </span>
     <span class='ocr_line' id='line_1_20' title="bbox 327 751 1073 790; baseline 0.001 -5"><span class='ocrx_word' id='word_1_72' title='bbox 327 752 457 790; x_wconf 81' lang='lat' dir='ltr'>siarum,</span> <span class='ocrx_word' id='word_1_73' title='bbox 488 751 751 786; x_wconf 77' lang='lat' dir='ltr'>monasteriorum</span> <span class='ocrx_word' id='word_1_74' title='bbox 780 759 810 786; x_wconf 89' lang='lat' dir='ltr'>et</span> <span class='ocrx_word' id='word_1_75' title='bbox 844 751 983 786; x_wconf 84' lang='lat' dir='ltr'>locorum</span> <span class='ocrx_word' id='word_1_76' title='bbox 1018 764 1073 786; x_wconf 87' lang='lat' dir='ltr'>eo-</span> 
     </span>
     <span class='ocr_line' id='line_1_21' title="bbox 328 800 1073 848; baseline 0.001 -13"><span class='ocrx_word' id='word_1_77' title='bbox 328 801 482 840; x_wconf 88' lang='lat' dir='ltr'>rumdem,</span> <span class='ocrx_word' id='word_1_78' title='bbox 507 801 551 835; x_wconf 89' lang='lat' dir='ltr'>vel</span> <span class='ocrx_word' id='word_1_79' title='bbox 576 801 604 835; x_wconf 92' lang='lat' dir='ltr'>in</span> <span class='ocrx_word' id='word_1_80' title='bbox 633 800 792 845; x_wconf 79' lang='lat' dir='ltr'>domibus,</span> <span class='ocrx_word' id='word_1_81' title='bbox 820 801 850 835; x_wconf 91' lang='lat' dir='ltr'>in</span> <span class='ocrx_word' id='word_1_82' title='bbox 874 801 989 848; x_wconf 91' lang='lat' dir='ltr'>quibus</span> <span class='ocrx_word' id='word_1_83' title='bbox 1005 814 1073 836; x_wconf 90' lang='lat' dir='ltr'>mo—</span> 
     </span>
     <span class='ocr_line' id='line_1_22' title="bbox 327 850 1070 894; baseline 0.001 -10"><span class='ocrx_word' id='word_1_84' title='bbox 327 851 394 884; x_wconf 87' lang='lat' dir='ltr'>naci</span> <span class='ocrx_word' id='word_1_85' title='bbox 423 850 583 891; x_wconf 83' lang='lat' dir='ltr'>habitant,</span> <span class='ocrx_word' id='word_1_86' title='bbox 611 851 760 886; x_wconf 85' lang='lat' dir='ltr'>mulieres</span> <span class='ocrx_word' id='word_1_87' title='bbox 784 860 889 886; x_wconf 88' lang='lat' dir='ltr'>tenere</span> <span class='ocrx_word' id='word_1_88' title='bbox 916 852 1026 894; x_wconf 85' lang='lat' dir='ltr'>(etiam</span> <span class='ocrx_word' id='word_1_89' title='bbox 1045 852 1070 886; x_wconf 90' lang='lat' dir='ltr'>si</span> 
     </span>
     <span class='ocr_line' id='line_1_23' title="bbox 327 899 1072 947; baseline 0.001 -13"><span class='ocrx_word' id='word_1_90' title='bbox 327 909 440 934; x_wconf 87' lang='lat' dir='ltr'>matres</span> <span class='ocrx_word' id='word_1_91' title='bbox 472 899 516 933; x_wconf 87' lang='lat' dir='ltr'>vel</span> <span class='ocrx_word' id='word_1_92' title='bbox 545 912 669 935; x_wconf 85' lang='lat' dir='ltr'>sorores</span> <span class='ocrx_word' id='word_1_93' title='bbox 692 901 822 944; x_wconf 85' lang='lat' dir='ltr'>suerint)</span> <span class='ocrx_word' id='word_1_94' title='bbox 851 913 912 935; x_wconf 89' lang='lat' dir='ltr'>non</span> <span class='ocrx_word' id='word_1_95' title='bbox 944 914 1072 947; x_wconf 87' lang='lat' dir='ltr'>praesu-</span> 
     </span>
     <span class='ocr_line' id='line_1_24' title="bbox 325 949 1071 998; baseline 0.004 -15"><span class='ocrx_word' id='word_1_96' title='bbox 325 958 424 984; x_wconf 89' lang='lat' dir='ltr'>mant.</span> <span class='ocrx_word' id='word_1_97' title='bbox 452 949 618 984; x_wconf 82' lang='lat' dir='ltr'>Antistites</span> <span class='ocrx_word' id='word_1_98' title='bbox 646 962 730 995; x_wconf 88' lang='lat' dir='ltr'>vero,</span> <span class='ocrx_word' id='word_1_99' title='bbox 756 950 902 991; x_wconf 81' lang='lat' dir='ltr'>abbates,</span> <span class='ocrx_word' id='word_1_100' title='bbox 932 952 1071 998; x_wconf 83' lang='lat' dir='ltr'>priores,</span> 
     </span>
     <span class='ocr_line' id='line_1_25' title="bbox 324 999 1070 1047; baseline 0.001 -13"><span class='ocrx_word' id='word_1_101' title='bbox 324 1011 359 1034; x_wconf 87' lang='lat' dir='ltr'>ac</span> <span class='ocrx_word' id='word_1_102' title='bbox 386 999 510 1039; x_wconf 86' lang='lat' dir='ltr'>caeteri,</span> <span class='ocrx_word' id='word_1_103' title='bbox 539 1000 718 1047; x_wconf 75' lang='lat' dir='ltr'>superiores</span> <span class='ocrx_word' id='word_1_104' title='bbox 741 1001 902 1047; x_wconf 75' lang='lat' dir='ltr'>religionis</span> <span class='ocrx_word' id='word_1_105' title='bbox 929 1001 1070 1036; x_wconf 79' lang='lat' dir='ltr'>eiusdem</span> 
     </span>
     <span class='ocr_line' id='line_1_26' title="bbox 325 1048 1071 1097; baseline 0.003 -14"><span class='ocrx_word' id='word_1_106' title='bbox 325 1061 385 1083; x_wconf 91' lang='lat' dir='ltr'>non</span> <span class='ocrx_word' id='word_1_107' title='bbox 410 1048 574 1087; x_wconf 88' lang='lat' dir='ltr'>habentes,</span> <span class='ocrx_word' id='word_1_108' title='bbox 599 1050 651 1097; x_wconf 92' lang='lat' dir='ltr'>qui</span> <span class='ocrx_word' id='word_1_109' title='bbox 675 1058 782 1085; x_wconf 89' lang='lat' dir='ltr'>contra</span> <span class='ocrx_word' id='word_1_110' title='bbox 806 1050 945 1094; x_wconf 79' lang='lat' dir='ltr'>feceriut,</span> <span class='ocrx_word' id='word_1_111' title='bbox 968 1063 983 1084; x_wconf 87' lang='lat' dir='ltr'>a</span> <span class='ocrx_word' id='word_1_112' title='bbox 1005 1051 1071 1085; x_wconf 85' lang='lat' dir='ltr'>eol-</span> 
     </span>
     <span class='ocr_line' id='line_1_27' title="bbox 324 1098 1072 1146; baseline 0.001 -13"><span class='ocrx_word' id='word_1_113' title='bbox 324 1098 438 1133; x_wconf 76' lang='lat' dir='ltr'>latione</span> <span class='ocrx_word' id='word_1_114' title='bbox 458 1099 683 1134; x_wconf 83' lang='lat' dir='ltr'>beneficiorum</span> <span class='ocrx_word' id='word_1_115' title='bbox 708 1100 769 1133; x_wconf 91' lang='lat' dir='ltr'>sint</span> <span class='ocrx_word' id='word_1_116' title='bbox 793 1113 848 1146; x_wconf 82' lang='lat' dir='ltr'>per</span> <span class='ocrx_word' id='word_1_117' title='bbox 870 1107 931 1134; x_wconf 81' lang='lat' dir='ltr'>tres</span> <span class='ocrx_word' id='word_1_118' title='bbox 947 1112 1072 1135; x_wconf 88' lang='lat' dir='ltr'>menses</span> 
     </span>
     <span class='ocr_line' id='line_1_28' title="bbox 322 1149 1069 1196; baseline 0 -13"><span class='ocrx_word' id='word_1_119' title='bbox 322 1161 359 1184; x_wconf 90' lang='lat' dir='ltr'>eo</span> <span class='ocrx_word' id='word_1_120' title='bbox 388 1149 457 1196; x_wconf 88' lang='lat' dir='ltr'>ipso</span> <span class='ocrx_word' id='word_1_121' title='bbox 478 1150 643 1196; x_wconf 77' lang='lat' dir='ltr'>suspensi,</span> <span class='ocrx_word' id='word_1_122' title='bbox 671 1149 788 1196; x_wconf 88' lang='lat' dir='ltr'>quibus</span> <span class='ocrx_word' id='word_1_123' title='bbox 814 1149 1013 1189; x_wconf 71' lang='lat' dir='ltr'>durantibus,</span> <span class='ocrx_word' id='word_1_124' title='bbox 1032 1150 1069 1183; x_wconf 86' lang='lat' dir='ltr'>ad</span> 
     </span>
     <span class='ocr_line' id='line_1_29' title="bbox 324 1198 1071 1246; baseline 0 -13"><span class='ocrx_word' id='word_1_125' title='bbox 324 1199 459 1245; x_wconf 81' lang='lat' dir='ltr'>priorem</span> <span class='ocrx_word' id='word_1_126' title='bbox 485 1199 529 1233; x_wconf 76' lang='lat' dir='ltr'>vel</span> <span class='ocrx_word' id='word_1_127' title='bbox 545 1198 640 1233; x_wconf 87' lang='lat' dir='ltr'>alium</span> <span class='ocrx_word' id='word_1_128' title='bbox 670 1198 830 1242; x_wconf 89' lang='lat' dir='ltr'>maiorem,</span> <span class='ocrx_word' id='word_1_129' title='bbox 850 1209 920 1246; x_wconf 87' lang='lat' dir='ltr'>post</span> <span class='ocrx_word' id='word_1_130' title='bbox 947 1200 1071 1233; x_wconf 86' lang='lat' dir='ltr'>antisti-</span> 
     </span>
     <span class='ocr_line' id='line_1_30' title="bbox 324 1248 1068 1303; baseline 0 -21"><span class='ocrx_word' id='word_1_131' title='bbox 324 1257 384 1282; x_wconf 90' lang='lat' dir='ltr'>tem</span> <span class='ocrx_word' id='word_1_132' title='bbox 408 1261 462 1282; x_wconf 92' lang='lat' dir='ltr'>seu</span> <span class='ocrx_word' id='word_1_133' title='bbox 484 1248 640 1291; x_wconf 89' lang='lat' dir='ltr'>abbatem,</span> <span class='ocrx_word' id='word_1_134' title='bbox 664 1261 736 1283; x_wconf 82' lang='lat' dir='ltr'>eum</span> <span class='ocrx_word' id='word_1_135' title='bbox 761 1260 915 1282; x_wconf 87' lang='lat' dir='ltr'>consensu</span> <span class='ocrx_word' id='word_1_136' title='bbox 940 1249 1068 1303; x_wconf 82' lang='lat' dir='ltr'>capituli</span> 
     </span>
     <span class='ocr_line' id='line_1_31' title="bbox 321 1297 1069 1333; baseline 0 -1"><span class='ocrx_word' id='word_1_137' title='bbox 321 1310 375 1332; x_wconf 90' lang='lat' dir='ltr'>seu</span> <span class='ocrx_word' id='word_1_138' title='bbox 415 1307 587 1333; x_wconf 86' lang='lat' dir='ltr'>conventus</span> <span class='ocrx_word' id='word_1_139' title='bbox 627 1297 672 1331; x_wconf 73' lang='lat' dir='ltr'>vel</span> <span class='ocrx_word' id='word_1_140' title='bbox 707 1297 834 1332; x_wconf 83' lang='grc' dir='ltr'>ιιιιιιοιι5</span> <span class='ocrx_word' id='word_1_141' title='bbox 873 1308 903 1333; x_wconf 85' lang='lat' dir='ltr'>et</span> <span class='ocrx_word' id='word_1_142' title='bbox 937 1299 1069 1333; x_wconf 81' lang='lat' dir='ltr'>sanioris</span> 
     </span>
     <span class='ocr_line' id='line_1_32' title="bbox 322 1347 1068 1394; baseline 0.001 -13"><span class='ocrx_word' id='word_1_143' title='bbox 322 1348 418 1394; x_wconf 83' lang='lat' dir='ltr'>partis</span> <span class='ocrx_word' id='word_1_144' title='bbox 458 1347 618 1390; x_wconf 85' lang='lat' dir='ltr'>eiusdem,</span> <span class='ocrx_word' id='word_1_145' title='bbox 658 1347 885 1381; x_wconf 77' lang='lat' dir='ltr'>beneficiorum</span> <span class='ocrx_word' id='word_1_146' title='bbox 928 1348 1068 1394; x_wconf 88' lang='lat' dir='ltr'>ipsorum</span> 
     </span>
     <span class='ocr_line' id='line_1_33' title="bbox 320 1374 1067 1444; baseline 0.003 -14"><span class='ocrx_word' id='word_1_147' title='bbox 320 1397 358 1430; x_wconf 93' lang='lat' dir='ltr'>sit</span> <span class='ocrx_word' id='word_1_148' title='bbox 381 1396 506 1431; x_wconf 87' lang='lat' dir='ltr'>collatio</span> <span class='ocrx_word' id='word_1_149' title='bbox 529 1374 684 1431; x_wconf 86' lang='lat' dir='ltr'>devoluta.</span> <span class='ocrx_word' id='word_1_150' title='bbox 712 1396 772 1431; x_wconf 78' lang='lat' dir='ltr'>Alii</span> <span class='ocrx_word' id='word_1_151' title='bbox 804 1409 875 1431; x_wconf 82' lang='lat' dir='ltr'>vero</span> <span class='ocrx_word' id='word_1_152' title='bbox 900 1398 1019 1444; x_wconf 77' lang='lat' dir='ltr'>priores</span> <span class='ocrx_word' id='word_1_153' title='bbox 1039 1407 1067 1432; x_wconf 85' lang='lat' dir='ltr'>et</span> 
     </span>
     <span class='ocr_line' id='line_1_34' title="bbox 319 1445 1069 1494; baseline 0.004 -15"><span class='ocrx_word' id='word_1_154' title='bbox 319 1445 599 1487; x_wconf 79' lang='lat' dir='ltr'>administratores,</span> <span class='ocrx_word' id='word_1_155' title='bbox 634 1446 829 1494; x_wconf 81' lang='lat' dir='ltr'>quicumque</span> <span class='ocrx_word' id='word_1_156' title='bbox 851 1446 985 1491; x_wconf 77' lang='lat' dir='ltr'>suerint,</span> <span class='ocrx_word' id='word_1_157' title='bbox 1014 1461 1069 1494; x_wconf 87' lang='lat' dir='ltr'>pei</span> 
     </span>
     <span class='ocr_line' id='line_1_35' title="bbox 318 1497 1069 1543; baseline 0.003 -14"><span class='ocrx_word' id='word_1_158' title='bbox 318 1508 372 1530; x_wconf 79' lang='lat' dir='ltr'>sex</span> <span class='ocrx_word' id='word_1_159' title='bbox 399 1508 523 1531; x_wconf 86' lang='lat' dir='ltr'>menses</span> <span class='ocrx_word' id='word_1_160' title='bbox 551 1509 565 1530; x_wconf 91' lang='lat' dir='ltr'>a</span> <span class='ocrx_word' id='word_1_161' title='bbox 597 1497 800 1543; x_wconf 74' lang='lat' dir='ltr'>perceptione</span> <span class='ocrx_word' id='word_1_162' title='bbox 831 1497 989 1531; x_wconf 83' lang='lat' dir='ltr'>fruetuum</span> <span class='ocrx_word' id='word_1_163' title='bbox 1015 1498 1069 1532; x_wconf 82' lang='lat' dir='ltr'>be-</span> 
     </span>
     <span class='ocr_line' id='line_1_36' title="bbox 319 1545 1068 1592; baseline 0.004 -13"><span class='ocrx_word' id='word_1_164' title='bbox 319 1545 526 1587; x_wconf 83' lang='lat' dir='ltr'>neficiorum,</span> <span class='ocrx_word' id='word_1_165' title='bbox 548 1558 628 1592; x_wconf 86' lang='lat' dir='ltr'>quae</span> <span class='ocrx_word' id='word_1_166' title='bbox 655 1546 870 1590; x_wconf 69' lang='lat' dir='ltr'>obtinuerint,</span> <span class='ocrx_word' id='word_1_167' title='bbox 898 1548 959 1581; x_wconf 89' lang='lat' dir='ltr'>sint</span> <span class='ocrx_word' id='word_1_168' title='bbox 994 1560 1068 1582; x_wconf 81' lang='lat' dir='ltr'>sus-</span> 
     </span>
     <span class='ocr_line' id='line_1_37' title="bbox 319 1596 1068 1643; baseline 0.003 -14"><span class='ocrx_word' id='word_1_169' title='bbox 319 1596 424 1641; x_wconf 86' lang='lat' dir='ltr'>pensi;</span> <span class='ocrx_word' id='word_1_170' title='bbox 448 1596 565 1643; x_wconf 91' lang='lat' dir='ltr'>quibus</span> <span class='ocrx_word' id='word_1_171' title='bbox 587 1596 771 1631; x_wconf 82' lang='lat' dir='ltr'>durantibus</span> <span class='ocrx_word' id='word_1_172' title='bbox 786 1625 793 1636; x_wconf 90' lang='lat'>,</span> <span class='ocrx_word' id='word_1_173' title='bbox 828 1597 983 1636; x_wconf 76' lang='lat' dir='ltr'>antistes,</span> <span class='ocrx_word' id='word_1_174' title='bbox 1012 1597 1068 1631; x_wconf 90' lang='lat' dir='ltr'>ab-</span> 
     </span>
     <span class='ocr_line' id='line_1_38' title="bbox 319 1645 1065 1693; baseline 0.001 -14"><span class='ocrx_word' id='word_1_175' title='bbox 319 1645 373 1679; x_wconf 87' lang='lat' dir='ltr'>bas</span> <span class='ocrx_word' id='word_1_176' title='bbox 388 1645 432 1680; x_wconf 86' lang='lat' dir='ltr'>vel</span> <span class='ocrx_word' id='word_1_177' title='bbox 454 1645 534 1681; x_wconf 86' lang='lat' dir='ltr'>alius</span> <span class='ocrx_word' id='word_1_178' title='bbox 553 1646 724 1693; x_wconf 82' lang='lat' dir='ltr'>praelatus,</span> <span class='ocrx_word' id='word_1_179' title='bbox 742 1647 943 1681; x_wconf 83' lang='lat' dir='ltr'>immediatus</span> <span class='ocrx_word' id='word_1_180' title='bbox 958 1660 1065 1681; x_wconf 86' lang='lat' dir='ltr'>eorum</span> 
     </span>
     <span class='ocr_line' id='line_1_39' title="bbox 317 1696 1067 1743; baseline 0.001 -14"><span class='ocrx_word' id='word_1_181' title='bbox 317 1696 473 1742; x_wconf 73' lang='lat' dir='ltr'>superior,</span> <span class='ocrx_word' id='word_1_182' title='bbox 498 1704 592 1743; x_wconf 89' lang='lat' dir='ltr'>ponat</span> <span class='ocrx_word' id='word_1_183' title='bbox 616 1697 645 1729; x_wconf 97' lang='grc' dir='ltr'>ιιι</span> <span class='ocrx_word' id='word_1_184' title='bbox 670 1696 789 1731; x_wconf 85' lang='lat' dir='ltr'>eisdem</span> <span class='ocrx_word' id='word_1_185' title='bbox 809 1696 969 1731; x_wconf 79' lang='lat' dir='ltr'>benefieiis</span> <span class='ocrx_word' id='word_1_186' title='bbox 991 1697 1067 1731; x_wconf 86' lang='lat' dir='ltr'>alios</span> 
     </span>
     <span class='ocr_line' id='line_1_40' title="bbox 318 1745 1066 1793; baseline 0.001 -14"><span class='ocrx_word' id='word_1_187' title='bbox 318 1757 467 1780; x_wconf 86' lang='lat' dir='ltr'>monacos</span> <span class='ocrx_word' id='word_1_188' title='bbox 500 1745 769 1780; x_wconf 81' lang='lat' dir='ltr'>administratores</span> <span class='ocrx_word' id='word_1_189' title='bbox 796 1746 942 1793; x_wconf 70' lang='lat' dir='ltr'>providos</span> <span class='ocrx_word' id='word_1_190' title='bbox 965 1755 992 1781; x_wconf 89' lang='lat' dir='ltr'>et</span> <span class='ocrx_word' id='word_1_191' title='bbox 1017 1747 1066 1780; x_wconf 88' lang='lat' dir='ltr'>di-</span> 
     </span>
     <span class='ocr_line' id='line_1_41' title="bbox 317 1795 1068 1835; baseline 0.003 -7"><span class='ocrx_word' id='word_1_192' title='bbox 317 1803 448 1835; x_wconf 88' lang='lat' dir='ltr'>seretos,</span> <span class='ocrx_word' id='word_1_193' title='bbox 472 1807 507 1830; x_wconf 87' lang='lat' dir='ltr'>ac</span> <span class='ocrx_word' id='word_1_194' title='bbox 529 1795 649 1830; x_wconf 78' lang='lat' dir='ltr'>fructus</span> <span class='ocrx_word' id='word_1_195' title='bbox 664 1808 700 1831; x_wconf 86' lang='lat' dir='ltr'>ex</span> <span class='ocrx_word' id='word_1_196' title='bbox 725 1796 773 1830; x_wconf 87' lang='lat' dir='ltr'>his</span> <span class='ocrx_word' id='word_1_197' title='bbox 795 1796 889 1831; x_wconf 82' lang='lat' dir='ltr'>dictis</span> <span class='ocrx_word' id='word_1_198' title='bbox 911 1810 965 1831; x_wconf 79' lang='lat' dir='ltr'>sex</span> <span class='ocrx_word' id='word_1_199' title='bbox 982 1809 1068 1830; x_wconf 83' lang='lat' dir='ltr'>nien-</span> 
     </span>
     <span class='ocr_line' id='line_1_42' title="bbox 317 1844 1065 1892; baseline 0.001 -14"><span class='ocrx_word' id='word_1_200' title='bbox 317 1844 405 1879; x_wconf 82' lang='lat' dir='ltr'>sibus</span> <span class='ocrx_word' id='word_1_201' title='bbox 418 1844 633 1889; x_wconf 87' lang='lat' dir='ltr'>obvenientes,</span> <span class='ocrx_word' id='word_1_202' title='bbox 650 1846 703 1892; x_wconf 89' lang='lat' dir='ltr'>qui</span> <span class='ocrx_word' id='word_1_203' title='bbox 721 1854 910 1891; x_wconf 85' lang='lat' dir='ltr'>supererunt</span> <span class='ocrx_word' id='word_1_204' title='bbox 934 1846 1065 1889; x_wconf 83' lang='lat' dir='ltr'>(debitis</span> 
     </span>
     <span class='ocr_line' id='line_1_43' title="bbox 317 1895 1065 1942; baseline 0.004 -15"><span class='ocrx_word' id='word_1_205' title='bbox 317 1895 480 1929; x_wconf 86' lang='lat' dir='ltr'>consuetis</span> <span class='ocrx_word' id='word_1_206' title='bbox 512 1895 664 1929; x_wconf 88' lang='lat' dir='ltr'>oneribus</span> <span class='ocrx_word' id='word_1_207' title='bbox 699 1896 909 1942; x_wconf 84' lang='lat' dir='ltr'>supputatis),</span> <span class='ocrx_word' id='word_1_208' title='bbox 932 1908 1065 1930; x_wconf 70' lang='lat' dir='ltr'>couver-</span> 
     </span>
     <span class='ocr_line' id='line_1_44' title="bbox 320 1944 1064 1987; baseline 0.003 -10"><span class='ocrx_word' id='word_1_209' title='bbox 320 1952 424 1978; x_wconf 81' lang='lat' dir='ltr'>tantur</span> <span class='ocrx_word' id='word_1_210' title='bbox 450 1945 481 1978; x_wconf 89' lang='lat' dir='ltr'>in</span> <span class='ocrx_word' id='word_1_211' title='bbox 505 1945 669 1978; x_wconf 83' lang='lat' dir='ltr'>utilitatem</span> <span class='ocrx_word' id='word_1_212' title='bbox 687 1944 859 1987; x_wconf 76' lang='lat' dir='ltr'>Ecclesiae,</span> <span class='ocrx_word' id='word_1_213' title='bbox 884 1946 1064 1980; x_wconf 87' lang='lat' dir='ltr'>monasterii</span> 
     </span>
     <span class='ocr_line' id='line_1_45' title="bbox 319 1993 1065 2042; baseline 0.004 -16"><span class='ocrx_word' id='word_1_214' title='bbox 319 2004 375 2027; x_wconf 87' lang='lat' dir='ltr'>seu</span> <span class='ocrx_word' id='word_1_215' title='bbox 403 1993 462 2028; x_wconf 88' lang='lat' dir='ltr'>loci</span> <span class='ocrx_word' id='word_1_216' title='bbox 487 1994 666 2028; x_wconf 84' lang='lat' dir='ltr'>immediate</span> <span class='ocrx_word' id='word_1_217' title='bbox 688 1995 860 2041; x_wconf 87' lang='lat' dir='ltr'>superioris</span> <span class='ocrx_word' id='word_1_218' title='bbox 883 1995 1065 2042; x_wconf 87' lang='lat' dir='ltr'>delinquen-</span> 
     </span>
     <span class='ocr_line' id='line_1_46' title="bbox 318 2042 1063 2090; baseline 0.004 -15"><span class='ocrx_word' id='word_1_219' title='bbox 318 2042 396 2076; x_wconf 87' lang='lat' dir='ltr'>tium</span> <span class='ocrx_word' id='word_1_220' title='bbox 424 2043 668 2090; x_wconf 87' lang='lat' dir='ltr'>praedictorum.</span> <span class='ocrx_word' id='word_1_221' title='bbox 696 2043 735 2078; x_wconf 89' lang='lat' dir='ltr'>Et</span> <span class='ocrx_word' id='word_1_222' title='bbox 765 2044 973 2079; x_wconf 87' lang='lat' dir='ltr'>nibilominus</span> <span class='ocrx_word' id='word_1_223' title='bbox 993 2045 1063 2079; x_wconf 89' lang='lat' dir='ltr'>dicti</span> 
     </span>
     <span class='ocr_line' id='line_1_47' title="bbox 319 2091 1065 2140; baseline 0.005 -15"><span class='ocrx_word' id='word_1_224' title='bbox 319 2091 448 2127; x_wconf 86' lang='lat' dir='ltr'>abbates</span> <span class='ocrx_word' id='word_1_225' title='bbox 469 2101 499 2126; x_wconf 88' lang='lat' dir='ltr'>et</span> <span class='ocrx_word' id='word_1_226' title='bbox 522 2094 640 2140; x_wconf 84' lang='lat' dir='ltr'>priores</span> <span class='ocrx_word' id='word_1_227' title='bbox 678 2102 707 2127; x_wconf 90' lang='lat' dir='ltr'>et</span> <span class='ocrx_word' id='word_1_228' title='bbox 742 2094 792 2128; x_wconf 86' lang='lat' dir='ltr'>alii</span> <span class='ocrx_word' id='word_1_229' title='bbox 823 2107 883 2129; x_wconf 91' lang='lat' dir='ltr'>non</span> <span class='ocrx_word' id='word_1_230' title='bbox 915 2094 1065 2129; x_wconf 82' lang='lat' dir='ltr'>habentes</span> 
     </span>
     <span class='ocr_line' id='line_1_48' title="bbox 319 2143 1064 2190; baseline 0.004 -15"><span class='ocrx_word' id='word_1_231' title='bbox 319 2143 513 2189; x_wconf 85' lang='lat' dir='ltr'>superiores,</span> <span class='ocrx_word' id='word_1_232' title='bbox 547 2155 601 2189; x_wconf 88' lang='lat' dir='ltr'>per</span> <span class='ocrx_word' id='word_1_233' title='bbox 629 2144 842 2190; x_wconf 78' lang='lat' dir='ltr'>praesidentes</span> <span class='ocrx_word' id='word_1_234' title='bbox 869 2157 922 2179; x_wconf 85' lang='lat' dir='ltr'>seu</span> <span class='ocrx_word' id='word_1_235' title='bbox 960 2145 1064 2178; x_wconf 88' lang='lat' dir='ltr'>visita-</span> 
     </span>
     <span class='ocr_line' id='line_1_49' title="bbox 321 2193 1064 2241; baseline 0.006 -17"><span class='ocrx_word' id='word_1_236' title='bbox 321 2200 414 2232; x_wconf 76' lang='lat' dir='ltr'>tores,</span> <span class='ocrx_word' id='word_1_237' title='bbox 437 2193 550 2226; x_wconf 85' lang='lat' dir='ltr'>caeteri</span> <span class='ocrx_word' id='word_1_238' title='bbox 584 2205 655 2227; x_wconf 93' lang='lat' dir='ltr'>vero</span> <span class='ocrx_word' id='word_1_239' title='bbox 682 2205 737 2240; x_wconf 89' lang='lat' dir='ltr'>per</span> <span class='ocrx_word' id='word_1_240' title='bbox 763 2206 840 2228; x_wconf 90' lang='lat' dir='ltr'>suos</span> <span class='ocrx_word' id='word_1_241' title='bbox 866 2194 1064 2241; x_wconf 85' lang='lat' dir='ltr'>superiores,</span> 
     </span>
     <span class='ocr_line' id='line_1_50' title="bbox 320 2241 1065 2291; baseline 0.004 -16"><span class='ocrx_word' id='word_1_242' title='bbox 320 2249 411 2287; x_wconf 89' lang='lat' dir='ltr'>prout</span> <span class='ocrx_word' id='word_1_243' title='bbox 437 2241 548 2289; x_wconf 81' lang='lat' dir='ltr'>culpae</span> <span class='ocrx_word' id='word_1_244' title='bbox 575 2250 628 2276; x_wconf 89' lang='lat' dir='ltr'>aut</span> <span class='ocrx_word' id='word_1_245' title='bbox 654 2243 906 2290; x_wconf 82' lang='lat' dir='ltr'>delinquentium</span> <span class='ocrx_word' id='word_1_246' title='bbox 931 2244 1065 2291; x_wconf 86' lang='lat' dir='ltr'>qualitas</span> 
     </span>
     <span class='ocr_line' id='line_1_51' title="bbox 317 2292 773 2340; baseline 0.004 -15"><span class='ocrx_word' id='word_1_247' title='bbox 317 2292 467 2337; x_wconf 80' lang='lat' dir='ltr'>exegerit,</span> <span class='ocrx_word' id='word_1_248' title='bbox 489 2292 564 2326; x_wconf 87' lang='lat' dir='ltr'>alias</span> <span class='ocrx_word' id='word_1_249' title='bbox 593 2293 773 2340; x_wconf 89' lang='lat' dir='ltr'>puniantur.</span> 
     </span>
    </p>
   </div>
   <div class='ocr_carea' id='block_1_9' title="bbox 595 2368 778 2404">
    <p class='ocr_par' dir='ltr' id='par_1_9' title="bbox 595 2368 778 2404">
     <span class='ocr_line' id='line_1_52' title="bbox 595 2368 778 2404; baseline 0.005 -1"><span class='ocrx_word' id='word_1_250' title='bbox 595 2368 676 2403; x_wconf 65' lang='lat' dir='ltr'>Car.</span> <span class='ocrx_word' id='word_1_251' title='bbox 710 2369 778 2404; x_wconf 81' lang='lat' dir='ltr'>XX.</span> 
     </span>
    </p>
   </div>
   <div class='ocr_carea' id='block_1_10' title="bbox 318 2438 1065 2676">
    <p class='ocr_par' dir='ltr' id='par_1_10' title="bbox 318 2438 1065 2676">
     <span class='ocr_line' id='line_1_53' title="bbox 368 2438 1065 2489; baseline 0.001 -15"><span class='ocrx_word' id='word_1_252' title='bbox 368 2438 533 2474; x_wconf 86' lang='lat' dir='ltr'>Caeterum</span> <span class='ocrx_word' id='word_1_253' title='bbox 559 2440 772 2488; x_wconf 77' lang='lat' dir='ltr'>probibemus,</span> <span class='ocrx_word' id='word_1_254' title='bbox 802 2454 839 2475; x_wconf 90' lang='lat' dir='ltr'>ne</span> <span class='ocrx_word' id='word_1_255' title='bbox 867 2441 961 2489; x_wconf 79' lang='lat' dir='ltr'>aliqui</span> <span class='ocrx_word' id='word_1_256' title='bbox 996 2454 1065 2476; x_wconf 89' lang='lat' dir='ltr'>mo—</span> 
     </span>
     <span class='ocr_line' id='line_1_54' title="bbox 319 2490 1064 2538; baseline 0.004 -15"><span class='ocrx_word' id='word_1_257' title='bbox 319 2490 387 2523; x_wconf 84' lang='lat' dir='ltr'>naci</span> <span class='ocrx_word' id='word_1_258' title='bbox 417 2490 553 2524; x_wconf 85' lang='lat' dir='ltr'>nutriant</span> <span class='ocrx_word' id='word_1_259' title='bbox 575 2503 629 2524; x_wconf 86' lang='lat' dir='ltr'>seu</span> <span class='ocrx_word' id='word_1_260' title='bbox 659 2499 783 2525; x_wconf 75' lang='lat' dir='ltr'>teneant</span> <span class='ocrx_word' id='word_1_261' title='bbox 806 2504 904 2538; x_wconf 84' lang='lat' dir='ltr'>equos</span> <span class='ocrx_word' id='word_1_262' title='bbox 929 2492 972 2525; x_wconf 77' lang='lat' dir='ltr'>iel</span> <span class='ocrx_word' id='word_1_263' title='bbox 989 2492 1064 2526; x_wconf 89' lang='lat' dir='ltr'>alias</span> 
     </span>
     <span class='ocr_line' id='line_1_55' title="bbox 319 2540 1064 2588; baseline 0.005 -17"><span class='ocrx_word' id='word_1_264' title='bbox 319 2540 496 2574; x_wconf 81' lang='lat' dir='ltr'>evectiones</span> <span class='ocrx_word' id='word_1_265' title='bbox 518 2548 569 2574; x_wconf 82' lang='lat' dir='ltr'>aut</span> <span class='ocrx_word' id='word_1_266' title='bbox 596 2541 775 2583; x_wconf 63' lang='lat' dir='ltr'>servitores,</span> <span class='ocrx_word' id='word_1_267' title='bbox 802 2553 856 2575; x_wconf 86' lang='lat' dir='ltr'>seu</span> <span class='ocrx_word' id='word_1_268' title='bbox 892 2542 965 2575; x_wconf 66' lang='lat' dir='ltr'>alias</span> <span class='ocrx_word' id='word_1_269' title='bbox 993 2554 1064 2588; x_wconf 82' lang='lat' dir='ltr'>per—</span> 
     </span>
     <span class='ocr_line' id='line_1_56' title="bbox 319 2589 1064 2631; baseline 0.003 -8.003"><span class='ocrx_word' id='word_1_270' title='bbox 319 2601 412 2623; x_wconf 85' lang='lat' dir='ltr'>sonas</span> <span class='ocrx_word' id='word_1_271' title='bbox 434 2590 480 2624; x_wconf 86' lang='lat' dir='ltr'>vel</span> <span class='ocrx_word' id='word_1_272' title='bbox 510 2589 705 2624; x_wconf 84' lang='lat' dir='ltr'>familiares</span> <span class='ocrx_word' id='word_1_273' title='bbox 701 2604 728 2624; x_wconf 88' lang='lat' dir='ltr'>in</span> <span class='ocrx_word' id='word_1_274' title='bbox 758 2590 922 2631; x_wconf 79' lang='lat' dir='ltr'>Eeclesiis,</span> <span class='ocrx_word' id='word_1_275' title='bbox 954 2604 1064 2625; x_wconf 90' lang='lat' dir='ltr'>mona-</span> 
     </span>
     <span class='ocr_line' id='line_1_57' title="bbox 318 2639 1065 2676; baseline 0.003 -3"><span class='ocrx_word' id='word_1_276' title='bbox 318 2639 422 2674; x_wconf 87' lang='lat' dir='ltr'>steriis</span> <span class='ocrx_word' id='word_1_277' title='bbox 452 2651 507 2675; x_wconf 90' lang='lat' dir='ltr'>seu</span> <span class='ocrx_word' id='word_1_278' title='bbox 536 2639 612 2674; x_wconf 86' lang='lat' dir='ltr'>locis</span> <span class='ocrx_word' id='word_1_279' title='bbox 645 2640 713 2676; x_wconf 84' lang='lat' dir='ltr'>aliis</span> <span class='ocrx_word' id='word_1_280' title='bbox 736 2641 996 2675; x_wconf 82' lang='lat' dir='ltr'>conventualibus</span> <span class='ocrx_word' id='word_1_281' title='bbox 1018 2654 1065 2675; x_wconf 80' lang='lat' dir='ltr'>or-</span> 
     </span>
    </p>
   </div>
   <div class='ocr_carea' id='block_1_11' title="bbox 1745 238 1814 271">
    <p class='ocr_par' dir='ltr' id='par_1_11' title="bbox 1745 238 1814 271">
     <span class='ocr_line' id='line_1_58' title="bbox 1745 238 1814 271; baseline 0.014 -2"><span class='ocrx_word' id='word_1_282' title='bbox 1745 238 1814 271; x_wconf 69' lang='lat'>375</span> 
     </span>
    </p>
   </div>
   <div class='ocr_carea' id='block_1_12' title="bbox 1106 302 1864 2689">
    <p class='ocr_par' dir='ltr' id='par_1_12' title="bbox 1108 302 1864 1992">
     <span class='ocr_line' id='line_1_59' title="bbox 1118 302 1864 349; baseline 0.004 -14"><span class='ocrx_word' id='word_1_283' title='bbox 1118 302 1201 337; x_wconf 90' lang='lat' dir='ltr'>dinis</span> <span class='ocrx_word' id='word_1_284' title='bbox 1242 315 1296 336; x_wconf 91' lang='lat' dir='ltr'>seu</span> <span class='ocrx_word' id='word_1_285' title='bbox 1336 303 1494 349; x_wconf 69' lang='lat' dir='ltr'>religionis</span> <span class='ocrx_word' id='word_1_286' title='bbox 1521 303 1685 341; x_wconf 78' lang='lat' dir='ltr'>eiusdem,</span> <span class='ocrx_word' id='word_1_287' title='bbox 1726 304 1783 338; x_wconf 91' lang='lat' dir='ltr'>nisi</span> <span class='ocrx_word' id='word_1_288' title='bbox 1819 304 1864 339; x_wconf 87' lang='lat' dir='ltr'>eis</span> 
     </span>
     <span class='ocr_line' id='line_1_60' title="bbox 1118 352 1863 392; baseline 0.003 -6"><span class='ocrx_word' id='word_1_289' title='bbox 1118 352 1236 386; x_wconf 88' lang='lat' dir='ltr'>ratione</span> <span class='ocrx_word' id='word_1_290' title='bbox 1263 352 1567 387; x_wconf 85' lang='lat' dir='ltr'>administrationum</span> <span class='ocrx_word' id='word_1_291' title='bbox 1592 353 1637 388; x_wconf 89' lang='lat' dir='ltr'>vel</span> <span class='ocrx_word' id='word_1_292' title='bbox 1669 352 1863 392; x_wconf 80' lang='lat' dir='ltr'>officiorum</span> 
     </span>
     <span class='ocr_line' id='line_1_61' title="bbox 1117 402 1861 450; baseline 0.005 -16"><span class='ocrx_word' id='word_1_293' title='bbox 1117 414 1227 448; x_wconf 70' lang='lat' dir='ltr'>quaeg</span> <span class='ocrx_word' id='word_1_294' title='bbox 1219 403 1385 442; x_wconf 53' lang='lat' dir='ltr'>gesserint</span> <span class='ocrx_word' id='word_1_295' title='bbox 1411 402 1861 450; x_wconf 74' lang='lat' dir='ltr'>idcompeterediruoscatur.</span> 
     </span>
     <span class='ocr_line' id='line_1_62' title="bbox 1118 437 1863 499; baseline 0.004 -14"><span class='ocrx_word' id='word_1_296' title='bbox 1118 450 1150 485; x_wconf 92' lang='lat' dir='ltr'>ln</span> <span class='ocrx_word' id='word_1_297' title='bbox 1182 437 1381 486; x_wconf 78' lang='lat' dir='ltr'>inlirniitorio</span> <span class='ocrx_word' id='word_1_298' title='bbox 1411 459 1512 487; x_wconf 88' lang='lat' dir='ltr'>tamen</span> <span class='ocrx_word' id='word_1_299' title='bbox 1543 465 1598 499; x_wconf 90' lang='lat' dir='ltr'>pro</span> <span class='ocrx_word' id='word_1_300' title='bbox 1626 452 1863 488; x_wconf 86' lang='lat' dir='ltr'>necessitatibus</span> 
     </span>
     <span class='ocr_line' id='line_1_63' title="bbox 1118 501 1862 549; baseline 0.003 -15"><span class='ocrx_word' id='word_1_301' title='bbox 1118 501 1315 535; x_wconf 85' lang='grc' dir='ltr'>ιιιΙίιιιιοιιιιιι</span> <span class='ocrx_word' id='word_1_302' title='bbox 1339 501 1472 548; x_wconf 81' lang='lat' dir='ltr'>coquina</span> <span class='ocrx_word' id='word_1_303' title='bbox 1496 503 1623 549; x_wconf 86' lang='lat' dir='ltr'>capituli</span> <span class='ocrx_word' id='word_1_304' title='bbox 1654 503 1699 537; x_wconf 84' lang='lat' dir='ltr'>vel</span> <span class='ocrx_word' id='word_1_305' title='bbox 1722 514 1862 537; x_wconf 82' lang='lat' dir='ltr'>comen-</span> 
     </span>
     <span class='ocr_line' id='line_1_64' title="bbox 1117 551 1862 598; baseline 0.004 -15"><span class='ocrx_word' id='word_1_306' title='bbox 1117 558 1176 593; x_wconf 91' lang='lat' dir='ltr'>tus,</span> <span class='ocrx_word' id='word_1_307' title='bbox 1199 551 1331 598; x_wconf 85' lang='lat' dir='ltr'>aliisque</span> <span class='ocrx_word' id='word_1_308' title='bbox 1350 551 1460 585; x_wconf 85' lang='lat' dir='ltr'>ollieiis</span> <span class='ocrx_word' id='word_1_309' title='bbox 1482 551 1604 585; x_wconf 89' lang='lat' dir='ltr'>honesti</span> <span class='ocrx_word' id='word_1_310' title='bbox 1625 552 1791 587; x_wconf 83' lang='lat' dir='ltr'>servitores</span> <span class='ocrx_word' id='word_1_311' title='bbox 1808 564 1862 586; x_wconf 90' lang='lat' dir='ltr'>seu</span> 
     </span>
     <span class='ocr_line' id='line_1_65' title="bbox 1117 599 1863 648; baseline 0.003 -14"><span class='ocrx_word' id='word_1_312' title='bbox 1117 599 1221 634; x_wconf 79' lang='lat' dir='ltr'>famuli</span> <span class='ocrx_word' id='word_1_313' title='bbox 1249 601 1426 636; x_wconf 79' lang='lat' dir='ltr'>saeculares</span> <span class='ocrx_word' id='word_1_314' title='bbox 1453 602 1551 635; x_wconf 85' lang='lat' dir='ltr'>teneri</span> <span class='ocrx_word' id='word_1_315' title='bbox 1581 610 1727 648; x_wconf 89' lang='lat' dir='ltr'>poterunt</span> <span class='ocrx_word' id='word_1_316' title='bbox 1752 614 1863 636; x_wconf 77' lang='lat' dir='ltr'>neees—</span> 
     </span>
     <span class='ocr_line' id='line_1_66' title="bbox 1115 650 1863 698; baseline 0.003 -15"><span class='ocrx_word' id='word_1_317' title='bbox 1115 651 1186 684; x_wconf 87' lang='lat' dir='ltr'>sarii</span> <span class='ocrx_word' id='word_1_318' title='bbox 1210 651 1239 684; x_wconf 91' lang='lat' dir='ltr'>in</span> <span class='ocrx_word' id='word_1_319' title='bbox 1268 663 1401 685; x_wconf 88' lang='lat' dir='ltr'>numero</span> <span class='ocrx_word' id='word_1_320' title='bbox 1429 650 1600 691; x_wconf 89' lang='lat' dir='ltr'>moderato,</span> <span class='ocrx_word' id='word_1_321' title='bbox 1629 660 1722 698; x_wconf 93' lang='lat' dir='ltr'>prout</span> <span class='ocrx_word' id='word_1_322' title='bbox 1750 652 1779 686; x_wconf 90' lang='grc' dir='ltr'>ιιι</span> <span class='ocrx_word' id='word_1_323' title='bbox 1807 651 1863 686; x_wconf 90' lang='lat' dir='ltr'>ali-</span> 
     </span>
     <span class='ocr_line' id='line_1_67' title="bbox 1115 699 1864 747; baseline 0.001 -13"><span class='ocrx_word' id='word_1_324' title='bbox 1115 700 1230 747; x_wconf 87' lang='lat' dir='ltr'>quibus</span> <span class='ocrx_word' id='word_1_325' title='bbox 1254 701 1403 736; x_wconf 82' lang='lat' dir='ltr'>Ecclesiis</span> <span class='ocrx_word' id='word_1_326' title='bbox 1426 699 1661 736; x_wconf 79' lang='lat' dir='ltr'>cathedralibus</span> <span class='ocrx_word' id='word_1_327' title='bbox 1685 701 1729 736; x_wconf 89' lang='lat' dir='ltr'>vel</span> <span class='ocrx_word' id='word_1_328' title='bbox 1754 713 1864 736; x_wconf 87' lang='lat' dir='ltr'>mona-</span> 
     </span>
     <span class='ocr_line' id='line_1_68' title="bbox 1115 749 1861 796; baseline 0.001 -12"><span class='ocrx_word' id='word_1_329' title='bbox 1115 751 1236 795; x_wconf 86' lang='lat' dir='ltr'>steriis,</span> <span class='ocrx_word' id='word_1_330' title='bbox 1264 763 1317 785; x_wconf 92' lang='lat' dir='ltr'>seu</span> <span class='ocrx_word' id='word_1_331' title='bbox 1341 751 1418 785; x_wconf 90' lang='lat' dir='ltr'>locis</span> <span class='ocrx_word' id='word_1_332' title='bbox 1442 750 1510 784; x_wconf 83' lang='lat' dir='ltr'>aliis</span> <span class='ocrx_word' id='word_1_333' title='bbox 1541 749 1641 796; x_wconf 89' lang='lat' dir='ltr'>ipsius</span> <span class='ocrx_word' id='word_1_334' title='bbox 1664 750 1785 785; x_wconf 87' lang='lat' dir='ltr'>ordinis</span> <span class='ocrx_word' id='word_1_335' title='bbox 1807 763 1861 785; x_wconf 88' lang='lat' dir='ltr'>seu</span> 
     </span>
     <span class='ocr_line' id='line_1_69' title="bbox 1116 799 1862 846; baseline 0.001 -12"><span class='ocrx_word' id='word_1_336' title='bbox 1116 800 1276 846; x_wconf 79' lang='lat' dir='ltr'>religionis</span> <span class='ocrx_word' id='word_1_337' title='bbox 1291 801 1382 835; x_wconf 84' lang='lat' dir='ltr'>fuerit</span> <span class='ocrx_word' id='word_1_338' title='bbox 1403 799 1628 835; x_wconf 79' lang='lat' dir='ltr'>rationabiliter</span> <span class='ocrx_word' id='word_1_339' title='bbox 1650 800 1862 835; x_wconf 82' lang='lat' dir='ltr'>observatum.</span> 
     </span>
     <span class='ocr_line' id='line_1_70' title="bbox 1115 849 1862 898; baseline 0 -14"><span class='ocrx_word' id='word_1_340' title='bbox 1115 850 1176 892; x_wconf 81' lang='lat' dir='ltr'>Qui</span> <span class='ocrx_word' id='word_1_341' title='bbox 1194 851 1381 888; x_wconf 76' lang='lat' dir='ltr'>saeculares,</span> <span class='ocrx_word' id='word_1_342' title='bbox 1404 858 1522 898; x_wconf 89' lang='lat' dir='ltr'>quanto</span> <span class='ocrx_word' id='word_1_343' title='bbox 1538 849 1642 885; x_wconf 88' lang='lat' dir='ltr'>minus</span> <span class='ocrx_word' id='word_1_344' title='bbox 1657 850 1722 886; x_wconf 86' lang='lat' dir='ltr'>lieri</span> <span class='ocrx_word' id='word_1_345' title='bbox 1740 851 1862 897; x_wconf 87' lang='lat' dir='ltr'>poterit,</span> 
     </span>
     <span class='ocr_line' id='line_1_71' title="bbox 1115 899 1862 941; baseline 0 -7"><span class='ocrx_word' id='word_1_346' title='bbox 1115 912 1185 934; x_wconf 90' lang='lat' dir='ltr'>cum</span> <span class='ocrx_word' id='word_1_347' title='bbox 1215 901 1355 935; x_wconf 87' lang='lat' dir='ltr'>monacis</span> <span class='ocrx_word' id='word_1_348' title='bbox 1383 908 1623 941; x_wconf 72' lang='lat' dir='ltr'>conversentur,</span> <span class='ocrx_word' id='word_1_349' title='bbox 1659 913 1716 935; x_wconf 90' lang='lat' dir='ltr'>nec</span> <span class='ocrx_word' id='word_1_350' title='bbox 1738 899 1862 941; x_wconf 83' lang='lat' dir='ltr'>bibant,</span> 
     </span>
     <span class='ocr_line' id='line_1_72' title="bbox 1117 949 1861 997; baseline 0 -14"><span class='ocrx_word' id='word_1_351' title='bbox 1117 963 1173 985; x_wconf 86' lang='lat' dir='ltr'>nee</span> <span class='ocrx_word' id='word_1_352' title='bbox 1195 951 1361 985; x_wconf 85' lang='lat' dir='ltr'>comedant</span> <span class='ocrx_word' id='word_1_353' title='bbox 1383 962 1455 985; x_wconf 88' lang='lat' dir='ltr'>cum</span> <span class='ocrx_word' id='word_1_354' title='bbox 1475 949 1592 985; x_wconf 87' lang='lat' dir='ltr'>eisdem</span> <span class='ocrx_word' id='word_1_355' title='bbox 1617 950 1646 984; x_wconf 93' lang='lat' dir='ltr'>in</span> <span class='ocrx_word' id='word_1_356' title='bbox 1662 950 1798 997; x_wconf 85' lang='lat' dir='ltr'>capitulo</span> <span class='ocrx_word' id='word_1_357' title='bbox 1815 950 1861 984; x_wconf 89' lang='lat' dir='ltr'>vel</span> 
     </span>
     <span class='ocr_line' id='line_1_73' title="bbox 1114 999 1862 1048; baseline -0.001 -14"><span class='ocrx_word' id='word_1_358' title='bbox 1114 1009 1280 1034; x_wconf 85' lang='lat' dir='ltr'>conventu.</span> <span class='ocrx_word' id='word_1_359' title='bbox 1316 1000 1506 1047; x_wconf 78' lang='lat' dir='ltr'>Superiores</span> <span class='ocrx_word' id='word_1_360' title='bbox 1527 1012 1655 1048; x_wconf 89' lang='lat' dir='ltr'>quoque</span> <span class='ocrx_word' id='word_1_361' title='bbox 1681 1001 1762 1035; x_wconf 85' lang='lat' dir='ltr'>circa</span> <span class='ocrx_word' id='word_1_362' title='bbox 1786 999 1862 1034; x_wconf 84' lang='lat' dir='ltr'>haec</span> 
     </span>
     <span class='ocr_line' id='line_1_74' title="bbox 1115 1049 1860 1097; baseline -0.001 -13"><span class='ocrx_word' id='word_1_363' title='bbox 1115 1050 1309 1096; x_wconf 81' lang='lat' dir='ltr'>provideant,</span> <span class='ocrx_word' id='word_1_364' title='bbox 1333 1049 1417 1097; x_wconf 91' lang='lat' dir='ltr'>quod</span> <span class='ocrx_word' id='word_1_365' title='bbox 1442 1049 1626 1096; x_wconf 82' lang='lat' dir='ltr'>diligentius</span> <span class='ocrx_word' id='word_1_366' title='bbox 1644 1049 1860 1087; x_wconf 80' lang='lat' dir='ltr'>observentur,</span> 
     </span>
     <span class='ocr_line' id='line_1_75' title="bbox 1115 1099 1861 1146; baseline 0 -13"><span class='ocrx_word' id='word_1_367' title='bbox 1115 1107 1361 1145; x_wconf 77' lang='lat' dir='ltr'>transgressores</span> <span class='ocrx_word' id='word_1_368' title='bbox 1383 1112 1492 1134; x_wconf 87' lang='lat' dir='ltr'>eorum</span> <span class='ocrx_word' id='word_1_369' title='bbox 1525 1099 1687 1146; x_wconf 77' lang='lat' dir='ltr'>arguendo</span> <span class='ocrx_word' id='word_1_370' title='bbox 1708 1107 1739 1133; x_wconf 88' lang='lat' dir='ltr'>et</span> <span class='ocrx_word' id='word_1_371' title='bbox 1771 1107 1861 1146; x_wconf 90' lang='lat' dir='ltr'>prout</span> 
     </span>
     <span class='ocr_line' id='line_1_76' title="bbox 1113 1148 1862 1203; baseline 0 -20"><span class='ocrx_word' id='word_1_372' title='bbox 1113 1149 1284 1203; x_wconf 75' lang='lat' dir='ltr'>expediens</span> <span class='ocrx_word' id='word_1_373' title='bbox 1312 1149 1421 1193; x_wconf 82' lang='lat' dir='ltr'>suerit,</span> <span class='ocrx_word' id='word_1_374' title='bbox 1451 1149 1622 1196; x_wconf 86' lang='lat' dir='ltr'>puniendo.</span> <span class='ocrx_word' id='word_1_375' title='bbox 1652 1148 1862 1183; x_wconf 87' lang='lat' dir='ltr'>Prohibemus</span> 
     </span>
     <span class='ocr_line' id='line_1_77' title="bbox 1114 1199 1861 1253; baseline 0.003 -22"><span class='ocrx_word' id='word_1_376' title='bbox 1114 1211 1252 1245; x_wconf 85' lang='lat' dir='ltr'>insuper,</span> <span class='ocrx_word' id='word_1_377' title='bbox 1282 1212 1319 1233; x_wconf 90' lang='lat' dir='ltr'>ne</span> <span class='ocrx_word' id='word_1_378' title='bbox 1347 1200 1538 1253; x_wconf 87' lang='lat' dir='ltr'>superiores</span> <span class='ocrx_word' id='word_1_379' title='bbox 1566 1199 1706 1242; x_wconf 84' lang='lat' dir='ltr'>abbates,</span> <span class='ocrx_word' id='word_1_380' title='bbox 1730 1199 1861 1245; x_wconf 86' lang='lat' dir='ltr'>priores,</span> 
     </span>
     <span class='ocr_line' id='line_1_78' title="bbox 1113 1248 1859 1302; baseline 0.003 -21"><span class='ocrx_word' id='word_1_381' title='bbox 1113 1255 1142 1281; x_wconf 89' lang='lat' dir='ltr'>‹t</span> <span class='ocrx_word' id='word_1_382' title='bbox 1169 1249 1282 1282; x_wconf 67' lang='lat' dir='ltr'>caettri</span> <span class='ocrx_word' id='word_1_383' title='bbox 1306 1261 1502 1295; x_wconf 85' lang='lat' dir='ltr'>quicumque</span> <span class='ocrx_word' id='word_1_384' title='bbox 1532 1249 1629 1302; x_wconf 82' lang='lat' dir='ltr'>ipsius</span> <span class='ocrx_word' id='word_1_385' title='bbox 1651 1248 1770 1283; x_wconf 91' lang='lat' dir='ltr'>ordinis</span> <span class='ocrx_word' id='word_1_386' title='bbox 1804 1260 1859 1283; x_wconf 87' lang='lat' dir='ltr'>seu</span> 
     </span>
     <span class='ocr_line' id='line_1_79' title="bbox 1113 1297 1863 1343; baseline 0.001 -13"><span class='ocrx_word' id='word_1_387' title='bbox 1113 1297 1272 1343; x_wconf 69' lang='lat' dir='ltr'>religionis</span> <span class='ocrx_word' id='word_1_388' title='bbox 1299 1298 1392 1333; x_wconf 87' lang='lat' dir='ltr'>lautis</span> <span class='ocrx_word' id='word_1_389' title='bbox 1423 1297 1574 1333; x_wconf 72' lang='lat' dir='ltr'>convivus</span> <span class='ocrx_word' id='word_1_390' title='bbox 1603 1305 1633 1332; x_wconf 86' lang='lat' dir='ltr'>et</span> <span class='ocrx_word' id='word_1_391' title='bbox 1661 1298 1863 1333; x_wconf 86' lang='lat' dir='ltr'>comessatio-</span> 
     </span>
     <span class='ocr_line' id='line_1_80' title="bbox 1113 1346 1862 1394; baseline 0.001 -14"><span class='ocrx_word' id='word_1_392' title='bbox 1113 1346 1206 1381; x_wconf 83' lang='lat' dir='ltr'>nibus</span> <span class='ocrx_word' id='word_1_393' title='bbox 1235 1356 1448 1394; x_wconf 45' lang='lat' dir='ltr'>occupeissitui</span> <span class='ocrx_word' id='word_1_394' title='bbox 1487 1360 1542 1382; x_wconf 82' lang='lat' dir='ltr'>nee</span> <span class='ocrx_word' id='word_1_395' title='bbox 1576 1348 1606 1381; x_wconf 91' lang='lat' dir='ltr'>in</span> <span class='ocrx_word' id='word_1_396' title='bbox 1643 1347 1691 1382; x_wconf 92' lang='lat' dir='ltr'>his</span> <span class='ocrx_word' id='word_1_397' title='bbox 1714 1355 1862 1394; x_wconf 90' lang='lat' dir='ltr'>sumptus</span> 
     </span>
     <span class='ocr_line' id='line_1_81' title="bbox 1113 1397 1862 1440; baseline 0.004 -11"><span class='ocrx_word' id='word_1_398' title='bbox 1113 1397 1336 1432; x_wconf 84' lang='lat' dir='ltr'>immoderatos</span> <span class='ocrx_word' id='word_1_399' title='bbox 1372 1406 1401 1432; x_wconf 83' lang='lat' dir='ltr'>et</span> <span class='ocrx_word' id='word_1_400' title='bbox 1439 1397 1515 1431; x_wconf 87' lang='lat' dir='ltr'>alios</span> <span class='ocrx_word' id='word_1_401' title='bbox 1542 1409 1692 1432; x_wconf 83' lang='lat' dir='ltr'>excessus</span> <span class='ocrx_word' id='word_1_402' title='bbox 1728 1397 1862 1440; x_wconf 79' lang='lat' dir='ltr'>faciant,</span> 
     </span>
     <span class='ocr_line' id='line_1_82' title="bbox 1112 1436 1860 1494; baseline 0.001 -15"><span class='ocrx_word' id='word_1_403' title='bbox 1112 1446 1179 1481; x_wconf 66' lang='lat' dir='ltr'>tole</span> <span class='ocrx_word' id='word_1_404' title='bbox 1184 1456 1253 1481; x_wconf 81' lang='lat' dir='ltr'>ntes</span> <span class='ocrx_word' id='word_1_405' title='bbox 1275 1447 1358 1494; x_wconf 91' lang='lat' dir='ltr'>quod</span> <span class='ocrx_word' id='word_1_406' title='bbox 1382 1460 1397 1481; x_wconf 90' lang='lat' dir='ltr'>a</span> <span class='ocrx_word' id='word_1_407' title='bbox 1422 1447 1644 1491; x_wconf 81' lang='lat' dir='ltr'>familiarium,</span> <span class='ocrx_word' id='word_1_408' title='bbox 1672 1436 1860 1481; x_wconf 78' lang='lat' dir='ltr'>servitorum</span> 
     </span>
     <span class='ocr_line' id='line_1_83' title="bbox 1110 1496 1859 1543; baseline 0.001 -14"><span class='ocrx_word' id='word_1_409' title='bbox 1110 1505 1161 1530; x_wconf 88' lang='lat' dir='ltr'>aut</span> <span class='ocrx_word' id='word_1_410' title='bbox 1185 1497 1385 1543; x_wconf 79' lang='lat' dir='ltr'>sequentium</span> <span class='ocrx_word' id='word_1_411' title='bbox 1408 1504 1438 1531; x_wconf 88' lang='lat' dir='ltr'>et</span> <span class='ocrx_word' id='word_1_412' title='bbox 1466 1496 1613 1531; x_wconf 86' lang='lat' dir='ltr'>robarum</span> <span class='ocrx_word' id='word_1_413' title='bbox 1643 1509 1697 1531; x_wconf 89' lang='lat' dir='ltr'>seu</span> <span class='ocrx_word' id='word_1_414' title='bbox 1726 1496 1859 1531; x_wconf 88' lang='lat' dir='ltr'>vestium</span> 
     </span>
     <span class='ocr_line' id='line_1_84' title="bbox 1112 1546 1860 1586; baseline 0.001 -7"><span class='ocrx_word' id='word_1_415' title='bbox 1112 1546 1312 1581; x_wconf 87' lang='lat' dir='ltr'>multitudiue</span> <span class='ocrx_word' id='word_1_416' title='bbox 1347 1547 1501 1581; x_wconf 85' lang='lat' dir='ltr'>indecenti</span> <span class='ocrx_word' id='word_1_417' title='bbox 1530 1555 1559 1580; x_wconf 81' lang='lat' dir='ltr'>et</span> <span class='ocrx_word' id='word_1_418' title='bbox 1586 1546 1745 1581; x_wconf 84' lang='lat' dir='ltr'>excessiva</span> <span class='ocrx_word' id='word_1_419' title='bbox 1763 1574 1770 1586; x_wconf 95' lang='lat'>,</span> <span class='ocrx_word' id='word_1_420' title='bbox 1799 1555 1860 1581; x_wconf 87' lang='lat' dir='ltr'>tam</span> 
     </span>
     <span class='ocr_line' id='line_1_85' title="bbox 1111 1595 1862 1643; baseline -0.001 -13"><span class='ocrx_word' id='word_1_421' title='bbox 1111 1596 1186 1630; x_wconf 86' lang='lat' dir='ltr'>infra</span> <span class='ocrx_word' id='word_1_422' title='bbox 1215 1596 1385 1641; x_wconf 73' lang='lat' dir='ltr'>Ecclesias,</span> <span class='ocrx_word' id='word_1_423' title='bbox 1405 1596 1602 1637; x_wconf 85' lang='lat' dir='ltr'>monasteria,</span> <span class='ocrx_word' id='word_1_424' title='bbox 1622 1596 1789 1643; x_wconf 83' lang='lat' dir='ltr'>prioratus,</span> <span class='ocrx_word' id='word_1_425' title='bbox 1805 1595 1862 1630; x_wconf 91' lang='lat' dir='ltr'>ad-</span> 
     </span>
     <span class='ocr_line' id='line_1_86' title="bbox 1111 1646 1858 1693; baseline 0.001 -15"><span class='ocrx_word' id='word_1_426' title='bbox 1111 1646 1358 1680; x_wconf 79' lang='lat' dir='ltr'>ministrationes</span> <span class='ocrx_word' id='word_1_427' title='bbox 1379 1655 1408 1680; x_wconf 88' lang='lat' dir='ltr'>et</span> <span class='ocrx_word' id='word_1_428' title='bbox 1436 1646 1493 1680; x_wconf 90' lang='lat' dir='ltr'>alia</span> <span class='ocrx_word' id='word_1_429' title='bbox 1523 1647 1588 1681; x_wconf 87' lang='lat' dir='ltr'>loca</span> <span class='ocrx_word' id='word_1_430' title='bbox 1616 1658 1738 1685; x_wconf 88' lang='lat' dir='ltr'>eorum,</span> <span class='ocrx_word' id='word_1_431' title='bbox 1765 1657 1858 1693; x_wconf 87' lang='lat' dir='ltr'>quam</span> 
     </span>
     <span class='ocr_line' id='line_1_87' title="bbox 1108 1695 1859 1742; baseline 0.001 -13"><span class='ocrx_word' id='word_1_432' title='bbox 1108 1696 1201 1730; x_wconf 83' lang='lat' dir='ltr'>etiam</span> <span class='ocrx_word' id='word_1_433' title='bbox 1218 1706 1300 1730; x_wconf 78' lang='lat' dir='ltr'>extra</span> <span class='ocrx_word' id='word_1_434' title='bbox 1325 1696 1386 1735; x_wconf 87' lang='lat' dir='ltr'>illa,</span> <span class='ocrx_word' id='word_1_435' title='bbox 1410 1696 1577 1742; x_wconf 79' lang='lat' dir='ltr'>diligenter</span> <span class='ocrx_word' id='word_1_436' title='bbox 1598 1696 1745 1730; x_wconf 83' lang='lat' dir='ltr'>studeant</span> <span class='ocrx_word' id='word_1_437' title='bbox 1762 1695 1859 1730; x_wconf 70' lang='lat' dir='ltr'>absti-</span> 
     </span>
     <span class='ocr_line' id='line_1_88' title="bbox 1110 1745 1856 1785; baseline -0.001 -6"><span class='ocrx_word' id='word_1_438' title='bbox 1110 1758 1194 1785; x_wconf 84' lang='lat' dir='ltr'>uer,e</span> <span class='ocrx_word' id='word_1_439' title='bbox 1209 1754 1238 1780; x_wconf 90' lang='lat' dir='ltr'>et</span> <span class='ocrx_word' id='word_1_440' title='bbox 1254 1746 1384 1780; x_wconf 86' lang='lat' dir='ltr'>honeste</span> <span class='ocrx_word' id='word_1_441' title='bbox 1400 1758 1434 1780; x_wconf 88' lang='lat' dir='ltr'>ae</span> <span class='ocrx_word' id='word_1_442' title='bbox 1453 1745 1648 1780; x_wconf 81' lang='lat' dir='ltr'>laudibiliter</span> <span class='ocrx_word' id='word_1_443' title='bbox 1669 1745 1856 1780; x_wconf 85' lang='lat' dir='ltr'>conversari.</span> 
     </span>
     <span class='ocr_line' id='line_1_89' title="bbox 1110 1794 1857 1843; baseline -0.001 -14"><span class='ocrx_word' id='word_1_444' title='bbox 1110 1795 1293 1830; x_wconf 78' lang='lat' dir='ltr'>lnhibemus</span> <span class='ocrx_word' id='word_1_445' title='bbox 1321 1808 1470 1843; x_wconf 87' lang='lat' dir='ltr'>namque,</span> <span class='ocrx_word' id='word_1_446' title='bbox 1495 1808 1533 1829; x_wconf 86' lang='lat' dir='ltr'>ne</span> <span class='ocrx_word' id='word_1_447' title='bbox 1559 1795 1673 1843; x_wconf 89' lang='lat' dir='ltr'>aliquis</span> <span class='ocrx_word' id='word_1_448' title='bbox 1700 1794 1796 1830; x_wconf 86' lang='lat' dir='ltr'>abbas</span> <span class='ocrx_word' id='word_1_449' title='bbox 1812 1795 1857 1828; x_wconf 85' lang='lat' dir='ltr'>vel</span> 
     </span>
     <span class='ocr_line' id='line_1_90' title="bbox 1110 1844 1859 1892; baseline 0.001 -15"><span class='ocrx_word' id='word_1_450' title='bbox 1110 1845 1194 1892; x_wconf 81' lang='lat' dir='ltr'>prior</span> <span class='ocrx_word' id='word_1_451' title='bbox 1221 1858 1277 1880; x_wconf 88' lang='lat' dir='ltr'>seu</span> <span class='ocrx_word' id='word_1_452' title='bbox 1306 1845 1541 1879; x_wconf 87' lang='lat' dir='ltr'>administrator</span> <span class='ocrx_word' id='word_1_453' title='bbox 1567 1845 1672 1889; x_wconf 87' lang='lat' dir='ltr'>alius,</span> <span class='ocrx_word' id='word_1_454' title='bbox 1695 1844 1859 1892; x_wconf 83' lang='lat' dir='ltr'>religionis</span> 
     </span>
     <span class='ocr_line' id='line_1_91' title="bbox 1108 1872 1859 1942; baseline 0 -13"><span class='ocrx_word' id='word_1_455' title='bbox 1108 1895 1249 1929; x_wconf 87' lang='lat' dir='ltr'>eiusdem</span> <span class='ocrx_word' id='word_1_456' title='bbox 1278 1903 1467 1930; x_wconf 88' lang='lat' dir='ltr'>conventum</span> <span class='ocrx_word' id='word_1_457' title='bbox 1493 1894 1621 1935; x_wconf 87' lang='lat' dir='ltr'>habens,</span> <span class='ocrx_word' id='word_1_458' title='bbox 1650 1872 1772 1942; x_wconf 60' lang='lat' dir='ltr'>plures⁰</span> <span class='ocrx_word' id='word_1_459' title='bbox 1786 1906 1859 1929; x_wconf 83' lang='lat' dir='ltr'>sae-</span> 
     </span>
     <span class='ocr_line' id='line_1_92' title="bbox 1108 1944 1778 1992; baseline -0.002 -13"><span class='ocrx_word' id='word_1_460' title='bbox 1108 1944 1230 1979; x_wconf 82' lang='lat' dir='ltr'>culares</span> <span class='ocrx_word' id='word_1_461' title='bbox 1271 1957 1420 1992; x_wconf 87' lang='lat' dir='ltr'>personas</span> <span class='ocrx_word' id='word_1_462' title='bbox 1454 1946 1632 1992; x_wconf 86' lang='lat' dir='ltr'>equitantes</span> <span class='ocrx_word' id='word_1_463' title='bbox 1665 1956 1778 1991; x_wconf 86' lang='lat' dir='ltr'>quam.</span> 
     </span>
    </p>

    <p class='ocr_par' dir='ltr' id='par_1_13' title="bbox 1106 1997 1858 2689">
     <span class='ocr_line' id='line_1_93' title="bbox 1109 1997 1857 2049; baseline -0.001 -21"><span class='ocrx_word' id='word_1_464' title='bbox 1109 2006 1257 2029; x_wconf 88' lang='lat' dir='ltr'>monacos</span> <span class='ocrx_word' id='word_1_465' title='bbox 1283 1998 1330 2037; x_wconf 77' lang='lat' dir='ltr'>(eo</span> <span class='ocrx_word' id='word_1_466' title='bbox 1359 2008 1414 2042; x_wconf 93' lang='lat' dir='ltr'>pro</span> <span class='ocrx_word' id='word_1_467' title='bbox 1433 2007 1496 2029; x_wconf 87' lang='lat' dir='ltr'>uno</span> <span class='ocrx_word' id='word_1_468' title='bbox 1514 2006 1644 2029; x_wconf 87' lang='lat' dir='ltr'>monaco</span> <span class='ocrx_word' id='word_1_469' title='bbox 1663 1997 1857 2049; x_wconf 83' lang='lat' dir='ltr'>computato)</span> 
     </span>
     <span class='ocr_line' id='line_1_94' title="bbox 1108 2044 1858 2091; baseline -0.001 -13"><span class='ocrx_word' id='word_1_470' title='bbox 1108 2057 1217 2078; x_wconf 85' lang='lat' dir='ltr'>secum</span> <span class='ocrx_word' id='word_1_471' title='bbox 1253 2044 1370 2079; x_wconf 83' lang='lat' dir='ltr'>ducere</span> <span class='ocrx_word' id='word_1_472' title='bbox 1404 2053 1605 2091; x_wconf 82' lang='lat' dir='ltr'>piaesumat,</span> <span class='ocrx_word' id='word_1_473' title='bbox 1641 2056 1699 2079; x_wconf 87' lang='lat' dir='ltr'>nisi</span> <span class='ocrx_word' id='word_1_474' title='bbox 1728 2055 1858 2090; x_wconf 86' lang='lat' dir='ltr'>guerrae</span> 
     </span>
     <span class='ocr_line' id='line_1_95' title="bbox 1108 2093 1858 2141; baseline 0 -14"><span class='ocrx_word' id='word_1_475' title='bbox 1108 2093 1276 2128; x_wconf 81' lang='lat' dir='ltr'>discrimen</span> <span class='ocrx_word' id='word_1_476' title='bbox 1308 2095 1353 2128; x_wconf 81' lang='lat' dir='ltr'>vel</span> <span class='ocrx_word' id='word_1_477' title='bbox 1378 2107 1583 2141; x_wconf 88' lang='lat' dir='ltr'>personarum</span> <span class='ocrx_word' id='word_1_478' title='bbox 1601 2106 1658 2129; x_wconf 87' lang='lat' dir='ltr'>seu</span> <span class='ocrx_word' id='word_1_479' title='bbox 1680 2105 1782 2128; x_wconf 80' lang='lat' dir='ltr'>rerum</span> <span class='ocrx_word' id='word_1_480' title='bbox 1800 2105 1858 2141; x_wconf 86' lang='lat' dir='ltr'>pe-</span> 
     </span>
     <span class='ocr_line' id='line_1_96' title="bbox 1108 2143 1858 2187; baseline 0 -10"><span class='ocrx_word' id='word_1_481' title='bbox 1108 2144 1241 2177; x_wconf 84' lang='lat' dir='ltr'>ticulum</span> <span class='ocrx_word' id='word_1_482' title='bbox 1273 2144 1444 2187; x_wconf 86' lang='lat' dir='ltr'>timeretur,</span> <span class='ocrx_word' id='word_1_483' title='bbox 1472 2152 1523 2177; x_wconf 88' lang='lat' dir='ltr'>aut</span> <span class='ocrx_word' id='word_1_484' title='bbox 1551 2143 1677 2178; x_wconf 81' lang='lat' dir='ltr'>forsitan</span> <span class='ocrx_word' id='word_1_485' title='bbox 1708 2143 1858 2177; x_wconf 84' lang='lat' dir='ltr'>immine-</span> 
     </span>
     <span class='ocr_line' id='line_1_97' title="bbox 1109 2192 1857 2240; baseline -0.001 -13"><span class='ocrx_word' id='word_1_486' title='bbox 1109 2202 1172 2237; x_wconf 89' lang='lat' dir='ltr'>ret</span> <span class='ocrx_word' id='word_1_487' title='bbox 1202 2193 1326 2228; x_wconf 78' lang='lat' dir='ltr'>fictione</span> <span class='ocrx_word' id='word_1_488' title='bbox 1353 2202 1382 2227; x_wconf 86' lang='lat' dir='ltr'>et</span> <span class='ocrx_word' id='word_1_489' title='bbox 1411 2193 1517 2228; x_wconf 89' lang='lat' dir='ltr'>lraude.</span> <span class='ocrx_word' id='word_1_490' title='bbox 1552 2192 1748 2228; x_wconf 85' lang='lat' dir='ltr'>cessantibus</span> <span class='ocrx_word' id='word_1_491' title='bbox 1778 2193 1857 2240; x_wconf 89' lang='lat' dir='ltr'>qui—</span> 
     </span>
     <span class='ocr_line' id='line_1_98' title="bbox 1109 2242 1855 2290; baseline 0 -14"><span class='ocrx_word' id='word_1_492' title='bbox 1109 2242 1316 2290; x_wconf 88' lang='lat' dir='ltr'>buscumque.</span> <span class='ocrx_word' id='word_1_493' title='bbox 1339 2243 1462 2277; x_wconf 86' lang='lat' dir='ltr'>Caeteri</span> <span class='ocrx_word' id='word_1_494' title='bbox 1483 2256 1567 2282; x_wconf 88' lang='lat' dir='ltr'>vero,</span> <span class='ocrx_word' id='word_1_495' title='bbox 1585 2250 1776 2278; x_wconf 87' lang='lat' dir='ltr'>conventum</span> <span class='ocrx_word' id='word_1_496' title='bbox 1793 2255 1855 2277; x_wconf 93' lang='lat' dir='ltr'>non</span> 
     </span>
     <span class='ocr_line' id='line_1_99' title="bbox 1107 2291 1856 2340; baseline -0.001 -13"><span class='ocrx_word' id='word_1_497' title='bbox 1107 2292 1269 2333; x_wconf 79' lang='lat' dir='ltr'>habentcS,</span> <span class='ocrx_word' id='word_1_498' title='bbox 1296 2294 1320 2327; x_wconf 80' lang='lat' dir='ltr'>si</span> <span class='ocrx_word' id='word_1_499' title='bbox 1350 2293 1428 2327; x_wconf 86' lang='lat' dir='ltr'>duos</span> <span class='ocrx_word' id='word_1_500' title='bbox 1456 2293 1631 2340; x_wconf 89' lang='lat' dir='ltr'>equitantes</span> <span class='ocrx_word' id='word_1_501' title='bbox 1658 2305 1766 2327; x_wconf 87' lang='lat' dir='ltr'>seeum</span> <span class='ocrx_word' id='word_1_502' title='bbox 1795 2291 1856 2327; x_wconf 90' lang='lat' dir='ltr'>du-</span> 
     </span>
     <span class='ocr_line' id='line_1_100' title="bbox 1107 2342 1855 2389; baseline -0.001 -12"><span class='ocrx_word' id='word_1_503' title='bbox 1107 2351 1190 2387; x_wconf 85' lang='lat' dir='ltr'>cant,</span> <span class='ocrx_word' id='word_1_504' title='bbox 1218 2343 1373 2383; x_wconf 89' lang='lat' dir='ltr'>volumus,</span> <span class='ocrx_word' id='word_1_505' title='bbox 1401 2342 1485 2389; x_wconf 86' lang='lat' dir='ltr'>quod</span> <span class='ocrx_word' id='word_1_506' title='bbox 1519 2355 1601 2378; x_wconf 89' lang='lat' dir='ltr'>unus</span> <span class='ocrx_word' id='word_1_507' title='bbox 1630 2342 1754 2377; x_wconf 88' lang='lat' dir='ltr'>illorum</span> <span class='ocrx_word' id='word_1_508' title='bbox 1784 2354 1855 2376; x_wconf 90' lang='lat' dir='ltr'>mo-</span> 
     </span>
     <span class='ocr_line' id='line_1_101' title="bbox 1108 2392 1855 2440; baseline -0.001 -13"><span class='ocrx_word' id='word_1_509' title='bbox 1108 2405 1204 2427; x_wconf 88' lang='lat' dir='ltr'>nacus</span> <span class='ocrx_word' id='word_1_510' title='bbox 1238 2393 1372 2433; x_wconf 70' lang='lat' dir='ltr'>existat,</span> <span class='ocrx_word' id='word_1_511' title='bbox 1410 2393 1435 2427; x_wconf 94' lang='lat' dir='ltr'>si</span> <span class='ocrx_word' id='word_1_512' title='bbox 1474 2401 1577 2427; x_wconf 90' lang='lat' dir='ltr'>autem</span> <span class='ocrx_word' id='word_1_513' title='bbox 1607 2392 1855 2440; x_wconf 87' lang='lat' dir='ltr'>plures-ducant</span> 
     </span>
     <span class='ocr_line' id='line_1_102' title="bbox 1107 2441 1856 2490; baseline 0 -14"><span class='ocrx_word' id='word_1_514' title='bbox 1107 2443 1295 2490; x_wconf 82' lang='lat' dir='ltr'>equitantes,</span> <span class='ocrx_word' id='word_1_515' title='bbox 1323 2443 1404 2477; x_wconf 84' lang='lat' dir='ltr'>circa</span> <span class='ocrx_word' id='word_1_516' title='bbox 1427 2442 1488 2478; x_wconf 90' lang='lat' dir='ltr'>hoc</span> <span class='ocrx_word' id='word_1_517' title='bbox 1515 2451 1658 2478; x_wconf 88' lang='lat' dir='ltr'>servetur</span> <span class='ocrx_word' id='word_1_518' title='bbox 1684 2441 1768 2490; x_wconf 91' lang='lat' dir='ltr'>quod</span> <span class='ocrx_word' id='word_1_519' title='bbox 1800 2454 1856 2476; x_wconf 91' lang='lat' dir='ltr'>su-</span> 
     </span>
     <span class='ocr_line' id='line_1_103' title="bbox 1107 2492 1856 2539; baseline 0 -13"><span class='ocrx_word' id='word_1_520' title='bbox 1107 2494 1213 2539; x_wconf 88' lang='lat' dir='ltr'>perins</span> <span class='ocrx_word' id='word_1_521' title='bbox 1241 2493 1278 2527; x_wconf 87' lang='lat' dir='ltr'>de</span> <span class='ocrx_word' id='word_1_522' title='bbox 1306 2501 1493 2527; x_wconf 87' lang='lat' dir='ltr'>conventum</span> <span class='ocrx_word' id='word_1_523' title='bbox 1524 2492 1713 2527; x_wconf 84' lang='lat' dir='ltr'>habentibus</span> <span class='ocrx_word' id='word_1_524' title='bbox 1740 2500 1787 2526; x_wconf 87' lang='lat' dir='ltr'>est</span> <span class='ocrx_word' id='word_1_525' title='bbox 1805 2504 1856 2526; x_wconf 84' lang='lat' dir='ltr'>ex-</span> 
     </span>
     <span class='ocr_line' id='line_1_104' title="bbox 1107 2541 1854 2590; baseline 0.001 -15"><span class='ocrx_word' id='word_1_526' title='bbox 1107 2555 1268 2589; x_wconf 84' lang='lat' dir='ltr'>pressum:</span> <span class='ocrx_word' id='word_1_527' title='bbox 1299 2543 1507 2586; x_wconf 76' lang='lat' dir='ltr'>adiicientes,</span> <span class='ocrx_word' id='word_1_528' title='bbox 1548 2542 1630 2590; x_wconf 90' lang='lat' dir='ltr'>quod</span> <span class='ocrx_word' id='word_1_529' title='bbox 1667 2541 1764 2576; x_wconf 87' lang='lat' dir='ltr'>abbas</span> <span class='ocrx_word' id='word_1_530' title='bbox 1809 2542 1854 2576; x_wconf 89' lang='lat' dir='ltr'>vel</span> 
     </span>
     <span class='ocr_line' id='line_1_105' title="bbox 1108 2591 1856 2639; baseline -0.001 -13"><span class='ocrx_word' id='word_1_531' title='bbox 1108 2593 1191 2639; x_wconf 90' lang='lat' dir='ltr'>prior</span> <span class='ocrx_word' id='word_1_532' title='bbox 1218 2605 1273 2627; x_wconf 84' lang='lat' dir='ltr'>seu</span> <span class='ocrx_word' id='word_1_533' title='bbox 1292 2592 1528 2627; x_wconf 88' lang='lat' dir='ltr'>administrator</span> <span class='ocrx_word' id='word_1_534' title='bbox 1547 2592 1590 2627; x_wconf 84' lang='lat' dir='ltr'>vel</span> <span class='ocrx_word' id='word_1_535' title='bbox 1621 2604 1773 2627; x_wconf 87' lang='lat' dir='ltr'>monacus</span> <span class='ocrx_word' id='word_1_536' title='bbox 1788 2591 1856 2639; x_wconf 89' lang='lat' dir='ltr'>qui-</span> 
     </span>
     <span class='ocr_line' id='line_1_106' title="bbox 1106 2641 1854 2689; baseline -0.003 -12"><span class='ocrx_word' id='word_1_537' title='bbox 1106 2655 1245 2689; x_wconf 84' lang='lat' dir='ltr'>cumque</span> <span class='ocrx_word' id='word_1_538' title='bbox 1274 2642 1435 2688; x_wconf 80' lang='lat' dir='ltr'>religionis</span> <span class='ocrx_word' id='word_1_539' title='bbox 1463 2641 1623 2687; x_wconf 81' lang='lat' dir='ltr'>eiusdem,</span> <span class='ocrx_word' id='word_1_540' title='bbox 1651 2641 1854 2677; x_wconf 87' lang='lat' dir='ltr'>domicellum</span> 
     </span>
    </p>
   </div>
   <div class='ocr_carea' id='block_1_13' title="bbox 1880 247 2058 274">
    <p class='ocr_par' dir='ltr' id='par_1_14' title="bbox 1880 247 2058 274">
     <span class='ocr_line' id='line_1_107' title="bbox 1880 247 2058 274; baseline -0.011 0"><span class='ocrx_word' id='word_1_541' title='bbox 1880 247 1929 274; x_wconf 77' lang='lat' dir='ltr'>An.</span> <span class='ocrx_word' id='word_1_542' title='bbox 1943 247 1972 274; x_wconf 79' lang='lat' dir='ltr'>C.</span> <span class='ocrx_word' id='word_1_543' title='bbox 1992 247 2058 273; x_wconf 60' lang='lat'>¹336</span> 
     </span>
    </p>
   </div>
  </div>
 </body>
</html>
