2274 3265
104 270 152 296 An.
171 269 197 295 C.
219 270 283 296 1505

299 336 462 371 perperam
487 323 589 371 coegit
614 332 645 358 et
673 323 761 378 cogit
796 322 928 362 invitos,
955 329 986 356 et
1009 321 1039 355 in

298 374 418 408 ruinam
453 385 559 408 secum
594 373 766 427 perniciose
793 371 930 406 deducit.
958 371 1041 406 Sane

300 422 475 470 parabolam
499 423 622 467 timeat,
650 435 689 457 nc
717 422 802 456 vinea
832 421 901 455 aliis
922 420 1042 456 locetur

299 472 461 519 agricoliS,
503 473 556 520 qui
594 472 658 507 suis
697 469 891 517 temporibus
925 470 1042 505 fructus

115 528 218 549 sanonum
245 533 283 549 ’ψ
301 522 442 557 reddant.
459 522 570 556 Pave'it
586 532 749 556 censuram
765 531 940 564 canonum,
962 532 1041 566 quae

101 563 285 617 ἳῖξριρῗῖᾞὲὶῗ,
299 580 406 607 contra
429 571 504 606 tales
526 571 722 617 dignoscitur
745 577 936 616 praeparata,
959 577 990 603 et
1003 581 1041 604 ne

299 634 335 657 ex
363 621 542 656 huiusmodi
565 620 671 655 stricta
699 618 843 654 custodia
875 618 1041 654 cardinalis

300 671 448 718 praedicti
483 682 634 705 canonem
661 668 1041 712 (excommunicationem)

298 721 377 756 latae
415 719 590 755 sententiae
623 718 687 765 (qui
722 718 759 752 ad
781 730 836 753 eos
864 730 918 765 per
945 718 1042 753 inter-

299 770 500 816 pretationem
541 769 667 812 transit,
707 767 760 814 qui
807 767 939 802 clericos
973 768 1041 803 sine

297 820 435 854 laesione
464 817 606 853 detinent
630 817 661 852 in
685 817 825 852 custodia
850 817 973 864 publica
996 818 1040 852 vel

299 869 429 914 privata;
451 880 523 902 cum
551 880 614 902 non
642 866 776 901 inultum
799 879 814 902 a
837 867 943 914 speeie
967 879 1042 902 ver-

297 918 408 953 borum
437 917 581 952 differant
615 916 742 964 quibus,
765 929 829 964 quo
852 917 972 960 volunt,
995 916 1042 951 fa-

297 967 397 1002 cultas
409 966 574 1002 recedendi
597 979 658 1001 uon
681 965 1042 1010 datur),incur1·at,‹lili-

297 1025 407 1063 genter
432 1016 583 1052 attendat.

346 1067 407 1114 §⁰
388 1081 421 1101 ο.
436 1066 485 1101 Ad
509 1065 581 1111 hoc,
603 1072 639 1099 ut
660 1064 844 1100 omittamus
866 1064 905 1100 de
927 1064 1042 1100 dilecto

114 1117 151 1138 ⁵¹··¹
138 1124 189 1139 ‘¹⁶0‘
208 1119 283 1138 ³²¹¹¹¹¹⁶
297 1115 362 1151 filio
379 1115 492 1151 abbate
517 1114 730 1151 Cisterciense
756 1114 896 1158 detento,
923 1123 952 1149 et
973 1115 1042 1149 aliis

101 1152 181 1200 iiim*
173 1149 284 1169 Sam
298 1165 404 1200 multis
440 1165 597 1212 religiosis
632 1165 767 1199 maxime
802 1164 934 1205 italicis,
968 1165 1042 1211 quia

297 1215 393 1250 iussio
416 1195 517 1262 regi?
521 1214 661 1262 urgebat,
684 1212 905 1248 recedentibus
933 1226 1041 1260 regno,

296 1265 394 1311 captis
426 1264 465 1299 de
496 1264 594 1311 ipsius
629 1263 844 1304 conniventia,
877 1271 907 1298 et
939 1263 1042 1310 aliquo

297 1321 436 1361 tempore
460 1314 490 1348 in
517 1312 690 1348 castelletto
716 1312 862 1354 servatis,
889 1324 926 1347 eo
957 1312 1040 1359 quod

295 1363 464 1398 adhaerere
486 1362 606 1397 nollent
627 1361 830 1409 appellationi
855 1361 1041 1409 praedictae,

295 1424 329 1447 ac
356 1412 395 1447 de
427 1424 476 1453 e0,
511 1412 596 1459 quod
625 1412 655 1445 in
685 1423 817 1458 persona
851 1411 1038 1446 venerabilis

296 1462 396 1496 fratris
433 1462 531 1497 nostri
569 1461 606 1496 B.
647 1461 859 1509 Apamearum
890 1461 1042 1508 episcopi,

294 1520 399 1547 actum
413 1511 514 1546 extitit
540 1523 651 1559 nuper,
674 1519 704 1546 et
725 1510 889 1546 Nicolaum
909 1511 947 1546 de
961 1510 1043 1545 Bon-

296 1562 394 1596 fractu
420 1561 616 1608 capellanum
652 1560 818 1596 cardinalis
853 1561 912 1596 iam
946 1561 1041 1600 dicti,

296 1620 417 1646 nostras
443 1610 481 1645 ad
504 1624 575 1646 eum
601 1618 759 1659 portantes
772 1610 903 1650 litteras,
925 1610 1042 1658 quibus

296 1673 399 1707 regem
428 1662 735 1696 excommunicatum
768 1673 824 1707 per
852 1660 1041 1695 cardinalem

296 1709 443 1745 eumdem
472 1710 691 1745 mandavimus
727 1710 851 1757 publice
885 1710 1042 1750 nuntiari,

297 1760 364 1806 capi
394 1759 483 1801 fecit,
518 1768 549 1794 et
576 1761 744 1808 repetitum
772 1773 788 1794 a
815 1759 963 1795 cardinali
986 1772 1043 1794 eo—

297 1809 368 1844 dem
403 1821 420 1844 a
455 1821 579 1845 carcere
618 1810 720 1845 noluit
754 1809 912 1852 relaxare,
950 1817 1042 1857 prout

297 1859 380 1894 idem
414 1859 582 1894 cardinalis
620 1859 712 1895 nobis
742 1859 772 1894 id
808 1873 864 1907 per
900 1860 1042 1908 proprias

297 1909 403 1945 literas
422 1918 529 1945 notum
554 1910 644 1951 fecit,
669 1910 752 1944 unde
775 1910 904 1958 perinde
927 1910 1044 1945 dicitur

297 1959 433 2004 babere,
473 1972 543 1994 cum
589 1961 656 2007 ipse
694 1972 746 1994 rex
783 1960 1041 2007 impedimentum

297 2009 506 2057 praestiterit,
534 2009 615 2045 sicut
636 2010 661 2045 si
685 2009 829 2045 mandata
853 2011 1042 2046 renuntiatio

298 2060 520 2108 praecepisset.

345 2110 365 2157 S
387 2111 419 2144 6.
445 2109 669 2157 Stephanum
663 2122 792 2157 insuper
814 2109 852 2144 de
875 2109 1042 2152 Columna

109 2169 234 2190 tolumnen·
226 2168 282 2188 ·tbus
298 2168 439 2194 nostrum
463 2168 491 2195 et
514 2159 674 2195 Ecclesiae
696 2160 830 2201 hostem
855 2160 883 2194 in
908 2173 965 2195 suo
993 2174 1043 2196 ie-

102 2199 261 2224 ''¹¹bl'⁶²'³⁹'
297 2222 359 2256 gno
388 2209 553 2265 receptavit
582 2218 734 2257 patenter,
762 2223 823 2244 non
849 2210 965 2246 veritus
988 2224 1043 2245 ex-

297 2260 594 2295 communicationis
619 2261 825 2301 sententiam
853 2273 945 2307 quam
975 2270 1041 2307 post

297 2309 559 2345 Columnensiuni
583 2309 686 2356 fugam
709 2310 747 2345 de
765 2310 882 2345 Tibure
902 2311 1043 2357 promul—

297 2360 439 2405 gavimus
469 2359 593 2407 publice
617 2338 882 2407 unibuscumquc
911 2361 1044 2407 privile-

297 2411 358 2457 giis
382 2422 442 2444 non
471 2408 666 2444 obstantibus
689 2409 719 2444 in
743 2422 853 2445 omnes
875 2411 966 2445 etiam
989 2411 1043 2445 iin-

300 2459 404 2506 periali
440 2466 492 2494 aut
515 2458 609 2505 regali
635 2458 847 2505 praefulgeant
874 2460 1043 2507 dignitate,

298 2509 352 2553 qui
378 2509 496 2544 dictum
518 2508 728 2556 Stephanum,
755 2519 807 2545 aut
828 2510 905 2545 alios
932 2523 1044 2556 qnon—

299 2558 370 2593 dam
398 2558 478 2593 filios
505 2558 652 2593 Iohannis
674 2558 713 2593 de
735 2558 903 2600 Columna,
937 2570 966 2595 et
994 2560 1043 2594 Ia-

300 2607 413 2643 cobum
440 2609 567 2643 fratrem
590 2608 662 2643 dicti
699 2608 841 2649 loannis,
871 2608 1042 2645 Ricardum

299 2665 329 2693 et
355 2657 485 2693 Petrum
508 2658 546 2693 de
569 2657 674 2693 Monte
702 2658 797 2706 Nigro
820 2658 895 2694 dicti
920 2659 1044 2694 loannis

890 265 1075 289 nrmlFACtus
1098 265 1154 287 vlu
1179 266 1226 287 ΙῬ.

1709 254 1773 286 175

1081 329 1210 367 nepotes
1227 320 1410 367 reciperent,
1425 321 1652 365 conducerent,
1672 320 1820 367 receptari

1081 370 1126 404 vel
1151 369 1244 416 recipi
1268 369 1404 404 facerent
1442 383 1497 406 seu
1524 370 1671 415 conduci,
1697 379 1749 405 aut
1784 370 1823 405 iis

1082 419 1127 454 vel
1157 419 1295 465 ipsorum
1328 419 1418 454 alicui
1458 419 1581 466 publice
1608 420 1654 455 vel
1689 420 1822 459 occulte.

1081 468 1245 509 auxilium,
1281 468 1416 503 savorem
1440 469 1486 504 vel
1505 469 1669 505 consilium
1692 470 1823 505 exhibe-

1081 527 1163 558 rent,
1185 517 1333 565 quodque
1363 527 1471 553 contra
1497 518 1666 558 adiutores,
1690 519 1824 555 fautores

1081 577 1111 603 et
1133 575 1318 615 receptores.
1339 567 1569 613 praedictorum
1596 568 1699 603 Iacobi
1733 577 1763 604 et
1788 571 1824 604 fi-

1082 618 1192 653 liarum
1227 616 1304 652 dicti
1330 616 1479 652 Iohannis
1511 617 1550 652 ab
1583 618 1656 652 olim
1686 631 1740 664 per
1766 631 1824 654 no-

1081 676 1160 702 stras
1203 667 1321 702 litteras
1357 666 1486 713 procedi
1522 666 1755 710 mandavimus,
1793 679 1821 703 ut

1082 726 1188 752 contra
1215 716 1399 757 haereticos,
1427 724 1646 763 receptatores,
1678 717 1824 756 fautores

1082 776 1111 801 et
1141 767 1300 802 adiutores
1330 778 1449 801 eorum.
1477 765 1683 821 Nequaquam
1719 768 1751 801 in
1779 767 1826 802 his

1082 817 1179 851 servit
1196 816 1263 851 Deo
1290 828 1343 851 rex
1364 815 1582 850 Francorum
1575 828 1606 849 in
1629 815 1752 856 timore,
1773 825 1825 851 aut

1082 866 1118 901 Ei
1138 879 1209 901 cum
1226 875 1359 902 tremore
1378 865 1507 905 exultat,
1531 878 1571 900 ne
1590 865 1685 900 iratus
1703 866 1734 901 in
1754 878 1824 901 eum

1083 928 1139 963 per
1172 928 1264 951 suum
1296 915 1444 950 vicarium
1479 915 1676 957 exardescat;
1711 928 1826 963 nempe

1083 974 1167 1001 tanto
1190 965 1319 1001 offendit
1353 965 1496 1011 gravius,
1523 972 1640 1012 quanto
1668 966 1825 1012 pernicio-

1082 1015 1148 1050 sius
1186 1023 1293 1062 peccat
1327 1027 1401 1049 suae
1446 1013 1632 1062 perditionis
1669 1015 1708 1050 ad
1748 1015 1826 1050 alios

1082 1065 1224 1112 exempla
1257 1065 1480 1099 transmittens.

1130 1116 1150 1161 g
1178 1117 1209 1148 7.
1232 1113 1303 1149 Heu
1331 1115 1435 1161 ipsum
1464 1113 1592 1149 consilia
1622 1126 1714 1162 prava
1743 1126 1826 1149 com-

1084 1163 1251 1204 maculant,
1278 1176 1350 1198 eum
1377 1163 1530 1211 Syrenes,
1556 1176 1616 1199 nec
1641 1176 1702 1198 non
1727 1176 1825 1211 usque

1083 1214 1114 1247 in
1149 1213 1267 1248 exitum
1295 1213 1402 1248 dulces
1439 1212 1590 1248 damnose
1618 1213 1827 1261 permulcent,

1083 1263 1259 1309 periculose
1302 1262 1438 1308 regalem
1481 1271 1618 1297 mentem
1653 1263 1827 1310 exagitant,

1082 1320 1112 1346 et
1133 1311 1295 1359 decipiunt
1321 1312 1527 1347 incessanter:
1551 1324 1614 1347 non
1644 1313 1727 1347 enim
1756 1325 1828 1359 pro-

1083 1369 1150 1407 pter
1175 1373 1228 1396 eas
1266 1361 1397 1396 liberare
1436 1361 1540 1408 ipsum
1576 1374 1745 1408 possumus
1771 1374 1828 1397 nec

1082 1410 1248 1446 debemus.
1301 1411 1471 1446 Hominem
1513 1423 1650 1459 namque
1690 1411 1828 1458 primum

1083 1473 1145 1495 non
1164 1474 1180 1496 a
1208 1469 1338 1508 peccato
1367 1459 1482 1495 diaboli
1517 1461 1680 1496 excusavit
1713 1473 1829 1508 sugge-

1082 1510 1158 1554 stio,
1195 1510 1272 1558 quin
1311 1510 1406 1546 divini
1442 1509 1581 1545 mandati
1616 1518 1830 1558 transgressor

1081 1560 1209 1595 solverit
1236 1572 1370 1607 poenam
1386 1560 1508 1601 mortis,
1531 1567 1561 1595 et
1581 1559 1741 1595 silentium
1770 1574 1830 1596 no-

1082 1619 1182 1644 strum
1205 1610 1282 1644 nihil
1305 1610 1395 1651 foret,
1417 1622 1510 1658 quam
1538 1609 1742 1658 delinquendi
1769 1624 1830 1646 oc-

1082 1660 1166 1694 casio
1205 1669 1235 1695 et
1278 1660 1442 1695 dissolutio
1479 1659 1644 1695 universae
1677 1660 1830 1696 ecclesia-

1082 1710 1178 1744 sticae
1211 1710 1412 1766 disciplinam
1446 1722 1518 1745 cum
1554 1709 1639 1744 enim
1672 1711 1828 1746 notorium

1083 1759 1153 1795 facti
1180 1760 1321 1794 continui
1348 1761 1399 1800 sit,
1427 1759 1540 1808 quod
1534 1772 1601 1814 ipso
1628 1759 1773 1805 faciente,
1800 1770 1829 1795 et

1083 1818 1189 1844 contra
1211 1809 1326 1845 dictam
1356 1818 1497 1845 nostram
1526 1809 1670 1845 veniente
1695 1818 1829 1846 senten-

1083 1860 1171 1900 tiam,
1198 1859 1326 1895 libertas
1344 1873 1407 1895 non
1426 1868 1473 1895 est
1497 1873 1550 1907 pei
1574 1872 1706 1906 regnum
1730 1860 1830 1907 ipsius

1084 1910 1228 1944 veniendi
1250 1910 1290 1945 ad
1312 1909 1529 1958 Apostolicam
1551 1909 1680 1951 Sedem‚
1701 1918 1731 1946 et
1746 1911 1828 1957 quod

1083 1960 1108 1995 si
1136 1960 1241 1995 dictus
1262 1960 1410 1996 Nicolaus
1428 1968 1475 1995 est
1497 1968 1663 2008 captus,et
1675 1961 1831 2008 praefatus

1082 2010 1264 2057 Stephanus
1290 2017 1468 2058 receptatur
1490 2010 1518 2044 in
1548 2022 1662 2056 regno,
1690 2018 1831 2046 nostiae-

1083 2073 1145 2107 que
1163 2060 1336 2095 sententiae
1361 2059 1558 2107 supradictae
1585 2060 1664 2096 latae
1692 2060 1831 2096 firmatae

1083 2110 1165 2149 sint,
1200 2120 1230 2146 et
1257 2109 1452 2157 praedicatae
1487 2109 1635 2157 publice,
1669 2110 1712 2145 sic
1746 2111 1829 2158 quod

1084 2172 1242 2195 canonum
1269 2160 1554 2195 excommunicatio
1582 2159 1613 2194 in
1645 2168 1754 2207 aperto
1786 2160 1829 2194 li-

1083 2219 1159 2257 quet
1182 2223 1218 2245 ex
1241 2210 1422 2265 praemissis
1448 2213 1494 2253 (ut
1512 2217 1671 2244 taceamus
1692 2209 1729 2244 ad
1746 2223 1832 2256 prae-

1083 2273 1157 2295 sens
1184 2260 1222 2295 de
1244 2260 1385 2295 custodia
1413 2260 1472 2294 iam
1500 2259 1583 2294 dicto
1609 2259 1781 2294 cardinali
1774 2273 1832 2294 im-

1085 2310 1195 2366 posita,
1218 2310 1398 2345 detentione
1425 2309 1564 2353 abbatis,
1593 2309 1735 2364 captione
1757 2309 1831 2345 reli-

1083 2361 1244 2415 giosornm
1272 2360 1428 2395 dictorum
1455 2367 1485 2393 et
1507 2359 1680 2394 temerariis
1701 2359 1832 2394 actioni-

1084 2409 1167 2444 hus
1162 2423 1193 2444 in
1216 2410 1275 2444 iam
1298 2410 1398 2444 dictos
1412 2408 1612 2452 commissis),
1626 2408 1728 2464 ipsum
1745 2421 1831 2444 eum-

1084 2459 1155 2494 dem
1182 2472 1289 2506 regem
1318 2458 1490 2494 manifestis
1521 2459 1831 2494 excommunicatio-

1084 2509 1176 2544 nibus
1203 2522 1271 2545 esse
1300 2509 1451 2555 ligatum,
1485 2516 1515 2543 et
1551 2520 1605 2555 per
1627 2520 1828 2556 consequens

1084 2559 1234 2594 beneficia
1257 2559 1479 2602 ecclesiastica,
1504 2565 1701 2605 personatus,
1728 2566 1758 2593 et
1785 2558 1830 2594 di-

1083 2610 1228 2655 gnitates,
1251 2609 1277 2644 si
1301 2621 1408 2644 eorum
1433 2608 1536 2655 aliquo
1558 2608 1699 2655 legitimo
1727 2608 1828 2647 titulo,

1084 2659 1272 2706 quandoque
1299 2658 1336 2694 ad
1367 2670 1439 2693 euni
1474 2657 1597 2694 collatio
1629 2658 1763 2706 pertinet
1789 2658 1829 2698 de

1837 261 1887 288 An.
1905 261 1923 288 C
1950 261 2015 287 ¹505

1855 1122 1902 1143 Eum
1919 1126 1987 1149 itaque
2006 1129 2024 1143 in

1849 1157 2018 1175 excommunica*

1842 1187 1919 1206 tionem
1936 1193 1945 1206 a
1959 1192 2025 1206 canae

1842 1217 1902 1237 nibus
1919 1218 1981 1238 latam
1995 1218 2025 1237 in—

1842 1253 1942 1268 curi-isse:
