<?xml version="1.0" encoding="UTF-8"?>
<!DOCTYPE html PUBLIC "-//W3C//DTD XHTML 1.0 Transitional//EN"
    "http://www.w3.org/TR/xhtml1/DTD/xhtml1-transitional.dtd">
<html xmlns="http://www.w3.org/1999/xhtml" xml:lang="en" lang="en">
 <head>
  <title>
</title>
<meta http-equiv="Content-Type" content="text/html;charset=utf-8" />
  <meta name='ocr-system' content='tesseract 3.04.00' />
  <meta name='ocr-capabilities' content='ocr_page ocr_carea ocr_par ocr_line ocrx_word'/>
</head>
<body>
  <div class='ocr_page' id='page_1' title='image "./bullarumdiplomat04cath_0482.png"; bbox 0 0 2274 3265; ppageno 0'>
   <div class='ocr_carea' id='block_1_1' title="bbox 259 269 438 296">
    <p class='ocr_par' dir='ltr' id='par_1_1' title="bbox 259 269 438 296">
     <span class='ocr_line' id='line_1_1' title="bbox 259 269 438 296; baseline 0.006 -1"><span class='ocrx_word' id='word_1_1' title='bbox 259 271 306 296; x_wconf 90' lang='grc' dir='ltr'>Αιι.</span> <span class='ocrx_word' id='word_1_2' title='bbox 326 269 352 295; x_wconf 79' lang='lat' dir='ltr'>C.</span> <span class='ocrx_word' id='word_1_3' title='bbox 376 270 438 296; x_wconf 78' lang='lat' dir='ltr'>t5titi</span> 
     </span>
    </p>
   </div>
   <div class='ocr_carea' id='block_1_2' title="bbox 289 873 405 893">
    <p class='ocr_par' dir='ltr' id='par_1_2' title="bbox 289 873 405 893">
     <span class='ocr_line' id='line_1_2' title="bbox 289 873 405 893; baseline -0.009 0"><span class='ocrx_word' id='word_1_4' title='bbox 289 873 405 893; x_wconf 53' lang='lat' dir='ltr'>clausulam</span> 
     </span>
    </p>
   </div>
   <div class='ocr_carea' id='block_1_3' title="bbox 505 258 570 290">
    <p class='ocr_par' dir='ltr' id='par_1_3' title="bbox 505 258 570 290">
     <span class='ocr_line' id='line_1_3' title="bbox 505 258 570 290; baseline -0.015 0"><span class='ocrx_word' id='word_1_5' title='bbox 505 258 570 290; x_wconf 56' lang='grc' dir='ltr'>ΑΓΗ</span> 
     </span>
    </p>
   </div>
   <div class='ocr_carea' id='block_1_4' title="bbox 1036 266 1403 290">
    <p class='ocr_par' dir='ltr' id='par_1_4' title="bbox 1036 266 1403 290">
     <span class='ocr_line' id='line_1_4' title="bbox 1036 266 1403 290; baseline -0.008 0"><span class='ocrx_word' id='word_1_6' title='bbox 1036 267 1115 290; x_wconf 75' lang='lat' dir='ltr'>num</span> <span class='ocrx_word' id='word_1_7' title='bbox 1118 267 1219 289; x_wconf 62' lang='grc' dir='ltr'><strong>ΗΠΗῚΙ</strong></span> <span class='ocrx_word' id='word_1_8' title='bbox 1245 266 1403 289; x_wconf 58' lang='lat' dir='ltr'>uotiuum</span> 
     </span>
    </p>
   </div>
   <div class='ocr_carea' id='block_1_5' title="bbox 2009 266 2057 293">
    <p class='ocr_par' dir='ltr' id='par_1_5' title="bbox 2009 266 2057 293">
     <span class='ocr_line' id='line_1_5' title="bbox 2009 266 2057 293; baseline 0 -1"><span class='ocrx_word' id='word_1_9' title='bbox 2009 266 2057 293; x_wconf 78' lang='grc' dir='ltr'>Αιι.</span> 
     </span>
    </p>
   </div>
   <div class='ocr_carea' id='block_1_6' title="bbox 2076 267 2187 293">
    <p class='ocr_par' dir='ltr' id='par_1_6' title="bbox 2076 267 2187 293">
     <span class='ocr_line' id='line_1_6' title="bbox 2076 267 2187 293; baseline 0.018 -2"><span class='ocrx_word' id='word_1_10' title='bbox 2076 267 2104 292; x_wconf 79' lang='lat' dir='ltr'>C.</span> <span class='ocrx_word' id='word_1_11' title='bbox 2122 267 2187 293; x_wconf 59' lang='lat' dir='ltr'>1371st</span> 
     </span>
    </p>
   </div>
   <div class='ocr_carea' id='block_1_7' title="bbox 456 318 2176 370">
    <p class='ocr_par' dir='ltr' id='par_1_7' title="bbox 456 318 2176 370">
     <span class='ocr_line' id='line_1_7' title="bbox 456 318 2176 370; baseline -0.003 -13"><span class='ocrx_word' id='word_1_12' title='bbox 456 322 644 370; x_wconf 77' lang='lat' dir='ltr'>praedictae,</span> <span class='ocrx_word' id='word_1_13' title='bbox 669 320 720 355; x_wconf 88' lang='lat' dir='ltr'>ubi</span> <span class='ocrx_word' id='word_1_14' title='bbox 750 321 852 368; x_wconf 87' lang='lat' dir='ltr'>ipsum</span> <span class='ocrx_word' id='word_1_15' title='bbox 875 322 1046 356; x_wconf 75' lang='lat' dir='ltr'>Arnestum</span> <span class='ocrx_word' id='word_1_16' title='bbox 1065 321 1114 356; x_wconf 89' lang='lat' dir='ltr'>vel</span> <span class='ocrx_word' id='word_1_17' title='bbox 1129 333 1202 355; x_wconf 90' lang='lat' dir='ltr'>suc-</span> <span class='ocrx_word' id='word_1_18' title='bbox 1246 320 1406 354; x_wconf 78' lang='lat' dir='ltr'>meridiem</span> <span class='ocrx_word' id='word_1_19' title='bbox 1424 328 1452 353; x_wconf 83' lang='lat' dir='ltr'>et</span> <span class='ocrx_word' id='word_1_20' title='bbox 1468 318 1665 353; x_wconf 88' lang='lat' dir='ltr'>occidentem</span> <span class='ocrx_word' id='word_1_21' title='bbox 1683 328 1756 354; x_wconf 90' lang='lat' dir='ltr'>sunt</span> <span class='ocrx_word' id='word_1_22' title='bbox 1770 320 1949 367; x_wconf 86' lang='lat' dir='ltr'>quaedam&#39;</span> <span class='ocrx_word' id='word_1_23' title='bbox 1943 332 1992 354; x_wconf 83' lang='lat' dir='ltr'>in·</span> <span class='ocrx_word' id='word_1_24' title='bbox 2018 327 2100 348; x_wconf 71' lang='lat' dir='ltr'>Fort-m:</span> <span class='ocrx_word' id='word_1_25' title='bbox 2102 332 2169 349; x_wconf 74' lang='grc' dir='ltr'>ιιιιι·</span> <span class='ocrx_word' id='word_1_26' title='bbox 2159 335 2176 348; x_wconf 92' lang='grc'>···</span> 
     </span>
    </p>
   </div>
   <div class='ocr_carea' id='block_1_8' title="bbox 451 370 1203 1298">
    <p class='ocr_par' dir='ltr' id='par_1_8' title="bbox 452 370 1203 814">
     <span class='ocr_line' id='line_1_8' title="bbox 453 370 1203 417; baseline -0.003 -11"><span class='ocrx_word' id='word_1_27' title='bbox 453 383 595 406; x_wconf 84' lang='lat' dir='ltr'>cessores</span> <span class='ocrx_word' id='word_1_28' title='bbox 617 371 686 404; x_wconf 87' lang='lat' dir='ltr'>eius</span> <span class='ocrx_word' id='word_1_29' title='bbox 709 370 887 417; x_wconf 79' lang='lat' dir='ltr'>praedictos</span> <span class='ocrx_word' id='word_1_30' title='bbox 914 371 1065 405; x_wconf 84' lang='lat' dir='ltr'>interesse</span> <span class='ocrx_word' id='word_1_31' title='bbox 1081 379 1110 405; x_wconf 88' lang='lat' dir='ltr'>et</span> <span class='ocrx_word' id='word_1_32' title='bbox 1132 371 1203 404; x_wconf 89' lang='lat' dir='ltr'>mis-</span> 
     </span>
     <span class='ocr_line' id='line_1_9' title="bbox 453 420 1202 467; baseline -0.003 -12"><span class='ocrx_word' id='word_1_33' title='bbox 453 433 557 456; x_wconf 80' lang='lat' dir='ltr'>sarum</span> <span class='ocrx_word' id='word_1_34' title='bbox 573 420 725 455; x_wconf 79' lang='lat' dir='ltr'>solemnia</span> <span class='ocrx_word' id='word_1_35' title='bbox 748 420 906 455; x_wconf 88' lang='lat' dir='ltr'>celebrare</span> <span class='ocrx_word' id='word_1_36' title='bbox 927 421 1094 466; x_wconf 84' lang='lat' dir='ltr'>contigerit</span> <span class='ocrx_word' id='word_1_37' title='bbox 1116 420 1202 467; x_wconf 89' lang='lat' dir='ltr'>prin-</span> 
     </span>
     <span class='ocr_line' id='line_1_10' title="bbox 452 469 1201 518; baseline -0.001 -14"><span class='ocrx_word' id='word_1_38' title='bbox 452 470 609 518; x_wconf 80' lang='lat' dir='ltr'>cipalibus</span> <span class='ocrx_word' id='word_1_39' title='bbox 627 469 724 510; x_wconf 82' lang='lat' dir='ltr'>sestis,</span> <span class='ocrx_word' id='word_1_40' title='bbox 755 482 790 504; x_wconf 91' lang='lat' dir='ltr'>ac</span> <span class='ocrx_word' id='word_1_41' title='bbox 815 470 909 504; x_wconf 84' lang='lat' dir='ltr'>etiam</span> <span class='ocrx_word' id='word_1_42' title='bbox 940 471 969 504; x_wconf 93' lang='lat' dir='ltr'>in</span> <span class='ocrx_word' id='word_1_43' title='bbox 989 469 1201 504; x_wconf 85' lang='lat' dir='ltr'>consecratio-</span> 
     </span>
     <span class='ocr_line' id='line_1_11' title="bbox 453 518 1202 567; baseline -0.004 -13"><span class='ocrx_word' id='word_1_44' title='bbox 453 520 545 554; x_wconf 84' lang='lat' dir='ltr'>nibus</span> <span class='ocrx_word' id='word_1_45' title='bbox 572 520 793 567; x_wconf 86' lang='lat' dir='ltr'>episcoporum</span> <span class='ocrx_word' id='word_1_46' title='bbox 817 519 1116 554; x_wconf 82' lang='lat' dir='ltr'>etordinationibus</span> <span class='ocrx_word' id='word_1_47' title='bbox 1142 518 1202 552; x_wconf 88' lang='lat' dir='ltr'>cle-</span> 
     </span>
     <span class='ocr_line' id='line_1_12' title="bbox 452 569 1202 609; baseline -0.005 -5"><span class='ocrx_word' id='word_1_48' title='bbox 452 571 601 609; x_wconf 79' lang='lat' dir='ltr'>ricorum,</span> <span class='ocrx_word' id='word_1_49' title='bbox 626 570 655 603; x_wconf 90' lang='lat' dir='ltr'>in</span> <span class='ocrx_word' id='word_1_50' title='bbox 683 569 831 603; x_wconf 87' lang='lat' dir='ltr'>abbatum</span> <span class='ocrx_word' id='word_1_51' title='bbox 861 578 891 603; x_wconf 83' lang='lat' dir='ltr'>et</span> <span class='ocrx_word' id='word_1_52' title='bbox 912 569 1139 603; x_wconf 73' lang='lat' dir='ltr'>abbatissarum</span> <span class='ocrx_word' id='word_1_53' title='bbox 1166 579 1202 601; x_wconf 88' lang='lat' dir='ltr'>ac</span> 
     </span>
     <span class='ocr_line' id='line_1_13' title="bbox 452 616 1202 665; baseline -0.005 -11"><span class='ocrx_word' id='word_1_54' title='bbox 452 619 634 654; x_wconf 84' lang='lat' dir='ltr'>monialium</span> <span class='ocrx_word' id='word_1_55' title='bbox 654 618 940 659; x_wconf 75' lang='lat' dir='ltr'>benedictionibus,</span> <span class='ocrx_word' id='word_1_56' title='bbox 960 617 1052 665; x_wconf 84' lang='lat' dir='ltr'>pallio</span> <span class='ocrx_word' id='word_1_57' title='bbox 1067 616 1143 651; x_wconf 86' lang='lat' dir='ltr'>alias</span> <span class='ocrx_word' id='word_1_58' title='bbox 1156 616 1202 650; x_wconf 89' lang='lat' dir='ltr'>eis</span> 
     </span>
     <span class='ocr_line' id='line_1_14' title="bbox 453 666 1202 713; baseline -0.005 -10"><span class='ocrx_word' id='word_1_59' title='bbox 453 670 511 704; x_wconf 90' lang='lat' dir='ltr'>rite</span> <span class='ocrx_word' id='word_1_60' title='bbox 532 680 684 703; x_wconf 81' lang='lat' dir='ltr'>concesso</span> <span class='ocrx_word' id='word_1_61' title='bbox 712 677 741 702; x_wconf 92' lang='lat' dir='ltr'>et</span> <span class='ocrx_word' id='word_1_62' title='bbox 763 669 858 702; x_wconf 85' lang='lat' dir='ltr'>etiam</span> <span class='ocrx_word' id='word_1_63' title='bbox 878 669 1036 713; x_wconf 79' lang='lat' dir='ltr'>assignato</span> <span class='ocrx_word' id='word_1_64' title='bbox 1052 666 1093 701; x_wconf 86' lang='lat' dir='ltr'>uti</span> <span class='ocrx_word' id='word_1_65' title='bbox 1117 666 1202 700; x_wconf 85' lang='lat' dir='ltr'>licite</span> 
     </span>
     <span class='ocr_line' id='line_1_15' title="bbox 452 717 1203 765; baseline -0.005 -12"><span class='ocrx_word' id='word_1_66' title='bbox 452 718 583 758; x_wconf 80' lang='lat' dir='ltr'>valeant,</span> <span class='ocrx_word' id='word_1_67' title='bbox 606 719 788 753; x_wconf 85' lang='lat' dir='ltr'>auctoritate</span> <span class='ocrx_word' id='word_1_68' title='bbox 804 717 972 765; x_wconf 88' lang='lat' dir='ltr'>apostolica</span> <span class='ocrx_word' id='word_1_69' title='bbox 998 726 1104 751; x_wconf 85' lang='lat' dir='ltr'>tenore</span> <span class='ocrx_word' id='word_1_70' title='bbox 1117 727 1203 762; x_wconf 89' lang='lat' dir='ltr'>prae-</span> 
     </span>
     <span class='ocr_line' id='line_1_16' title="bbox 453 767 835 814; baseline -0.005 -11"><span class='ocrx_word' id='word_1_71' title='bbox 453 769 591 803; x_wconf 87' lang='lat' dir='ltr'>sentium</span> <span class='ocrx_word' id='word_1_72' title='bbox 621 767 835 814; x_wconf 75' lang='lat' dir='ltr'><strong>indulgemus.</strong></span> 
     </span>
    </p>

    <p class='ocr_par' dir='ltr' id='par_1_9' title="bbox 451 815 1203 1150">
     <span class='ocr_line' id='line_1_17' title="bbox 501 815 1201 864; baseline -0.003 -13"><span class='ocrx_word' id='word_1_73' title='bbox 501 819 521 864; x_wconf 61' lang='lat' dir='ltr'>g</span> <span class='ocrx_word' id='word_1_74' title='bbox 544 822 575 852; x_wconf 86' lang='lat'>5.</span> <span class='ocrx_word' id='word_1_75' title='bbox 599 817 683 851; x_wconf 88' lang='lat' dir='ltr'>Nulli</span> <span class='ocrx_word' id='word_1_76' title='bbox 698 829 772 861; x_wconf 77' lang='lat' dir='ltr'>ergo</span> <span class='ocrx_word' id='word_1_77' title='bbox 786 816 1092 851; x_wconf 85' lang='lat' dir='ltr'>omninoliominum</span> <span class='ocrx_word' id='word_1_78' title='bbox 1110 815 1201 849; x_wconf 84' lang='lat' dir='ltr'>liceat</span> 
     </span>
     <span class='ocr_line' id='line_1_18' title="bbox 453 865 1202 914; baseline -0.004 -13"><span class='ocrx_word' id='word_1_79' title='bbox 453 868 533 902; x_wconf 86' lang='lat' dir='ltr'>lianc</span> <span class='ocrx_word' id='word_1_80' title='bbox 562 867 705 914; x_wconf 88' lang='lat' dir='ltr'>paginam</span> <span class='ocrx_word' id='word_1_81' title='bbox 735 875 859 900; x_wconf 85' lang='lat' dir='ltr'>nostrae</span> <span class='ocrx_word' id='word_1_82' title='bbox 880 865 1048 900; x_wconf 84' lang='lat' dir='ltr'>erectionis</span> <span class='ocrx_word' id='word_1_83' title='bbox 1070 873 1100 899; x_wconf 90' lang='lat' dir='ltr'>et</span> <span class='ocrx_word' id='word_1_84' title='bbox 1123 867 1202 898; x_wconf 83' lang='lat' dir='ltr'>con-</span> 
     </span>
     <span class='ocr_line' id='line_1_19' title="bbox 452 915 1202 962; baseline -0.004 -11"><span class='ocrx_word' id='word_1_85' title='bbox 452 917 604 952; x_wconf 80' lang='lat' dir='ltr'><strong>cessionis</strong></span> <span class='ocrx_word' id='word_1_86' title='bbox 621 916 802 962; x_wconf 77' lang='lat' dir='ltr'>inl&#39;ringere,</span> <span class='ocrx_word' id='word_1_87' title='bbox 817 916 861 949; x_wconf 77' lang='lat' dir='ltr'>rel</span> <span class='ocrx_word' id='word_1_88' title='bbox 886 915 912 949; x_wconf 89' lang='lat' dir='ltr'>ei</span> <span class='ocrx_word' id='word_1_89' title='bbox 933 927 1011 949; x_wconf 81' lang='lat' dir='ltr'>ausu</span> <span class='ocrx_word' id='word_1_90' title='bbox 1036 915 1202 949; x_wconf 85' lang='lat' dir='ltr'>temerario</span> 
     </span>
     <span class='ocr_line' id='line_1_20' title="bbox 455 964 1201 1012; baseline -0.004 -11"><span class='ocrx_word' id='word_1_91' title='bbox 455 966 622 1001; x_wconf 80' lang='lat' dir='ltr'>contraire.</span> <span class='ocrx_word' id='word_1_92' title='bbox 656 964 690 1000; x_wconf 91' lang='lat' dir='ltr'>Si</span> <span class='ocrx_word' id='word_1_93' title='bbox 732 965 802 1012; x_wconf 90' lang='lat' dir='ltr'>quis</span> <span class='ocrx_word' id='word_1_94' title='bbox 833 973 936 999; x_wconf 87' lang='lat' dir='ltr'>antem</span> <span class='ocrx_word' id='word_1_95' title='bbox 968 966 1026 999; x_wconf 82' lang='lat' dir='ltr'>boc</span> <span class='ocrx_word' id='word_1_96' title='bbox 1049 973 1201 999; x_wconf 80' lang='lat' dir='ltr'>attentare</span> 
     </span>
     <span class='ocr_line' id='line_1_21' title="bbox 452 1014 1202 1063; baseline -0.003 -13"><span class='ocrx_word' id='word_1_97' title='bbox 452 1015 720 1063; x_wconf 78' lang='lat' dir='ltr'>praesumpserit,</span> <span class='ocrx_word' id='word_1_98' title='bbox 758 1014 1005 1060; x_wconf 68' lang='lat' dir='ltr'>indignationem</span> <span class='ocrx_word' id='word_1_99' title='bbox 1047 1015 1202 1061; x_wconf 88' lang='lat' dir='ltr'>omnipo-</span> 
     </span>
     <span class='ocr_line' id='line_1_22' title="bbox 452 1063 1203 1111; baseline -0.004 -11"><span class='ocrx_word' id='word_1_100' title='bbox 452 1065 546 1100; x_wconf 91' lang='lat' dir='ltr'>tentis</span> <span class='ocrx_word' id='word_1_101' title='bbox 567 1065 624 1100; x_wconf 82' lang='lat' dir='ltr'>Dei</span> <span class='ocrx_word' id='word_1_102' title='bbox 640 1072 670 1099; x_wconf 88' lang='lat' dir='ltr'>et</span> <span class='ocrx_word' id='word_1_103' title='bbox 684 1064 846 1099; x_wconf 82' lang='lat' dir='ltr'>beatorum</span> <span class='ocrx_word' id='word_1_104' title='bbox 863 1063 948 1098; x_wconf 83' lang='lat' dir='ltr'>Petri</span> <span class='ocrx_word' id='word_1_105' title='bbox 966 1073 994 1098; x_wconf 86' lang='lat' dir='ltr'>et</span> <span class='ocrx_word' id='word_1_106' title='bbox 1009 1064 1097 1098; x_wconf 79' lang='lat' dir='ltr'>Pauli</span> <span class='ocrx_word' id='word_1_107' title='bbox 1120 1064 1203 1111; x_wconf 76' lang='lat' dir='ltr'>Apo-</span> 
     </span>
     <span class='ocr_line' id='line_1_23' title="bbox 451 1114 1140 1150; baseline -0.003 -1"><span class='ocrx_word' id='word_1_108' title='bbox 451 1115 602 1150; x_wconf 78' lang='lat' dir='ltr'>stolorum</span> <span class='ocrx_word' id='word_1_109' title='bbox 629 1115 698 1148; x_wconf 87' lang='lat' dir='ltr'>eius</span> <span class='ocrx_word' id='word_1_110' title='bbox 725 1127 758 1148; x_wconf 84' lang='lat' dir='ltr'>se</span> <span class='ocrx_word' id='word_1_111' title='bbox 782 1115 901 1149; x_wconf 74' lang='lat' dir='ltr'>noverit</span> <span class='ocrx_word' id='word_1_112' title='bbox 928 1114 1140 1148; x_wconf 87' lang='lat' dir='ltr'>incursurum.</span> 
     </span>
    </p>

    <p class='ocr_par' dir='ltr' id='par_1_10' title="bbox 452 1163 1203 1298">
     <span class='ocr_line' id='line_1_24' title="bbox 500 1163 1203 1211; baseline -0.003 -12"><span class='ocrx_word' id='word_1_113' title='bbox 500 1164 615 1200; x_wconf 87' lang='lat' dir='ltr'>Datum</span> <span class='ocrx_word' id='word_1_114' title='bbox 631 1165 714 1211; x_wconf 87' lang='lat' dir='ltr'>apud</span> <span class='ocrx_word' id='word_1_115' title='bbox 727 1164 956 1198; x_wconf 78' lang='lat' dir='ltr'>villamnovam</span> <span class='ocrx_word' id='word_1_116' title='bbox 973 1163 1203 1198; x_wconf 72' lang='lat' dir='ltr'>Avenionensis</span> 
     </span>
     <span class='ocr_line' id='line_1_25' title="bbox 452 1213 1201 1260; baseline -0.003 -12"><span class='ocrx_word' id='word_1_117' title='bbox 452 1215 621 1253; x_wconf 87' lang='lat' dir='ltr'>dioecesis,</span> <span class='ocrx_word' id='word_1_118' title='bbox 644 1226 700 1249; x_wconf 84' lang='grc' dir='ltr'>νιιι</span> <span class='ocrx_word' id='word_1_119' title='bbox 729 1213 877 1248; x_wconf 75' lang='lat' dir='ltr'>kalendas</span> <span class='ocrx_word' id='word_1_120' title='bbox 897 1213 1097 1260; x_wconf 72' lang='lat' dir='ltr'>septembriS,</span> <span class='ocrx_word' id='word_1_121' title='bbox 1114 1221 1201 1260; x_wconf 85' lang='lat' dir='ltr'>pont.</span> 
     </span>
     <span class='ocr_line' id='line_1_26' title="bbox 452 1264 659 1298; baseline -0.005 0"><span class='ocrx_word' id='word_1_122' title='bbox 452 1276 536 1298; x_wconf 83' lang='lat' dir='ltr'>anno</span> <span class='ocrx_word' id='word_1_123' title='bbox 558 1264 659 1298; x_wconf 83' lang='lat' dir='ltr'>tertio.</span> 
     </span>
    </p>
   </div>
   <div class='ocr_carea' id='block_1_9' title="bbox 501 1325 1161 1364">
    <p class='ocr_par' dir='ltr' id='par_1_11' title="bbox 501 1325 1161 1364">
     <span class='ocr_line' id='line_1_27' title="bbox 501 1325 1161 1364; baseline -0.002 -9"><span class='ocrx_word' id='word_1_124' title='bbox 501 1325 559 1355; x_wconf 82' lang='lat' dir='ltr'>Dat.</span> <span class='ocrx_word' id='word_1_125' title='bbox 577 1326 623 1355; x_wconf 83' lang='lat' dir='ltr'>die</span> <span class='ocrx_word' id='word_1_126' title='bbox 639 1325 676 1354; x_wconf 65' lang='lat'>25</span> <span class='ocrx_word' id='word_1_127' title='bbox 693 1326 810 1362; x_wconf 78' lang='lat' dir='ltr'>augusti</span> <span class='ocrx_word' id='word_1_128' title='bbox 833 1326 914 1358; x_wconf 71' lang='lat'>1344„</span> <span class='ocrx_word' id='word_1_129' title='bbox 932 1330 1009 1364; x_wconf 74' lang='lat' dir='ltr'>pontv</span> <span class='ocrx_word' id='word_1_130' title='bbox 1030 1335 1105 1354; x_wconf 72' lang='lat' dir='ltr'>anno</span> <span class='ocrx_word' id='word_1_131' title='bbox 1123 1334 1161 1354; x_wconf 93' lang='grc' dir='ltr'>ιιι.</span> 
     </span>
    </p>
   </div>
   <div class='ocr_carea' id='block_1_10' title="bbox 749 1384 899 1390">
    <p class='ocr_par' dir='ltr' id='par_1_12' title="bbox 749 1384 899 1390">
     <span class='ocr_line' id='line_1_28' title="bbox 749 1384 899 1390; baseline 0 0"><span class='ocrx_word' id='word_1_132' title='bbox 749 1384 899 1390; x_wconf 95' lang='lat' dir='ltr'> </span> 
     </span>
    </p>
   </div>
   <div class='ocr_carea' id='block_1_11' title="bbox 454 1527 1201 1619">
    <p class='ocr_par' dir='ltr' id='par_1_13' title="bbox 454 1527 1189 1619">
     <span class='ocr_line' id='line_1_29' title="bbox 621 1527 1036 1571; baseline 0.002 -12"><span class='ocrx_word' id='word_1_133' title='bbox 621 1527 789 1560; x_wconf 78' lang='lat' dir='ltr'>Ludoricus</span> <span class='ocrx_word' id='word_1_134' title='bbox 817 1528 852 1559; x_wconf 62' lang='lat' dir='ltr'>ile</span> <span class='ocrx_word' id='word_1_135' title='bbox 879 1527 1036 1571; x_wconf 76' lang='lat' dir='ltr'>Hispania</span> 
     </span>
     <span class='ocr_line' id='line_1_30' title="bbox 454 1575 1201 1619; baseline 0 -10"><span class='ocrx_word' id='word_1_136' title='bbox 454 1576 693 1609; x_wconf 66' lang='lat' dir='ltr'>Fortunatam·</span> <span class='ocrx_word' id='word_1_137' title='bbox 724 1576 818 1609; x_wconf 80' lang='lat' dir='ltr'>Insul.</span> <span class='ocrx_word' id='word_1_138' title='bbox 845 1588 901 1609; x_wconf 61' lang='lat' dir='ltr'>rer</span> <span class='ocrx_word' id='word_1_139' title='bbox 923 1577 1118 1609; x_wconf 63' lang='lat' dir='ltr'>constituitur</span> <span class='ocrx_word' id='word_1_140' title='bbox 1145 1575 1201 1619; x_wconf 68' lang='lat' dir='ltr'>il)</span> 
     </span>
    </p>
   </div>
   <div class='ocr_carea' id='block_1_12' title="bbox 718 1645 930 1676">
    <p class='ocr_par' dir='ltr' id='par_1_14' title="bbox 718 1645 930 1676">
     <span class='ocr_line' id='line_1_31' title="bbox 718 1645 930 1676; baseline 0 -1"><span class='ocrx_word' id='word_1_141' title='bbox 718 1645 930 1676; x_wconf 64' lang='lat' dir='ltr'>summatim</span> 
     </span>
    </p>
   </div>
   <div class='ocr_carea' id='block_1_13' title="bbox 453 1707 1204 2348">
    <p class='ocr_par' dir='ltr' id='par_1_15' title="bbox 453 1707 1204 2348">
     <span class='ocr_line' id='line_1_32' title="bbox 453 1707 1203 1738; baseline 0.001 -1"><span class='ocrx_word' id='word_1_142' title='bbox 453 1707 675 1737; x_wconf 78' lang='lat' dir='ltr'>Fortunatarnni</span> <span class='ocrx_word' id='word_1_143' title='bbox 695 1708 859 1737; x_wconf 79' lang='lat' dir='ltr'>insularum</span> <span class='ocrx_word' id='word_1_144' title='bbox 880 1713 983 1737; x_wconf 83' lang='lat' dir='ltr'>status.</span> <span class='ocrx_word' id='word_1_145' title='bbox 1002 1725 1039 1730; x_wconf 84' lang='lat'><strong>—</strong></span> <span class='ocrx_word' id='word_1_146' title='bbox 1059 1709 1084 1738; x_wconf 77' lang='lat' dir='ltr'>l.</span> <span class='ocrx_word' id='word_1_147' title='bbox 1110 1708 1203 1738; x_wconf 86' lang='lat' dir='ltr'>Ludo-</span> 
     </span>
     <span class='ocr_line' id='line_1_33' title="bbox 492 1748 1204 1785; baseline 0 -8"><span class='ocrx_word' id='word_1_148' title='bbox 492 1749 554 1777; x_wconf 84' lang='lat' dir='ltr'>vico</span> <span class='ocrx_word' id='word_1_149' title='bbox 577 1748 612 1777; x_wconf 87' lang='lat' dir='ltr'>de</span> <span class='ocrx_word' id='word_1_150' title='bbox 635 1748 773 1785; x_wconf 79' lang='lat' dir='ltr'>Hispania</span> <span class='ocrx_word' id='word_1_151' title='bbox 797 1757 956 1777; x_wconf 80' lang='lat' dir='ltr'>concessae</span> <span class='ocrx_word' id='word_1_152' title='bbox 982 1757 1048 1778; x_wconf 81' lang='lat' dir='ltr'>cum</span> <span class='ocrx_word' id='word_1_153' title='bbox 1073 1758 1153 1778; x_wconf 89' lang='lat' dir='ltr'>mero</span> <span class='ocrx_word' id='word_1_154' title='bbox 1176 1754 1204 1777; x_wconf 88' lang='lat' dir='ltr'>et</span> 
     </span>
     <span class='ocr_line' id='line_1_34' title="bbox 494 1787 1201 1827; baseline 0 -10"><span class='ocrx_word' id='word_1_155' title='bbox 494 1789 581 1818; x_wconf 87' lang='lat' dir='ltr'>mixto</span> <span class='ocrx_word' id='word_1_156' title='bbox 605 1789 737 1827; x_wconf 87' lang='lat' dir='ltr'>imperio.</span> <span class='ocrx_word' id='word_1_157' title='bbox 764 1805 801 1810; x_wconf 88' lang='lat'>—</span> <span class='ocrx_word' id='word_1_158' title='bbox 830 1787 981 1817; x_wconf 78' lang='lat' dir='ltr'>Traditum</span> <span class='ocrx_word' id='word_1_159' title='bbox 1009 1789 1103 1818; x_wconf 88' lang='lat' dir='ltr'>eidem</span> <span class='ocrx_word' id='word_1_160' title='bbox 1134 1798 1201 1817; x_wconf 79' lang='lat' dir='ltr'>sce-</span> 
     </span>
     <span class='ocr_line' id='line_1_35' title="bbox 494 1830 1204 1866; baseline 0 -9"><span class='ocrx_word' id='word_1_161' title='bbox 494 1833 588 1866; x_wconf 86' lang='lat' dir='ltr'>ptrum</span> <span class='ocrx_word' id='word_1_162' title='bbox 604 1837 738 1857; x_wconf 82' lang='lat' dir='ltr'>aureum:</span> <span class='ocrx_word' id='word_1_163' title='bbox 758 1837 993 1866; x_wconf 84' lang='lat' dir='ltr'>concessumque</span> <span class='ocrx_word' id='word_1_164' title='bbox 1012 1830 1057 1857; x_wconf 92' lang='lat' dir='ltr'>ius</span> <span class='ocrx_word' id='word_1_165' title='bbox 1073 1830 1204 1858; x_wconf 84' lang='lat' dir='ltr'>conden-</span> 
     </span>
     <span class='ocr_line' id='line_1_36' title="bbox 493 1868 1203 1898; baseline 0 -1"><span class='ocrx_word' id='word_1_166' title='bbox 493 1869 595 1897; x_wconf 84' lang='lat' dir='ltr'>darum</span> <span class='ocrx_word' id='word_1_167' title='bbox 615 1868 826 1897; x_wconf 81' lang='lat' dir='ltr'>Ecclesiarum.</span> <span class='ocrx_word' id='word_1_168' title='bbox 843 1885 880 1889; x_wconf 88' lang='lat'>—</span> <span class='ocrx_word' id='word_1_169' title='bbox 896 1868 922 1897; x_wconf 67' lang='lat'>2.</span> <span class='ocrx_word' id='word_1_170' title='bbox 939 1868 1007 1897; x_wconf 73' lang='lat' dir='ltr'>linia</span> <span class='ocrx_word' id='word_1_171' title='bbox 1028 1873 1123 1897; x_wconf 85' lang='lat' dir='ltr'>tamen</span> <span class='ocrx_word' id='word_1_172' title='bbox 1141 1878 1203 1898; x_wconf 83' lang='lat' dir='ltr'>om-</span> 
     </span>
     <span class='ocr_line' id='line_1_37' title="bbox 493 1908 1203 1942; baseline 0 -5"><span class='ocrx_word' id='word_1_173' title='bbox 493 1908 608 1937; x_wconf 81' lang='lat' dir='ltr'>nimoda</span> <span class='ocrx_word' id='word_1_174' title='bbox 634 1908 754 1937; x_wconf 82' lang='lat' dir='ltr'>libertas</span> <span class='ocrx_word' id='word_1_175' title='bbox 781 1908 922 1937; x_wconf 79' lang='lat' dir='ltr'>Ecclesiis</span> <span class='ocrx_word' id='word_1_176' title='bbox 946 1914 970 1937; x_wconf 85' lang='lat' dir='ltr'>et</span> <span class='ocrx_word' id='word_1_177' title='bbox 997 1909 1203 1942; x_wconf 82' lang='lat' dir='ltr'>monasteriis</span> 
     </span>
     <span class='ocr_line' id='line_1_38' title="bbox 494 1948 1202 1986; baseline 0.001 -9"><span class='ocrx_word' id='word_1_178' title='bbox 494 1954 647 1986; x_wconf 86' lang='lat' dir='ltr'>postquam</span> <span class='ocrx_word' id='word_1_179' title='bbox 680 1948 788 1977; x_wconf 81' lang='lat' dir='ltr'>suerint</span> <span class='ocrx_word' id='word_1_180' title='bbox 815 1954 937 1978; x_wconf 80' lang='lat' dir='ltr'>erectae.</span> <span class='ocrx_word' id='word_1_181' title='bbox 971 1966 1008 1970; x_wconf 91' lang='lat'><strong>—</strong></span> <span class='ocrx_word' id='word_1_182' title='bbox 1037 1949 1065 1978; x_wconf 84' lang='lat'>3.</span> <span class='ocrx_word' id='word_1_183' title='bbox 1091 1949 1202 1978; x_wconf 79' lang='lat' dir='ltr'>Corona</span> 
     </span>
     <span class='ocr_line' id='line_1_39' title="bbox 493 1988 1204 2027; baseline 0.003 -11"><span class='ocrx_word' id='word_1_184' title='bbox 493 1998 579 2017; x_wconf 74' lang='lat' dir='ltr'>aurea</span> <span class='ocrx_word' id='word_1_185' title='bbox 610 1988 755 2017; x_wconf 78' lang='lat' dir='ltr'>Lndorico</span> <span class='ocrx_word' id='word_1_186' title='bbox 779 1989 923 2027; x_wconf 73' lang='lat' dir='ltr'>imposita.</span> <span class='ocrx_word' id='word_1_187' title='bbox 947 2005 983 2009; x_wconf 90' lang='lat'>-—</span> <span class='ocrx_word' id='word_1_188' title='bbox 1007 1989 1109 2018; x_wconf 65' lang='lat' dir='ltr'>Addita</span> <span class='ocrx_word' id='word_1_189' title='bbox 1134 1999 1204 2018; x_wconf 76' lang='lat' dir='ltr'>con·</span> 
     </span>
     <span class='ocr_line' id='line_1_40' title="bbox 496 2029 1201 2068; baseline 0 -11"><span class='ocrx_word' id='word_1_190' title='bbox 496 2029 566 2057; x_wconf 89' lang='lat' dir='ltr'>ditio</span> <span class='ocrx_word' id='word_1_191' title='bbox 596 2029 765 2068; x_wconf 79' lang='lat' dir='ltr'>praestandi</span> <span class='ocrx_word' id='word_1_192' title='bbox 790 2029 956 2066; x_wconf 67' lang='lat' dir='ltr'>homagium</span> <span class='ocrx_word' id='word_1_193' title='bbox 978 2029 1045 2057; x_wconf 66' lang='lat' dir='ltr'>Sodi</span> <span class='ocrx_word' id='word_1_194' title='bbox 1073 2030 1201 2067; x_wconf 71' lang='lat' dir='ltr'>Aposto-</span> 
     </span>
     <span class='ocr_line' id='line_1_41' title="bbox 493 2068 1204 2108; baseline 0.001 -11"><span class='ocrx_word' id='word_1_195' title='bbox 493 2069 576 2097; x_wconf 85' lang='lat' dir='ltr'>licae.</span> <span class='ocrx_word' id='word_1_196' title='bbox 593 2086 630 2090; x_wconf 90' lang='lat'><strong>—</strong></span> <span class='ocrx_word' id='word_1_197' title='bbox 646 2069 674 2098; x_wconf 74' lang='lat'>4.</span> <span class='ocrx_word' id='word_1_198' title='bbox 694 2068 856 2108; x_wconf 78' lang='lat' dir='ltr'>lmperatns</span> <span class='ocrx_word' id='word_1_199' title='bbox 876 2078 984 2097; x_wconf 78' lang='lat' dir='ltr'>census</span> <span class='ocrx_word' id='word_1_200' title='bbox 1004 2070 1204 2107; x_wconf 69' lang='lat' dir='ltr'>quadringen-</span> 
     </span>
     <span class='ocr_line' id='line_1_42' title="bbox 493 2108 1204 2138; baseline 0.003 -2"><span class='ocrx_word' id='word_1_201' title='bbox 493 2114 587 2137; x_wconf 87' lang='lat' dir='ltr'>torum</span> <span class='ocrx_word' id='word_1_202' title='bbox 612 2117 778 2138; x_wconf 81' lang='lat' dir='ltr'>aureorum.</span> <span class='ocrx_word' id='word_1_203' title='bbox 799 2125 837 2130; x_wconf 90' lang='lat'>—-</span> <span class='ocrx_word' id='word_1_204' title='bbox 853 2109 878 2137; x_wconf 72' lang='lat'>5.</span> <span class='ocrx_word' id='word_1_205' title='bbox 904 2108 1016 2137; x_wconf 75' lang='lat' dir='ltr'>Poenae</span> <span class='ocrx_word' id='word_1_206' title='bbox 1035 2118 1204 2138; x_wconf 75' lang='lat' dir='ltr'>excommn-</span> 
     </span>
     <span class='ocr_line' id='line_1_43' title="bbox 492 2149 1203 2188; baseline 0.001 -11"><span class='ocrx_word' id='word_1_207' title='bbox 492 2149 648 2178; x_wconf 82' lang='lat' dir='ltr'>nicationis</span> <span class='ocrx_word' id='word_1_208' title='bbox 679 2154 707 2178; x_wconf 86' lang='lat' dir='ltr'>et</span> <span class='ocrx_word' id='word_1_209' title='bbox 730 2150 899 2188; x_wconf 87' lang='lat' dir='ltr'>privationis</span> <span class='ocrx_word' id='word_1_210' title='bbox 934 2149 1143 2187; x_wconf 69' lang='lat' dir='ltr'>promulgatae.</span> <span class='ocrx_word' id='word_1_211' title='bbox 1167 2167 1203 2171; x_wconf 87' lang='lat'>-—</span> 
     </span>
     <span class='ocr_line' id='line_1_44' title="bbox 492 2188 1201 2228; baseline 0.001 -11"><span class='ocrx_word' id='word_1_212' title='bbox 492 2189 518 2217; x_wconf 75' lang='lat' dir='ltr'>fi.</span> <span class='ocrx_word' id='word_1_213' title='bbox 548 2188 727 2228; x_wconf 82' lang='lat' dir='ltr'>Praescripta</span> <span class='ocrx_word' id='word_1_214' title='bbox 762 2190 907 2218; x_wconf 68' lang='lat' dir='ltr'>Ludovico</span> <span class='ocrx_word' id='word_1_215' title='bbox 933 2190 1110 2218; x_wconf 80' lang='lat' dir='ltr'>sacramenti</span> <span class='ocrx_word' id='word_1_216' title='bbox 1142 2191 1201 2218; x_wconf 82' lang='lat' dir='ltr'>sor-</span> 
     </span>
     <span class='ocr_line' id='line_1_45' title="bbox 493 2228 1202 2268; baseline -0.001 -11"><span class='ocrx_word' id='word_1_217' title='bbox 493 2229 581 2257; x_wconf 88' lang='lat' dir='ltr'>mula.</span> <span class='ocrx_word' id='word_1_218' title='bbox 596 2246 634 2250; x_wconf 93' lang='lat'>—-</span> <span class='ocrx_word' id='word_1_219' title='bbox 653 2229 678 2258; x_wconf 79' lang='lat'>7.</span> <span class='ocrx_word' id='word_1_220' title='bbox 699 2228 873 2258; x_wconf 83' lang='lat' dir='ltr'>Huiusmodi</span> <span class='ocrx_word' id='word_1_221' title='bbox 898 2230 1095 2258; x_wconf 82' lang='lat' dir='ltr'>iuramentum</span> <span class='ocrx_word' id='word_1_222' title='bbox 1115 2239 1202 2268; x_wconf 63' lang='lat' dir='ltr'>repo-</span> 
     </span>
     <span class='ocr_line' id='line_1_46' title="bbox 493 2269 1203 2307; baseline -0.001 -10"><span class='ocrx_word' id='word_1_223' title='bbox 493 2270 611 2298; x_wconf 82' lang='lat' dir='ltr'>tendum</span> <span class='ocrx_word' id='word_1_224' title='bbox 629 2279 643 2297; x_wconf 85' lang='lat' dir='ltr'>a</span> <span class='ocrx_word' id='word_1_225' title='bbox 658 2269 883 2298; x_wconf 77' lang='lat' dir='ltr'>successoribus</span> <span class='ocrx_word' id='word_1_226' title='bbox 899 2269 1043 2298; x_wconf 76' lang='lat' dir='ltr'>Ludorici.</span> <span class='ocrx_word' id='word_1_227' title='bbox 1061 2286 1097 2290; x_wconf 95' lang='lat'>—</span> <span class='ocrx_word' id='word_1_228' title='bbox 1115 2269 1203 2307; x_wconf 69' lang='lat' dir='ltr'>Lege&lt;</span> 
     </span>
     <span class='ocr_line' id='line_1_47' title="bbox 493 2308 1088 2348; baseline 0.002 -11"><span class='ocrx_word' id='word_1_229' title='bbox 493 2309 567 2338; x_wconf 80' lang='lat' dir='ltr'>aliae</span> <span class='ocrx_word' id='word_1_230' title='bbox 586 2310 749 2348; x_wconf 81' lang='lat' dir='ltr'>impositae.</span> <span class='ocrx_word' id='word_1_231' title='bbox 769 2326 805 2330; x_wconf 87' lang='lat'>-—</span> <span class='ocrx_word' id='word_1_232' title='bbox 825 2311 850 2338; x_wconf 79' lang='grc'>8.</span> <span class='ocrx_word' id='word_1_233' title='bbox 870 2308 938 2338; x_wconf 82' lang='lat' dir='ltr'>item</span> <span class='ocrx_word' id='word_1_234' title='bbox 959 2315 984 2338; x_wconf 83' lang='lat' dir='ltr'>et</span> <span class='ocrx_word' id='word_1_235' title='bbox 1004 2310 1088 2339; x_wconf 80' lang='lat' dir='ltr'>aliae.</span> 
     </span>
    </p>
   </div>
   <div class='ocr_carea' id='block_1_14' title="bbox 454 2381 1205 2515">
    <p class='ocr_par' dir='ltr' id='par_1_16' title="bbox 454 2381 1205 2515">
     <span class='ocr_line' id='line_1_48' title="bbox 454 2381 1205 2417; baseline 0.001 -8"><span class='ocrx_word' id='word_1_236' title='bbox 454 2381 573 2409; x_wconf 74' lang='lat' dir='ltr'>Clemens</span> <span class='ocrx_word' id='word_1_237' title='bbox 593 2381 734 2417; x_wconf 81' lang='lat' dir='ltr'>episcopus</span> <span class='ocrx_word' id='word_1_238' title='bbox 753 2388 848 2410; x_wconf 81' lang='lat' dir='ltr'>servus</span> <span class='ocrx_word' id='word_1_239' title='bbox 867 2388 1007 2410; x_wconf 86' lang='lat' dir='ltr'>servorum</span> <span class='ocrx_word' id='word_1_240' title='bbox 1022 2381 1078 2414; x_wconf 82' lang='lat' dir='ltr'>Dei,</span> <span class='ocrx_word' id='word_1_241' title='bbox 1105 2382 1205 2410; x_wconf 81' lang='lat' dir='ltr'>dilecto</span> 
     </span>
     <span class='ocr_line' id='line_1_49' title="bbox 497 2430 1205 2467; baseline 0.001 -9"><span class='ocrx_word' id='word_1_242' title='bbox 497 2430 553 2459; x_wconf 74' lang='lat' dir='ltr'>filio</span> <span class='ocrx_word' id='word_1_243' title='bbox 576 2431 658 2460; x_wconf 85' lang='lat' dir='ltr'>nobili</span> <span class='ocrx_word' id='word_1_244' title='bbox 677 2432 736 2460; x_wconf 84' lang='lat' dir='ltr'>viro</span> <span class='ocrx_word' id='word_1_245' title='bbox 767 2431 895 2460; x_wconf 72' lang='lat' dir='ltr'>[udovico</span> <span class='ocrx_word' id='word_1_246' title='bbox 930 2432 961 2459; x_wconf 75' lang='lat' dir='ltr'>de</span> <span class='ocrx_word' id='word_1_247' title='bbox 982 2431 1107 2467; x_wconf 78' lang='lat' dir='ltr'>Hispania</span> <span class='ocrx_word' id='word_1_248' title='bbox 1131 2432 1205 2459; x_wconf 83' lang='lat' dir='ltr'>Prin-</span> 
     </span>
     <span class='ocr_line' id='line_1_50' title="bbox 498 2480 729 2515; baseline 0.013 -8"><span class='ocrx_word' id='word_1_249' title='bbox 498 2480 551 2515; x_wconf 73' lang='lat' dir='ltr'>cipi</span> <span class='ocrx_word' id='word_1_250' title='bbox 574 2481 729 2510; x_wconf 79' lang='lat' dir='ltr'>Fortuniae.</span> 
     </span>
    </p>
   </div>
   <div class='ocr_carea' id='block_1_15' title="bbox 456 2544 1205 2639">
    <p class='ocr_par' dir='ltr' id='par_1_17' title="bbox 456 2544 1205 2639">
     <span class='ocr_line' id='line_1_51' title="bbox 502 2544 1205 2593; baseline 0.001 -16"><span class='ocrx_word' id='word_1_251' title='bbox 502 2544 592 2578; x_wconf 85' lang='lat' dir='ltr'>Sicut</span> <span class='ocrx_word' id='word_1_252' title='bbox 623 2546 778 2580; x_wconf 82' lang='lat' dir='ltr'>exhibitae</span> <span class='ocrx_word' id='word_1_253' title='bbox 814 2546 904 2580; x_wconf 83' lang='lat' dir='ltr'>nobis</span> <span class='ocrx_word' id='word_1_254' title='bbox 938 2555 1008 2580; x_wconf 81' lang='lat' dir='ltr'>tuae</span> <span class='ocrx_word' id='word_1_255' title='bbox 1047 2546 1205 2593; x_wconf 68' lang='lat' dir='ltr'>petitionis</span> 
     </span>
     <span class='ocr_line' id='line_1_52' title="bbox 456 2595 1205 2639; baseline 0.004 -13"><span class='ocrx_word' id='word_1_256' title='bbox 456 2595 553 2627; x_wconf 75' lang='lat' dir='ltr'>series</span> <span class='ocrx_word' id='word_1_257' title='bbox 583 2595 778 2635; x_wconf 81' lang='lat' dir='ltr'>continebat,</span> <span class='ocrx_word' id='word_1_258' title='bbox 803 2596 830 2629; x_wconf 85' lang='lat' dir='ltr'>in</span> <span class='ocrx_word' id='word_1_259' title='bbox 856 2597 931 2630; x_wconf 87' lang='lat' dir='ltr'>mari</span> <span class='ocrx_word' id='word_1_260' title='bbox 961 2597 1102 2639; x_wconf 64' lang='lat' dir='ltr'>tit-enno,</span> <span class='ocrx_word' id='word_1_261' title='bbox 1126 2597 1205 2629; x_wconf 83' lang='lat' dir='ltr'>inter</span> 
     </span>
    </p>
   </div>
   <div class='ocr_carea' id='block_1_16' title="bbox 491 2663 1178 2699">
    <p class='ocr_par' dir='ltr' id='par_1_18' title="bbox 491 2663 1178 2699">
     <span class='ocr_line' id='line_1_53' title="bbox 491 2663 1178 2699; baseline 0.004 -12"><span class='ocrx_word' id='word_1_262' title='bbox 491 2664 529 2696; x_wconf 74' lang='lat' dir='ltr'>tt)</span> <span class='ocrx_word' id='word_1_263' title='bbox 547 2663 583 2688; x_wconf 79' lang='lat' dir='ltr'>Ex</span> <span class='ocrx_word' id='word_1_264' title='bbox 601 2664 693 2692; x_wconf 79' lang='lat' dir='ltr'>eodem</span> <span class='ocrx_word' id='word_1_265' title='bbox 706 2665 841 2699; x_wconf 72' lang='lat' dir='ltr'>Raynaldo</span> <span class='ocrx_word' id='word_1_266' title='bbox 853 2666 883 2691; x_wconf 83' lang='lat' dir='ltr'>ad</span> <span class='ocrx_word' id='word_1_267' title='bbox 894 2674 990 2691; x_wconf 73' lang='lat' dir='ltr'>annum</span> <span class='ocrx_word' id='word_1_268' title='bbox 1007 2666 1083 2693; x_wconf 74' lang='lat' dir='ltr'>13tili.</span> <span class='ocrx_word' id='word_1_269' title='bbox 1104 2664 1121 2699; x_wconf 73' lang='lat' dir='ltr'>S</span> <span class='ocrx_word' id='word_1_270' title='bbox 1136 2666 1178 2692; x_wconf 75' lang='lat'>59.</span> 
     </span>
    </p>
   </div>
   <div class='ocr_carea' id='block_1_17' title="bbox 1243 365 2047 2700">
    <p class='ocr_par' dir='ltr' id='par_1_19' title="bbox 1243 365 2047 1556">
     <span class='ocr_line' id='line_1_54' title="bbox 1243 365 2047 424; baseline 0.001 -22"><span class='ocrx_word' id='word_1_271' title='bbox 1243 369 1353 409; x_wconf 87' lang='lat' dir='ltr'>sulae,</span> <span class='ocrx_word' id='word_1_272' title='bbox 1375 380 1506 414; x_wconf 88' lang='lat' dir='ltr'>quarum</span> <span class='ocrx_word' id='word_1_273' title='bbox 1526 368 1649 414; x_wconf 83' lang='lat' dir='ltr'>aliquae</span> <span class='ocrx_word' id='word_1_274' title='bbox 1671 367 1846 408; x_wconf 87' lang='lat' dir='ltr'>habitatae,</span> <span class='ocrx_word' id='word_1_275' title='bbox 1872 365 2047 424; x_wconf 61' lang='lat' dir='ltr'>aliquaem,</span> 
     </span>
     <span class='ocr_line' id='line_1_55' title="bbox 1245 395 1990 465; baseline 0.001 -14"><span class='ocrx_word' id='word_1_276' title='bbox 1245 430 1316 452; x_wconf 84' lang='lat' dir='ltr'>vero</span> <span class='ocrx_word' id='word_1_277' title='bbox 1343 395 1533 451; x_wconf 84' lang='lat' dir='ltr'>inhabitatae</span> <span class='ocrx_word' id='word_1_278' title='bbox 1560 416 1625 451; x_wconf 83' lang='lat' dir='ltr'>sore</span> <span class='ocrx_word' id='word_1_279' title='bbox 1649 427 1834 463; x_wconf 79' lang='lat' dir='ltr'>noscuntur,</span> <span class='ocrx_word' id='word_1_280' title='bbox 1848 430 1939 465; x_wconf 86' lang='lat' dir='ltr'>quae,</span> <span class='ocrx_word' id='word_1_281' title='bbox 1960 431 1990 452; x_wconf 87' lang='lat' dir='ltr'>in</span> 
     </span>
     <span class='ocr_line' id='line_1_56' title="bbox 1243 466 1991 507; baseline 0.003 -7"><span class='ocrx_word' id='word_1_282' title='bbox 1243 480 1345 501; x_wconf 90' lang='lat' dir='ltr'>comm</span> <span class='ocrx_word' id='word_1_283' title='bbox 1353 480 1417 506; x_wconf 84' lang='lat' dir='ltr'>uni</span> <span class='ocrx_word' id='word_1_284' title='bbox 1433 466 1636 501; x_wconf 83' lang='lat' dir='ltr'>nominantur</span> <span class='ocrx_word' id='word_1_285' title='bbox 1649 466 1774 502; x_wconf 76' lang='lat' dir='ltr'>insulae</span> <span class='ocrx_word' id='word_1_286' title='bbox 1788 467 1991 507; x_wconf 79' lang='lat' dir='ltr'>Fortunatae,</span> 
     </span>
     <span class='ocr_line' id='line_1_57' title="bbox 1245 515 1993 564; baseline 0.001 -14"><span class='ocrx_word' id='word_1_287' title='bbox 1245 528 1435 564; x_wconf 88' lang='lat' dir='ltr'>quamquam</span> <span class='ocrx_word' id='word_1_288' title='bbox 1464 528 1571 550; x_wconf 89' lang='lat' dir='ltr'>earum</span> <span class='ocrx_word' id='word_1_289' title='bbox 1599 515 1758 563; x_wconf 86' lang='lat' dir='ltr'>quaelibet</span> <span class='ocrx_word' id='word_1_290' title='bbox 1786 517 1911 564; x_wconf 89' lang='lat' dir='ltr'>proprio</span> <span class='ocrx_word' id='word_1_291' title='bbox 1939 529 1993 551; x_wconf 89' lang='lat' dir='ltr'>vo-</span> 
     </span>
     <span class='ocr_line' id='line_1_58' title="bbox 1244 565 1993 612; baseline 0 -13"><span class='ocrx_word' id='word_1_292' title='bbox 1244 565 1368 605; x_wconf 87' lang='lat' dir='ltr'>cabulo,</span> <span class='ocrx_word' id='word_1_293' title='bbox 1384 575 1416 601; x_wconf 93' lang='lat' dir='ltr'>ut</span> <span class='ocrx_word' id='word_1_294' title='bbox 1432 566 1577 612; x_wconf 88' lang='lat' dir='ltr'>sequitur</span> <span class='ocrx_word' id='word_1_295' title='bbox 1588 565 1799 610; x_wconf 79' lang='lat' dir='ltr'>inferius,sint</span> <span class='ocrx_word' id='word_1_296' title='bbox 1814 566 1993 609; x_wconf 71' lang='lat' dir='ltr'>distinctae,</span> 
     </span>
     <span class='ocr_line' id='line_1_59' title="bbox 1243 615 1994 662; baseline 0 -14"><span class='ocrx_word' id='word_1_297' title='bbox 1243 627 1376 662; x_wconf 84' lang='lat' dir='ltr'>quarum</span> <span class='ocrx_word' id='word_1_298' title='bbox 1400 615 1524 662; x_wconf 88' lang='lat' dir='ltr'>aliquae</span> <span class='ocrx_word' id='word_1_299' title='bbox 1547 615 1668 650; x_wconf 88' lang='lat' dir='ltr'>insulae</span> <span class='ocrx_word' id='word_1_300' title='bbox 1689 615 1808 650; x_wconf 88' lang='lat' dir='ltr'>eisdem</span> <span class='ocrx_word' id='word_1_301' title='bbox 1837 616 1994 659; x_wconf 70' lang='lat' dir='ltr'>adiacent,</span> 
     </span>
     <span class='ocr_line' id='line_1_60' title="bbox 1244 664 1994 712; baseline 0.001 -14"><span class='ocrx_word' id='word_1_302' title='bbox 1244 664 1399 712; x_wconf 79' lang='lat' dir='ltr'>quaedam</span> <span class='ocrx_word' id='word_1_303' title='bbox 1428 676 1501 699; x_wconf 89' lang='lat' dir='ltr'>vero</span> <span class='ocrx_word' id='word_1_304' title='bbox 1523 665 1581 699; x_wconf 87' lang='lat' dir='ltr'>alia</span> <span class='ocrx_word' id='word_1_305' title='bbox 1609 674 1655 699; x_wconf 88' lang='lat' dir='ltr'>est</span> <span class='ocrx_word' id='word_1_306' title='bbox 1684 666 1714 699; x_wconf 92' lang='lat' dir='ltr'>in</span> <span class='ocrx_word' id='word_1_307' title='bbox 1744 665 1820 700; x_wconf 86' lang='lat' dir='ltr'>mari</span> <span class='ocrx_word' id='word_1_308' title='bbox 1843 665 1994 700; x_wconf 85' lang='lat' dir='ltr'>Mediter-</span> 
     </span>
     <span class='ocr_line' id='line_1_61' title="bbox 1245 714 1993 762; baseline 0 -14"><span class='ocrx_word' id='word_1_309' title='bbox 1245 726 1339 748; x_wconf 88' lang='lat' dir='ltr'>raneo</span> <span class='ocrx_word' id='word_1_310' title='bbox 1373 715 1496 749; x_wconf 87' lang='lat' dir='ltr'>situata.</span> <span class='ocrx_word' id='word_1_311' title='bbox 1535 714 1678 756; x_wconf 85' lang='lat' dir='ltr'>Quarum</span> <span class='ocrx_word' id='word_1_312' title='bbox 1711 715 1854 749; x_wconf 91' lang='lat' dir='ltr'>omnium</span> <span class='ocrx_word' id='word_1_313' title='bbox 1895 715 1993 762; x_wconf 86' lang='lat' dir='ltr'>prima</span> 
     </span>
     <span class='ocr_line' id='line_1_62' title="bbox 1243 762 1993 810; baseline 0 -12"><span class='ocrx_word' id='word_1_314' title='bbox 1243 762 1375 798; x_wconf 86' lang='lat' dir='ltr'>Canaria</span> <span class='ocrx_word' id='word_1_315' title='bbox 1392 792 1400 803; x_wconf 91' lang='lat'>,</span> <span class='ocrx_word' id='word_1_316' title='bbox 1423 764 1480 798; x_wconf 90' lang='lat' dir='ltr'>alia</span> <span class='ocrx_word' id='word_1_317' title='bbox 1508 763 1680 810; x_wconf 86' lang='lat' dir='ltr'>Ningaria,</span> <span class='ocrx_word' id='word_1_318' title='bbox 1709 765 1797 799; x_wconf 87' lang='lat' dir='ltr'>tertia</span> <span class='ocrx_word' id='word_1_319' title='bbox 1819 764 1993 803; x_wconf 82' lang='lat' dir='ltr'>Pluviaria,</span> 
     </span>
     <span class='ocr_line' id='line_1_63' title="bbox 1243 813 1993 860; baseline 0.001 -13"><span class='ocrx_word' id='word_1_320' title='bbox 1243 822 1351 860; x_wconf 88' lang='lat' dir='ltr'>quarta</span> <span class='ocrx_word' id='word_1_321' title='bbox 1381 813 1549 860; x_wconf 84' lang='lat' dir='ltr'>Capraria,</span> <span class='ocrx_word' id='word_1_322' title='bbox 1579 814 1689 860; x_wconf 89' lang='lat' dir='ltr'>quinta</span> <span class='ocrx_word' id='word_1_323' title='bbox 1721 813 1873 855; x_wconf 86' lang='lat' dir='ltr'>Iunonia,</span> <span class='ocrx_word' id='word_1_324' title='bbox 1906 822 1993 848; x_wconf 80' lang='lat' dir='ltr'>sexta</span> 
     </span>
     <span class='ocr_line' id='line_1_64' title="bbox 1244 862 1994 910; baseline 0 -12"><span class='ocrx_word' id='word_1_325' title='bbox 1244 862 1435 907; x_wconf 83' lang='lat' dir='ltr'>Embronea,</span> <span class='ocrx_word' id='word_1_326' title='bbox 1450 864 1584 910; x_wconf 87' lang='lat' dir='ltr'>septima</span> <span class='ocrx_word' id='word_1_327' title='bbox 1600 863 1772 907; x_wconf 83' lang='lat' dir='ltr'>Atlilantia⁷</span> <span class='ocrx_word' id='word_1_328' title='bbox 1787 871 1893 898; x_wconf 84' lang='lat' dir='ltr'>octava</span> <span class='ocrx_word' id='word_1_329' title='bbox 1912 863 1994 898; x_wconf 90' lang='lat' dir='ltr'>Hes-</span> 
     </span>
     <span class='ocr_line' id='line_1_65' title="bbox 1246 912 1995 960; baseline 0.001 -14"><span class='ocrx_word' id='word_1_330' title='bbox 1246 913 1409 960; x_wconf 73' lang='lat' dir='ltr'>peridum,</span> <span class='ocrx_word' id='word_1_331' title='bbox 1433 925 1514 947; x_wconf 89' lang='lat' dir='ltr'>nona</span> <span class='ocrx_word' id='word_1_332' title='bbox 1541 912 1698 958; x_wconf 76' lang='lat' dir='ltr'>Cernent,</span> <span class='ocrx_word' id='word_1_333' title='bbox 1726 913 1847 948; x_wconf 87' lang='lat' dir='ltr'>decima</span> <span class='ocrx_word' id='word_1_334' title='bbox 1875 912 1995 959; x_wconf 83' lang='lat' dir='ltr'>Gorgo-</span> 
     </span>
     <span class='ocr_line' id='line_1_66' title="bbox 1245 962 1994 1010; baseline 0.001 -14"><span class='ocrx_word' id='word_1_335' title='bbox 1245 975 1311 1002; x_wconf 88' lang='lat' dir='ltr'>nes,</span> <span class='ocrx_word' id='word_1_336' title='bbox 1328 971 1358 997; x_wconf 91' lang='lat' dir='ltr'>et</span> <span class='ocrx_word' id='word_1_337' title='bbox 1372 962 1422 996; x_wconf 88' lang='lat' dir='ltr'>illa</span> <span class='ocrx_word' id='word_1_338' title='bbox 1444 975 1525 1010; x_wconf 87' lang='lat' dir='ltr'>quae</span> <span class='ocrx_word' id='word_1_339' title='bbox 1547 971 1594 996; x_wconf 87' lang='lat' dir='ltr'>est</span> <span class='ocrx_word' id='word_1_340' title='bbox 1618 963 1646 996; x_wconf 91' lang='lat' dir='ltr'>in</span> <span class='ocrx_word' id='word_1_341' title='bbox 1665 963 1741 997; x_wconf 89' lang='lat' dir='ltr'>mari</span> <span class='ocrx_word' id='word_1_342' title='bbox 1762 962 1994 997; x_wconf 87' lang='lat' dir='ltr'>Mediterraneo</span> 
     </span>
     <span class='ocr_line' id='line_1_67' title="bbox 1243 1011 1995 1060; baseline -0.001 -14"><span class='ocrx_word' id='word_1_343' title='bbox 1243 1011 1352 1047; x_wconf 88' lang='lat' dir='ltr'>Galeta</span> <span class='ocrx_word' id='word_1_344' title='bbox 1373 1012 1540 1058; x_wconf 76' lang='lat' dir='ltr'>vulgariter</span> <span class='ocrx_word' id='word_1_345' title='bbox 1560 1021 1799 1060; x_wconf 86' lang='lat' dir='ltr'>nuncupantur:</span> <span class='ocrx_word' id='word_1_346' title='bbox 1819 1024 1995 1060; x_wconf 86' lang='lat' dir='ltr'>omnesque</span> 
     </span>
     <span class='ocr_line' id='line_1_68' title="bbox 1245 1061 1993 1109; baseline 0 -14"><span class='ocrx_word' id='word_1_347' title='bbox 1245 1062 1422 1109; x_wconf 84' lang='lat' dir='ltr'>praedictae</span> <span class='ocrx_word' id='word_1_348' title='bbox 1445 1061 1567 1097; x_wconf 86' lang='lat' dir='ltr'>insulae</span> <span class='ocrx_word' id='word_1_349' title='bbox 1589 1070 1663 1096; x_wconf 87' lang='lat' dir='ltr'>sunt</span> <span class='ocrx_word' id='word_1_350' title='bbox 1685 1074 1701 1096; x_wconf 90' lang='lat' dir='ltr'>a</span> <span class='ocrx_word' id='word_1_351' title='bbox 1723 1061 1841 1096; x_wconf 88' lang='lat' dir='ltr'>Christi</span> <span class='ocrx_word' id='word_1_352' title='bbox 1872 1062 1932 1097; x_wconf 81' lang='lat' dir='ltr'>fide</span> <span class='ocrx_word' id='word_1_353' title='bbox 1965 1071 1993 1095; x_wconf 81' lang='lat' dir='ltr'>et</span> 
     </span>
     <span class='ocr_line' id='line_1_69' title="bbox 1245 1111 1994 1158; baseline 0 -13"><span class='ocrx_word' id='word_1_354' title='bbox 1245 1112 1488 1146; x_wconf 82' lang='lat' dir='ltr'>christianornm</span> <span class='ocrx_word' id='word_1_355' title='bbox 1502 1111 1644 1145; x_wconf 91' lang='lat' dir='ltr'>dominio</span> <span class='ocrx_word' id='word_1_356' title='bbox 1660 1111 1794 1146; x_wconf 86' lang='lat' dir='ltr'>alienae:</span> <span class='ocrx_word' id='word_1_357' title='bbox 1815 1123 1853 1146; x_wconf 83' lang='lat' dir='ltr'>ex</span> <span class='ocrx_word' id='word_1_358' title='bbox 1868 1124 1933 1158; x_wconf 89' lang='lat' dir='ltr'>quo</span> <span class='ocrx_word' id='word_1_359' title='bbox 1950 1121 1994 1149; x_wconf 85' lang='lat' dir='ltr'>tn,</span> 
     </span>
     <span class='ocr_line' id='line_1_70' title="bbox 1247 1161 1995 1208; baseline 0 -13"><span class='ocrx_word' id='word_1_360' title='bbox 1247 1174 1301 1208; x_wconf 89' lang='lat' dir='ltr'>pro</span> <span class='ocrx_word' id='word_1_361' title='bbox 1325 1161 1512 1196; x_wconf 80' lang='lat' dir='ltr'>exaltatione</span> <span class='ocrx_word' id='word_1_362' title='bbox 1535 1161 1619 1202; x_wconf 87' lang='lat' dir='ltr'>lidei,</span> <span class='ocrx_word' id='word_1_363' title='bbox 1635 1161 1672 1195; x_wconf 86' lang='lat' dir='ltr'>ad</span> <span class='ocrx_word' id='word_1_364' title='bbox 1689 1161 1840 1196; x_wconf 85' lang='lat' dir='ltr'>bonorem</span> <span class='ocrx_word' id='word_1_365' title='bbox 1858 1161 1995 1195; x_wconf 85' lang='lat' dir='ltr'>nominis</span> 
     </span>
     <span class='ocr_line' id='line_1_71' title="bbox 1245 1210 1995 1258; baseline -0.001 -13"><span class='ocrx_word' id='word_1_366' title='bbox 1245 1210 1420 1255; x_wconf 78' lang='lat' dir='ltr'>christiani,</span> <span class='ocrx_word' id='word_1_367' title='bbox 1446 1210 1611 1245; x_wconf 74' lang='lat' dir='ltr'>desideras</span> <span class='ocrx_word' id='word_1_368' title='bbox 1634 1211 1663 1245; x_wconf 90' lang='lat' dir='ltr'>in</span> <span class='ocrx_word' id='word_1_369' title='bbox 1687 1211 1869 1245; x_wconf 86' lang='lat' dir='ltr'>huiusmodi</span> <span class='ocrx_word' id='word_1_370' title='bbox 1889 1211 1995 1258; x_wconf 87' lang='lat' dir='ltr'>acqui-</span> 
     </span>
     <span class='ocr_line' id='line_1_72' title="bbox 1245 1260 1993 1307; baseline 0 -13"><span class='ocrx_word' id='word_1_371' title='bbox 1245 1261 1358 1295; x_wconf 81' lang='lat' dir='ltr'>sitione</span> <span class='ocrx_word' id='word_1_372' title='bbox 1392 1261 1533 1295; x_wconf 90' lang='lat' dir='ltr'>omnium</span> <span class='ocrx_word' id='word_1_373' title='bbox 1565 1260 1795 1307; x_wconf 85' lang='lat' dir='ltr'>praedictarum</span> <span class='ocrx_word' id='word_1_374' title='bbox 1822 1261 1993 1295; x_wconf 87' lang='lat' dir='ltr'>insularum</span> 
     </span>
     <span class='ocr_line' id='line_1_73' title="bbox 1245 1310 1995 1357; baseline -0.001 -13"><span class='ocrx_word' id='word_1_375' title='bbox 1245 1323 1403 1357; x_wconf 84' lang='lat' dir='ltr'>exponere</span> <span class='ocrx_word' id='word_1_376' title='bbox 1426 1319 1454 1344; x_wconf 88' lang='lat' dir='ltr'>te</span> <span class='ocrx_word' id='word_1_377' title='bbox 1476 1319 1507 1344; x_wconf 90' lang='lat' dir='ltr'>et</span> <span class='ocrx_word' id='word_1_378' title='bbox 1529 1319 1597 1350; x_wconf 83' lang='lat' dir='ltr'>tna;</span> <span class='ocrx_word' id='word_1_379' title='bbox 1624 1310 1700 1344; x_wconf 90' lang='lat' dir='ltr'>dum</span> <span class='ocrx_word' id='word_1_380' title='bbox 1728 1319 1830 1345; x_wconf 88' lang='lat' dir='ltr'>tamen</span> <span class='ocrx_word' id='word_1_381' title='bbox 1859 1322 1874 1344; x_wconf 86' lang='lat' dir='ltr'>a</span> <span class='ocrx_word' id='word_1_382' title='bbox 1904 1310 1995 1345; x_wconf 83' lang='lat' dir='ltr'>nobis</span> 
     </span>
     <span class='ocr_line' id='line_1_74' title="bbox 1246 1359 1995 1406; baseline 0 -13"><span class='ocrx_word' id='word_1_383' title='bbox 1246 1360 1275 1393; x_wconf 91' lang='lat' dir='ltr'>in</span> <span class='ocrx_word' id='word_1_384' title='bbox 1292 1360 1410 1394; x_wconf 86' lang='lat' dir='ltr'>eisdem</span> <span class='ocrx_word' id='word_1_385' title='bbox 1428 1360 1538 1394; x_wconf 88' lang='lat' dir='ltr'>titulus</span> <span class='ocrx_word' id='word_1_386' title='bbox 1551 1369 1582 1394; x_wconf 85' lang='lat' dir='ltr'>et</span> <span class='ocrx_word' id='word_1_387' title='bbox 1596 1359 1785 1399; x_wconf 77' lang='lat' dir='ltr'>authoritas,</span> <span class='ocrx_word' id='word_1_388' title='bbox 1804 1371 1860 1406; x_wconf 90' lang='lat' dir='ltr'>pro</span> <span class='ocrx_word' id='word_1_389' title='bbox 1879 1359 1995 1406; x_wconf 56' lang='lat' dir='ltr'>quibus</span> 
     </span>
     <span class='ocr_line' id='line_1_75' title="bbox 1246 1409 1995 1456; baseline 0 -13"><span class='ocrx_word' id='word_1_390' title='bbox 1246 1409 1338 1443; x_wconf 86' lang='lat' dir='ltr'>nobis</span> <span class='ocrx_word' id='word_1_391' title='bbox 1373 1409 1533 1444; x_wconf 86' lang='lat' dir='ltr'>humiliter</span> <span class='ocrx_word' id='word_1_392' title='bbox 1555 1409 1758 1456; x_wconf 87' lang='lat' dir='ltr'>supplicasti,</span> <span class='ocrx_word' id='word_1_393' title='bbox 1788 1409 1840 1443; x_wconf 90' lang='lat' dir='ltr'>tibi</span> <span class='ocrx_word' id='word_1_394' title='bbox 1869 1410 1995 1456; x_wconf 85' lang='lat' dir='ltr'>tuisque</span> 
     </span>
     <span class='ocr_line' id='line_1_76' title="bbox 1247 1459 1994 1494; baseline 0.001 -2"><span class='ocrx_word' id='word_1_395' title='bbox 1247 1459 1436 1494; x_wconf 87' lang='lat' dir='ltr'>haeredibus</span> <span class='ocrx_word' id='word_1_396' title='bbox 1451 1468 1481 1493; x_wconf 90' lang='lat' dir='ltr'>et</span> <span class='ocrx_word' id='word_1_397' title='bbox 1496 1459 1738 1494; x_wconf 86' lang='lat' dir='ltr'>successoribus</span> <span class='ocrx_word' id='word_1_398' title='bbox 1760 1466 1820 1493; x_wconf 87' lang='lat' dir='ltr'>tam</span> <span class='ocrx_word' id='word_1_399' title='bbox 1845 1459 1994 1493; x_wconf 65' lang='lat' dir='ltr'>masculis</span> 
     </span>
     <span class='ocr_line' id='line_1_77' title="bbox 1245 1508 1739 1556; baseline 0 -14"><span class='ocrx_word' id='word_1_400' title='bbox 1245 1521 1339 1556; x_wconf 84' lang='lat' dir='ltr'>quam</span> <span class='ocrx_word' id='word_1_401' title='bbox 1368 1509 1514 1543; x_wconf 79' lang='lat' dir='ltr'>foeminis</span> <span class='ocrx_word' id='word_1_402' title='bbox 1537 1508 1739 1543; x_wconf 86' lang='lat' dir='ltr'>concedatur.</span> 
     </span>
    </p>

    <p class='ocr_par' dir='ltr' id='par_1_20' title="bbox 1245 1557 1996 2700">
     <span class='ocr_line' id='line_1_78' title="bbox 1293 1557 1993 1612; baseline 0 -20"><span class='ocrx_word' id='word_1_403' title='bbox 1293 1561 1363 1601; x_wconf 62' lang='lat' dir='ltr'>gi.</span> <span class='ocrx_word' id='word_1_404' title='bbox 1393 1558 1456 1593; x_wconf 81' lang='lat' dir='ltr'>Nos</span> <span class='ocrx_word' id='word_1_405' title='bbox 1480 1558 1576 1604; x_wconf 83' lang='lat' dir='ltr'>igitur</span> <span class='ocrx_word' id='word_1_406' title='bbox 1590 1557 1688 1612; x_wconf 30' lang='lat' dir='ltr'>*pium</span> <span class='ocrx_word' id='word_1_407' title='bbox 1705 1567 1735 1592; x_wconf 92' lang='lat' dir='ltr'>et</span> <span class='ocrx_word' id='word_1_408' title='bbox 1750 1557 1905 1592; x_wconf 87' lang='lat' dir='ltr'>landabile</span> <span class='ocrx_word' id='word_1_409' title='bbox 1920 1569 1993 1605; x_wconf 87' lang='lat' dir='ltr'>pro-</span> 
     </span>
     <span class='ocr_line' id='line_1_79' title="bbox 1247 1607 1992 1654; baseline 0.001 -14"><span class='ocrx_word' id='word_1_410' title='bbox 1247 1608 1396 1654; x_wconf 87' lang='lat' dir='ltr'>positum</span> <span class='ocrx_word' id='word_1_411' title='bbox 1419 1608 1502 1654; x_wconf 89' lang='lat' dir='ltr'>qnod</span> <span class='ocrx_word' id='word_1_412' title='bbox 1528 1616 1556 1641; x_wconf 75' lang='lat' dir='ltr'>te</span> <span class='ocrx_word' id='word_1_413' title='bbox 1590 1607 1619 1640; x_wconf 92' lang='lat' dir='ltr'>in</span> <span class='ocrx_word' id='word_1_414' title='bbox 1644 1607 1693 1641; x_wconf 91' lang='lat' dir='ltr'>his</span> <span class='ocrx_word' id='word_1_415' title='bbox 1720 1607 1836 1642; x_wconf 88' lang='lat' dir='ltr'>habere</span> <span class='ocrx_word' id='word_1_416' title='bbox 1858 1607 1992 1651; x_wconf 83' lang='lat' dir='ltr'>asseris,</span> 
     </span>
     <span class='ocr_line' id='line_1_80' title="bbox 1247 1635 1992 1703; baseline 0 -13"><span class='ocrx_word' id='word_1_417' title='bbox 1247 1657 1416 1703; x_wconf 88' lang='lat' dir='ltr'>plurimum</span> <span class='ocrx_word' id='word_1_418' title='bbox 1447 1657 1476 1691; x_wconf 90' lang='lat' dir='ltr'>in</span> <span class='ocrx_word' id='word_1_419' title='bbox 1499 1656 1638 1691; x_wconf 87' lang='lat' dir='ltr'>Domino</span> <span class='ocrx_word' id='word_1_420' title='bbox 1670 1657 1941 1699; x_wconf 85' lang='lat' dir='ltr'>commendantes,</span> <span class='ocrx_word' id='word_1_421' title='bbox 1963 1635 1992 1691; x_wconf 85' lang='lat' dir='ltr'>ei</span> 
     </span>
     <span class='ocr_line' id='line_1_81' title="bbox 1245 1706 1992 1753; baseline 0 -13"><span class='ocrx_word' id='word_1_422' title='bbox 1245 1707 1411 1753; x_wconf 86' lang='lat' dir='ltr'>cupientes</span> <span class='ocrx_word' id='word_1_423' title='bbox 1435 1715 1466 1740; x_wconf 91' lang='lat' dir='ltr'>ut</span> <span class='ocrx_word' id='word_1_424' title='bbox 1491 1707 1519 1740; x_wconf 88' lang='lat' dir='ltr'>in</span> <span class='ocrx_word' id='word_1_425' title='bbox 1544 1706 1663 1741; x_wconf 85' lang='lat' dir='ltr'>eisdem</span> <span class='ocrx_word' id='word_1_426' title='bbox 1688 1706 1800 1741; x_wconf 89' lang='lat' dir='ltr'>insulis</span> <span class='ocrx_word' id='word_1_427' title='bbox 1820 1706 1992 1741; x_wconf 75' lang='lat' dir='ltr'>orthodoxi</span> 
     </span>
     <span class='ocr_line' id='line_1_82' title="bbox 1247 1755 1992 1803; baseline 0.001 -14"><span class='ocrx_word' id='word_1_428' title='bbox 1247 1755 1323 1790; x_wconf 86' lang='lat' dir='ltr'>lides</span> <span class='ocrx_word' id='word_1_429' title='bbox 1346 1764 1537 1803; x_wconf 81' lang='lat' dir='ltr'>piopagetni</span> <span class='ocrx_word' id='word_1_430' title='bbox 1558 1766 1587 1790; x_wconf 89' lang='lat' dir='ltr'>et</span> <span class='ocrx_word' id='word_1_431' title='bbox 1611 1757 1728 1802; x_wconf 70' lang='lat' dir='ltr'>vigeat,</span> <span class='ocrx_word' id='word_1_432' title='bbox 1751 1756 1920 1803; x_wconf 81' lang='lat' dir='ltr'>cultusque</span> <span class='ocrx_word' id='word_1_433' title='bbox 1941 1756 1992 1790; x_wconf 87' lang='lat' dir='ltr'>di-</span> 
     </span>
     <span class='ocr_line' id='line_1_83' title="bbox 1247 1806 1992 1860; baseline 0.001 -22"><span class='ocrx_word' id='word_1_434' title='bbox 1247 1806 1336 1840; x_wconf 60' lang='lat' dir='ltr'>tinus</span> <span class='ocrx_word' id='word_1_435' title='bbox 1357 1806 1432 1840; x_wconf 91' lang='lat' dir='ltr'>inibi</span> <span class='ocrx_word' id='word_1_436' title='bbox 1456 1806 1651 1844; x_wconf 47' lang='lat' dir='ltr'>obser-giemi</span> <span class='ocrx_word' id='word_1_437' title='bbox 1673 1815 1703 1839; x_wconf 88' lang='lat' dir='ltr'>et</span> <span class='ocrx_word' id='word_1_438' title='bbox 1722 1806 1806 1852; x_wconf 88' lang='lat' dir='ltr'>quod</span> <span class='ocrx_word' id='word_1_439' title='bbox 1831 1818 1892 1860; x_wconf 41' lang='lat' dir='ltr'>per.</span> <span class='ocrx_word' id='word_1_440' title='bbox 1905 1813 1992 1839; x_wconf 85' lang='lat' dir='ltr'>tuum</span> 
     </span>
     <span class='ocr_line' id='line_1_84' title="bbox 1247 1855 1995 1890; baseline 0.003 -2"><span class='ocrx_word' id='word_1_441' title='bbox 1247 1856 1457 1890; x_wconf 86' lang='lat' dir='ltr'>ministerium</span> <span class='ocrx_word' id='word_1_442' title='bbox 1493 1855 1741 1890; x_wconf 79' lang='lat' dir='ltr'>Christianitatis</span> <span class='ocrx_word' id='word_1_443' title='bbox 1768 1855 1893 1890; x_wconf 80' lang='lat' dir='ltr'>termini</span> <span class='ocrx_word' id='word_1_444' title='bbox 1916 1855 1995 1890; x_wconf 90' lang='lat' dir='ltr'>dila-</span> 
     </span>
     <span class='ocr_line' id='line_1_85' title="bbox 1246 1904 1992 1952; baseline 0 -14"><span class='ocrx_word' id='word_1_445' title='bbox 1246 1913 1368 1946; x_wconf 79' lang='lat' dir='ltr'>tentur;</span> <span class='ocrx_word' id='word_1_446' title='bbox 1396 1906 1458 1940; x_wconf 88' lang='lat' dir='ltr'>tuis</span> <span class='ocrx_word' id='word_1_447' title='bbox 1479 1905 1765 1952; x_wconf 71' lang='lat' dir='ltr'>snpplitationilms</span> <span class='ocrx_word' id='word_1_448' title='bbox 1787 1904 1941 1948; x_wconf 78' lang='lat' dir='ltr'>inclinati,</span> <span class='ocrx_word' id='word_1_449' title='bbox 1957 1907 1992 1939; x_wconf 89' lang='lat' dir='ltr'>ad</span> 
     </span>
     <span class='ocr_line' id='line_1_86' title="bbox 1247 1954 1995 2002; baseline 0.001 -15"><span class='ocrx_word' id='word_1_450' title='bbox 1247 1954 1398 1989; x_wconf 87' lang='lat' dir='ltr'>bonorem</span> <span class='ocrx_word' id='word_1_451' title='bbox 1426 1955 1508 1998; x_wconf 66' lang='lat' dir='ltr'>Dei7</span> <span class='ocrx_word' id='word_1_452' title='bbox 1537 1965 1671 2002; x_wconf 81' lang='lat' dir='ltr'>tuaeque</span> <span class='ocrx_word' id='word_1_453' title='bbox 1703 1954 1811 1989; x_wconf 86' lang='lat' dir='ltr'>salutis</span> <span class='ocrx_word' id='word_1_454' title='bbox 1839 1964 1867 1989; x_wconf 87' lang='lat' dir='ltr'>et</span> <span class='ocrx_word' id='word_1_455' title='bbox 1896 1962 1995 1988; x_wconf 78' lang='lat' dir='ltr'>status</span> 
     </span>
     <span class='ocr_line' id='line_1_87' title="bbox 1246 2004 1992 2052; baseline 0.001 -15"><span class='ocrx_word' id='word_1_456' title='bbox 1246 2014 1611 2049; x_wconf 78' lang='lat' dir='ltr'>augumentum,omues</span> <span class='ocrx_word' id='word_1_457' title='bbox 1635 2004 1809 2052; x_wconf 80' lang='lat' dir='ltr'>praedictas</span> <span class='ocrx_word' id='word_1_458' title='bbox 1833 2004 1950 2038; x_wconf 86' lang='lat' dir='ltr'>insulas</span> <span class='ocrx_word' id='word_1_459' title='bbox 1965 2014 1992 2038; x_wconf 82' lang='lat' dir='ltr'>et</span> 
     </span>
     <span class='ocr_line' id='line_1_88' title="bbox 1246 2054 1992 2102; baseline 0.001 -15"><span class='ocrx_word' id='word_1_460' title='bbox 1246 2067 1352 2089; x_wconf 89' lang='lat' dir='ltr'>earnm</span> <span class='ocrx_word' id='word_1_461' title='bbox 1367 2055 1553 2102; x_wconf 79' lang='lat' dir='ltr'>quamlibet</span> <span class='ocrx_word' id='word_1_462' title='bbox 1568 2055 1771 2089; x_wconf 89' lang='lat' dir='ltr'>dummodo</span> <span class='ocrx_word' id='word_1_463' title='bbox 1765 2067 1793 2088; x_wconf 91' lang='grc' dir='ltr'>ιιι</span> <span class='ocrx_word' id='word_1_464' title='bbox 1817 2054 1862 2088; x_wconf 88' lang='lat' dir='ltr'>eis</span> <span class='ocrx_word' id='word_1_465' title='bbox 1877 2066 1938 2088; x_wconf 90' lang='lat' dir='ltr'>non</span> <span class='ocrx_word' id='word_1_466' title='bbox 1955 2055 1992 2088; x_wconf 86' lang='lat' dir='ltr'>sii</span> 
     </span>
     <span class='ocr_line' id='line_1_89' title="bbox 1246 2104 1992 2159; baseline -0.001 -20.989"><span class='ocrx_word' id='word_1_467' title='bbox 1246 2105 1338 2138; x_wconf 81' lang='lat' dir='ltr'>ilicui</span> <span class='ocrx_word' id='word_1_468' title='bbox 1355 2104 1525 2139; x_wconf 82' lang='lat' dir='ltr'>christiano</span> <span class='ocrx_word' id='word_1_469' title='bbox 1547 2104 1754 2151; x_wconf 68' lang='lat' dir='ltr'>specialiter</span> <span class='ocrx_word' id='word_1_470' title='bbox 1750 2116 1797 2137; x_wconf 78' lang='lat' dir='ltr'>ins</span> <span class='ocrx_word' id='word_1_471' title='bbox 1815 2105 1992 2159; x_wconf 84' lang='lat' dir='ltr'>quaesitum</span> 
     </span>
     <span class='ocr_line' id='line_1_90' title="bbox 1248 2153 1993 2202; baseline 0.001 -15"><span class='ocrx_word' id='word_1_472' title='bbox 1248 2154 1276 2187; x_wconf 86' lang='lat' dir='ltr'>in</span> <span class='ocrx_word' id='word_1_473' title='bbox 1300 2154 1449 2188; x_wconf 83' lang='lat' dir='ltr'>omnibus</span> <span class='ocrx_word' id='word_1_474' title='bbox 1477 2154 1599 2189; x_wconf 76' lang='lat' dir='ltr'>iuribus</span> <span class='ocrx_word' id='word_1_475' title='bbox 1627 2163 1655 2188; x_wconf 79' lang='lat' dir='ltr'>et</span> <span class='ocrx_word' id='word_1_476' title='bbox 1681 2153 1879 2202; x_wconf 71' lang='lat' dir='ltr'>pertintntiis</span> <span class='ocrx_word' id='word_1_477' title='bbox 1903 2154 1993 2192; x_wconf 76' lang='lat' dir='ltr'>suis</span> 
     </span>
     <span class='ocr_line' id='line_1_91' title="bbox 1247 2204 1994 2252; baseline 0 -15"><span class='ocrx_word' id='word_1_478' title='bbox 1247 2216 1280 2237; x_wconf 67' lang='grc' dir='ltr'>,ιν</span> <span class='ocrx_word' id='word_1_479' title='bbox 1310 2216 1429 2238; x_wconf 80' lang='lat' dir='ltr'>merum</span> <span class='ocrx_word' id='word_1_480' title='bbox 1446 2214 1474 2238; x_wconf 78' lang='grc' dir='ltr'>(ι</span> <span class='ocrx_word' id='word_1_481' title='bbox 1492 2205 1623 2238; x_wconf 85' lang='lat' dir='ltr'>mixtum</span> <span class='ocrx_word' id='word_1_482' title='bbox 1654 2204 1822 2252; x_wconf 84' lang='lat' dir='ltr'>imperium</span> <span class='ocrx_word' id='word_1_483' title='bbox 1845 2212 1875 2237; x_wconf 92' lang='lat' dir='ltr'>et</span> <span class='ocrx_word' id='word_1_484' title='bbox 1895 2204 1994 2238; x_wconf 78' lang='lat' dir='ltr'>inris-</span> 
     </span>
     <span class='ocr_line' id='line_1_92' title="bbox 1247 2252 1993 2301; baseline 0.001 -16"><span class='ocrx_word' id='word_1_485' title='bbox 1247 2253 1418 2288; x_wconf 75' lang='lat' dir='ltr'>dictionem</span> <span class='ocrx_word' id='word_1_486' title='bbox 1458 2254 1673 2288; x_wconf 87' lang='lat' dir='ltr'>omnimodam</span> <span class='ocrx_word' id='word_1_487' title='bbox 1715 2252 1920 2301; x_wconf 81' lang='lat' dir='ltr'>temporalem</span> <span class='ocrx_word' id='word_1_488' title='bbox 1964 2254 1993 2287; x_wconf 87' lang='lat' dir='ltr'>in</span> 
     </span>
     <span class='ocr_line' id='line_1_93' title="bbox 1247 2303 1994 2350; baseline 0 -15"><span class='ocrx_word' id='word_1_489' title='bbox 1247 2303 1366 2338; x_wconf 80' lang='lat' dir='ltr'>eisdem</span> <span class='ocrx_word' id='word_1_490' title='bbox 1390 2305 1574 2338; x_wconf 80' lang='lat' dir='ltr'>auctoritate</span> <span class='ocrx_word' id='word_1_491' title='bbox 1606 2303 1776 2350; x_wconf 87' lang='lat' dir='ltr'>apostolica</span> <span class='ocrx_word' id='word_1_492' title='bbox 1805 2315 1839 2337; x_wconf 84' lang='lat' dir='ltr'>ac</span> <span class='ocrx_word' id='word_1_493' title='bbox 1867 2304 1994 2338; x_wconf 73' lang='lat' dir='ltr'>nomini·</span> 
     </span>
     <span class='ocr_line' id='line_1_94' title="bbox 1249 2352 1993 2389; baseline 0.003 -4"><span class='ocrx_word' id='word_1_494' title='bbox 1249 2363 1355 2387; x_wconf 84' lang='lat' dir='ltr'>nostro</span> <span class='ocrx_word' id='word_1_495' title='bbox 1382 2362 1410 2387; x_wconf 77' lang='lat' dir='ltr'>et</span> <span class='ocrx_word' id='word_1_496' title='bbox 1439 2366 1656 2389; x_wconf 80' lang='lat' dir='ltr'>successorum</span> <span class='ocrx_word' id='word_1_497' title='bbox 1677 2362 1855 2387; x_wconf 86' lang='lat' dir='ltr'>nostrornm</span> <span class='ocrx_word' id='word_1_498' title='bbox 1875 2352 1993 2387; x_wconf 86' lang='lat' dir='ltr'>Roma-</span> 
     </span>
     <span class='ocr_line' id='line_1_95' title="bbox 1249 2402 1995 2450; baseline 0 -15"><span class='ocrx_word' id='word_1_499' title='bbox 1249 2415 1358 2437; x_wconf 85' lang='lat' dir='ltr'>norum</span> <span class='ocrx_word' id='word_1_500' title='bbox 1385 2403 1572 2439; x_wconf 78' lang='lat' dir='ltr'>Pontificum</span> <span class='ocrx_word' id='word_1_501' title='bbox 1587 2412 1617 2437; x_wconf 88' lang='lat' dir='ltr'>et</span> <span class='ocrx_word' id='word_1_502' title='bbox 1634 2404 1733 2450; x_wconf 83' lang='lat' dir='ltr'>ipsius</span> <span class='ocrx_word' id='word_1_503' title='bbox 1753 2402 1911 2438; x_wconf 79' lang='lat' dir='ltr'>Ecclesiae</span> <span class='ocrx_word' id='word_1_504' title='bbox 1928 2402 1995 2437; x_wconf 77' lang='lat' dir='ltr'>Ro-</span> 
     </span>
     <span class='ocr_line' id='line_1_96' title="bbox 1248 2453 1995 2493; baseline 0 -8"><span class='ocrx_word' id='word_1_505' title='bbox 1248 2465 1370 2493; x_wconf 87' lang='lat' dir='ltr'>manae,</span> <span class='ocrx_word' id='word_1_506' title='bbox 1394 2454 1446 2487; x_wconf 91' lang='lat' dir='ltr'>tibi</span> <span class='ocrx_word' id='word_1_507' title='bbox 1470 2464 1499 2489; x_wconf 86' lang='lat' dir='ltr'>et</span> <span class='ocrx_word' id='word_1_508' title='bbox 1527 2453 1717 2488; x_wconf 86' lang='lat' dir='ltr'>haeredibus</span> <span class='ocrx_word' id='word_1_509' title='bbox 1739 2453 1800 2487; x_wconf 85' lang='lat' dir='ltr'>tuis</span> <span class='ocrx_word' id='word_1_510' title='bbox 1821 2461 1851 2486; x_wconf 80' lang='lat' dir='ltr'>et</span> <span class='ocrx_word' id='word_1_511' title='bbox 1867 2464 1995 2487; x_wconf 84' lang='lat' dir='ltr'>succes-</span> 
     </span>
     <span class='ocr_line' id='line_1_97' title="bbox 1247 2502 1996 2550; baseline 0.001 -15"><span class='ocrx_word' id='word_1_512' title='bbox 1247 2502 1372 2537; x_wconf 76' lang='lat' dir='ltr'>soribus</span> <span class='ocrx_word' id='word_1_513' title='bbox 1399 2503 1559 2538; x_wconf 81' lang='lat' dir='ltr'>catholicis</span> <span class='ocrx_word' id='word_1_514' title='bbox 1586 2516 1620 2538; x_wconf 86' lang='lat' dir='ltr'>ac</span> <span class='ocrx_word' id='word_1_515' title='bbox 1648 2502 1795 2550; x_wconf 75' lang='lat' dir='ltr'>legitimis</span> <span class='ocrx_word' id='word_1_516' title='bbox 1821 2510 1848 2536; x_wconf 87' lang='lat' dir='ltr'>et</span> <span class='ocrx_word' id='word_1_517' title='bbox 1875 2503 1904 2537; x_wconf 92' lang='lat' dir='ltr'>in</span> <span class='ocrx_word' id='word_1_518' title='bbox 1933 2502 1996 2536; x_wconf 87' lang='lat' dir='ltr'>de—</span> 
     </span>
     <span class='ocr_line' id='line_1_98' title="bbox 1249 2552 1996 2600; baseline 0.001 -15"><span class='ocrx_word' id='word_1_519' title='bbox 1249 2552 1372 2586; x_wconf 73' lang='lat' dir='ltr'>iotione</span> <span class='ocrx_word' id='word_1_520' title='bbox 1401 2554 1500 2600; x_wconf 81' lang='lat' dir='ltr'>ipsius</span> <span class='ocrx_word' id='word_1_521' title='bbox 1536 2553 1695 2587; x_wconf 86' lang='lat' dir='ltr'>Romanae</span> <span class='ocrx_word' id='word_1_522' title='bbox 1719 2552 1877 2587; x_wconf 80' lang='lat' dir='ltr'>Ecclesiae</span> <span class='ocrx_word' id='word_1_523' title='bbox 1903 2554 1996 2599; x_wconf 85' lang='lat' dir='ltr'>persi-</span> 
     </span>
     <span class='ocr_line' id='line_1_99' title="bbox 1249 2602 1994 2650; baseline 0.001 -16"><span class='ocrx_word' id='word_1_524' title='bbox 1249 2603 1511 2645; x_wconf 71' lang='lat' dir='ltr'>suntilms,1a1n</span> <span class='ocrx_word' id='word_1_525' title='bbox 1538 2603 1686 2638; x_wconf 81' lang='lat' dir='ltr'>misculis</span> <span class='ocrx_word' id='word_1_526' title='bbox 1708 2615 1802 2650; x_wconf 86' lang='lat' dir='ltr'>qnam</span> <span class='ocrx_word' id='word_1_527' title='bbox 1827 2602 1994 2641; x_wconf 84' lang='lat' dir='ltr'>loeminis</span> 
     </span>
     <span class='ocr_line' id='line_1_100' title="bbox 1249 2652 1994 2700; baseline 0.003 -17"><span class='ocrx_word' id='word_1_528' title='bbox 1249 2652 1277 2684; x_wconf 90' lang='lat' dir='ltr'>in</span> <span class='ocrx_word' id='word_1_529' title='bbox 1294 2652 1422 2687; x_wconf 81' lang='lat' dir='ltr'>sendum</span> <span class='ocrx_word' id='word_1_530' title='bbox 1449 2660 1648 2700; x_wconf 82' lang='lat' dir='ltr'>peipetnum</span> <span class='ocrx_word' id='word_1_531' title='bbox 1672 2652 1710 2686; x_wconf 82' lang='lat' dir='ltr'>de</span> <span class='ocrx_word' id='word_1_532' title='bbox 1726 2652 1854 2686; x_wconf 78' lang='lat' dir='ltr'>lratinm</span> <span class='ocrx_word' id='word_1_533' title='bbox 1872 2660 1994 2686; x_wconf 87' lang='lat' dir='ltr'>nostro-</span> 
     </span>
    </p>
   </div>
   <div class='ocr_carea' id='block_1_18' title="bbox 2016 358 2189 381">
    <p class='ocr_par' dir='ltr' id='par_1_21' title="bbox 2016 358 2189 381">
     <span class='ocr_line' id='line_1_101' title="bbox 2016 358 2189 381; baseline 0.006 -3.032"><span class='ocrx_word' id='word_1_534' title='bbox 2016 365 2038 378; x_wconf 91' lang='grc' dir='ltr'>ιι</span> <span class='ocrx_word' id='word_1_535' title='bbox 2030 358 2074 378; x_wconf 67' lang='lat' dir='ltr'>›iulai</span> <span class='ocrx_word' id='word_1_536' title='bbox 2069 365 2120 381; x_wconf 79' lang='lat' dir='ltr'>rium</span> <span class='ocrx_word' id='word_1_537' title='bbox 2145 363 2189 379; x_wconf 75' lang='lat' dir='ltr'>sti·-</span> 
     </span>
    </p>
   </div>
   <div class='ocr_carea' id='block_1_19' title="bbox 2024 1569 2193 1591">
    <p class='ocr_par' dir='ltr' id='par_1_22' title="bbox 2024 1569 2193 1591">
     <span class='ocr_line' id='line_1_102' title="bbox 2024 1569 2193 1591; baseline 0 -1"><span class='ocrx_word' id='word_1_538' title='bbox 2024 1569 2128 1590; x_wconf 61' lang='lat' dir='ltr'>Limum-0</span> <span class='ocrx_word' id='word_1_539' title='bbox 2167 1571 2193 1591; x_wconf 69' lang='grc' dir='ltr'>Δ.</span> 
     </span>
    </p>
   </div>
   <div class='ocr_carea' id='block_1_20' title="bbox 2010 1601 2192 1628">
    <p class='ocr_par' dir='ltr' id='par_1_23' title="bbox 2010 1601 2192 1628">
     <span class='ocr_line' id='line_1_103' title="bbox 2010 1601 2192 1628; baseline 0.005 -7"><span class='ocrx_word' id='word_1_540' title='bbox 2010 1601 2032 1621; x_wconf 70' lang='lat' dir='ltr'>tt·</span> <span class='ocrx_word' id='word_1_541' title='bbox 2028 1603 2109 1628; x_wconf 69' lang='lat' dir='ltr'>ispania</span> <span class='ocrx_word' id='word_1_542' title='bbox 2139 1608 2192 1622; x_wconf 61' lang='lat' dir='ltr'>con&lt;</span> 
     </span>
    </p>
   </div>
   <div class='ocr_carea' id='block_1_21' title="bbox 2009 1638 2192 1653">
    <p class='ocr_par' dir='ltr' id='par_1_24' title="bbox 2009 1638 2192 1653">
     <span class='ocr_line' id='line_1_104' title="bbox 2009 1638 2192 1653; baseline 0.006 -1.076"><span class='ocrx_word' id='word_1_543' title='bbox 2009 1638 2044 1652; x_wconf 62' lang='lat' dir='ltr'>tes</span> <span class='ocrx_word' id='word_1_544' title='bbox 2048 1638 2082 1652; x_wconf 57' lang='lat'>56¹8</span> <span class='ocrx_word' id='word_1_545' title='bbox 2093 1639 2138 1653; x_wconf 66' lang='lat' dir='ltr'>&#39;Eum</span> <span class='ocrx_word' id='word_1_546' title='bbox 2146 1638 2192 1653; x_wconf 60' lang='lat' dir='ltr'>nle-</span> 
     </span>
    </p>
   </div>
   <div class='ocr_carea' id='block_1_22' title="bbox 2009 1665 2192 1684">
    <p class='ocr_par' dir='ltr' id='par_1_25' title="bbox 2009 1665 2192 1684">
     <span class='ocr_line' id='line_1_105' title="bbox 2009 1665 2192 1684; baseline -0.005 0"><span class='ocrx_word' id='word_1_547' title='bbox 2009 1671 2031 1684; x_wconf 86' lang='lat' dir='ltr'>ro</span> <span class='ocrx_word' id='word_1_548' title='bbox 2041 1668 2062 1684; x_wconf 83' lang='lat' dir='ltr'>et</span> <span class='ocrx_word' id='word_1_549' title='bbox 2078 1668 2140 1684; x_wconf 75' lang='lat' dir='ltr'>muto</span> <span class='ocrx_word' id='word_1_550' title='bbox 2152 1665 2192 1684; x_wconf 81' lang='lat' dir='ltr'>iin-</span> 
     </span>
    </p>
   </div>
   <div class='ocr_carea' id='block_1_23' title="bbox 2016 1697 2075 1715">
    <p class='ocr_par' dir='ltr' id='par_1_26' title="bbox 2016 1697 2075 1715">
     <span class='ocr_line' id='line_1_106' title="bbox 2016 1697 2075 1715; baseline 0 0"><span class='ocrx_word' id='word_1_551' title='bbox 2016 1697 2075 1715; x_wconf 67' lang='lat' dir='ltr'>neria.</span> 
     </span>
    </p>
   </div>
  </div>
 </body>
</html>
