2274 3265
116 263 164 288 An.
187 262 217 290 C.
232 263 297 290 1517

124 957 239 985 Unicuique
263 959 293 978 nui

108 989 295 1013 assignanturred—

109 1020 172 1040 ditus.

116 2342 267 2364 lienem-§orum

102 2375 188 2394 ‹uttam›
200 2375 246 2394 ,ΝἊΛΙ
262 2376 286 2394 ὶ-

103 2409 225 2430 μυῑῑ.ι·υιῐιι
237 2411 287 2425 teni*

102 2442 152 2462 pone
188 2444 286 2457 ιεῑιῑιἫιἡ

815 264 952 287 tatum-:s
979 264 1034 286 xxt
1057 255 1164 296 (dictus
1192 257 1273 295 xxti)
1302 267 1349 289 rt».

312 316 448 352 dioecesi
457 318 625 354 Tbolosan.
638 321 775 363 fuerunt,
784 333 856 355 cum
865 333 898 355 ea
905 334 972 354 rum
984 321 1069 354 dioe-

311 366 451 411 cesibus,
472 369 723 408 canonicatibus,
738 369 883 415 collegiis
898 370 961 403 sive
979 370 1067 416 eapi-

313 415 386 451 tulis
412 429 428 451 a
456 417 688 461 iurisdictione,
707 427 859 466 potestate
882 430 918 452 ac
941 418 1068 453 subiec-

312 466 397 500 tione
419 478 619 514 quacumque
642 467 861 502 Bituriceu‘.et
883 467 1063 501 Narbonen.

311 515 622 563 archiepiscoporum
638 528 674 551 ac
686 516 855 551 Catnrceu.
865 517 1064 563 etqnondam

311 563 481 599 Tliolosan.
496 566 732 612 episcoporum,
741 565 949 612 capitulorum
960 567 1065 605 etiam,

311 613 460 648 abbatum
482 622 577 662 atque
602 623 816 649 conventuum
840 623 870 649 et
888 615 1066 650 ordinario-

312 675 380 697 rum
409 663 622 710 quorumlibet
636 672 667 697 et
688 664 818 698 aliarum
839 664 1065 706 Ecclesiarum,

311 712 427 759 quibus
454 713 693 759 quomodolibet
720 714 847 748 fuerunt
874 714 935 748 ltuc
965 727 1065 761 usque

311 761 676 801 subiectae,auetoritate
687 764 1065 811 praesentiumperpetuo

309 811 504 854 eximentes,
536 811 574 845 de
607 813 839 858 praedictorum
870 813 1004 848 consilio
1035 821 1065 847 et

309 860 509 907 plenitudine
532 862 705 907 potestatis.

357 913 373 952 ἓ
396 912 428 943 7.
451 908 498 944 De
521 909 612 945 bonis
633 920 750 951 autem,
774 911 968 951 redditibus,
993 924 1065 958 pro-

310 959 455 993 ventibus
476 967 505 993 et
525 959 646 994 iuribus
665 960 738 994 dicti
755 960 914 1007 quondam
939 961 1064 1008 episco-

308 1007 579 1054 patusTltolosan.
594 1009 651 1056 ipsi
672 1010 800 1044 Tbolos.
827 1010 935 1045 decem
957 1010 1063 1054 mittia,

307 1065 337 1092 et
359 1058 492 1104 singulis
510 1058 578 1093 aliis
597 1059 766 1105 praedietis
780 1059 944 1103 Ecclesiis,
961 1059 1064 1106 Appa-

307 1106 443 1142 miarum
467 1117 610 1155 excepta,
638 1109 688 1143 cui
709 1108 747 1142 de
770 1109 848 1155 ipsis
870 1109 975 1148 bonis,
992 1109 1063 1142 red-

306 1155 434 1195 ditibus,
465 1156 669 1203 proventibus
691 1166 722 1192 et
747 1157 868 1192 int-ibus
893 1158 971 1191 ultra
1001 1158 1061 1197 illa,

305 1216 385 1251 quae
407 1205 523 1241 habere
545 1206 754 1253 dignoscitur,
778 1215 894 1241 certam
918 1207 1060 1252 assigna-

306 1254 409 1289 bimus
445 1255 621 1302 portionem
636 1257 753 1290 nostris
779 1257 848 1290 aliis
877 1256 988 1289 litteris
1011 1256 1061 1289 di·-

304 1304 546 1349 stinguendam,
575 1305 711 1351 siugulis
732 1305 876 1352 quinque
899 1305 995 1339 millia
1021 1305 1061 1338 li-

305 1352 430 1388 brarum
454 1353 573 1388 Turon.
590 1354 687 1388 annui
700 1362 731 1388 et
746 1354 887 1401 perpetui
905 1353 1060 1394 redditus,

303 1414 384 1448 quae
415 1403 544 1449 quidem
579 1404 748 1450 unicuique
777 1404 898 1438 illarum
927 1404 1060 1450 suisque

305 1451 539 1497 pontificalibus
575 1452 728 1499 dignitate
755 1465 790 1487 ac
817 1465 913 1487 onere
942 1461 970 1486 et
999 1453 1061 1487 cir-

303 1502 503 1536 cumstantiis
528 1501 599 1536 aliis
627 1510 745 1536 attente
773 1503 911 1549 pensatis
944 1502 1059 1537 debere

302 1550 450 1586 sufficere
475 1551 622 1595 vidimus,
638 1560 762 1598 praeter
776 1552 920 1586 redditus
933 1559 961 1586 et
984 1564 1060 1598 pro-

304 1608 415 1634 ventus
442 1608 472 1634 et
500 1601 591 1644 iura,
614 1613 695 1648 quae
727 1600 765 1636 ad
795 1602 969 1648 praedictas
1003 1601 1061 1636 Ec-

302 1648 412 1685 clesias
439 1658 470 1684 et
498 1659 672 1685 conventus
694 1662 802 1685 earum
831 1659 922 1685 antea
955 1651 1058 1697 perti-

303 1698 442 1742 nebant,
464 1699 504 1734 de
538 1699 653 1747 quibus
684 1700 720 1734 ad
757 1700 910 1735 bonorem
942 1700 997 1734 Dei
1030 1709 1059 1734 et

302 1748 441 1795 ipsarum
470 1748 685 1784 Ecclesiarum
715 1750 918 1784 commodum
955 1750 1059 1783 inten-

301 1797 409 1832 dimus
430 1797 578 1833 ordinare
600 1811 635 1833 ex
655 1810 750 1839 nunc,
770 1800 954 1834 auctoritate
975 1811 1061 1846 prae-

300 1847 402 1891 dicta,
424 1856 454 1881 et
476 1848 514 1881 de
543 1849 676 1882 consilio
698 1861 734 1883 ac
761 1849 960 1895 plenitudine
983 1861 1059 1882 me—

302 1897 448 1937 rneram,
476 1897 697 1936 concedimus,
725 1899 882 1932 donamus
909 1906 938 1932 et
964 1898 1057 1932 etiam

301 1945 494 1992 deputamus
534 1947 735 1993 percipienda
772 1947 964 1993 integraliter
1004 1960 1058 1994 per

303 1995 441 2041 ipsarum
473 1996 687 2030 Ecclesiarum
719 1998 900 2043 praesules,
924 1997 977 2043 qui
1003 2009 1058 2043 pro

301 2053 441 2091 tempore
469 2045 597 2089 fuerint,
618 2046 647 2080 in
666 2046 760 2081 rebus
782 2054 810 2080 et
835 2046 911 2081 loeis
929 2046 1058 2080 cuilibet

301 2094 401 2139 magis
422 2094 643 2129 adiacentibus
657 2104 685 2129 et
704 2095 815 2130 vicinis
835 2096 919 2130 iuxta
943 2095 1058 2129 distin-

299 2143 438 2178 ctionem
464 2153 493 2178 et
517 2144 738 2179 limitationem
771 2145 967 2179 dioecesium
992 2145 1059 2178 sin-

300 2192 472 2237 gularum,
507 2205 562 2240 per
594 2195 672 2229 alias
708 2202 831 2229 nostras
872 2196 976 2229 literas
1012 2194 1058 2229 fa-

299 2242 456 2277 ciendam.

349 2292 369 2337 g
396 2294 428 2326 8.
461 2292 590 2327 Interim
614 2301 736 2338 autem,
764 2294 968 2329 distinctione
999 2306 1055 2329 seu

301 2341 487 2376 limitatione
511 2342 668 2389 praedicta
693 2343 867 2390 pendente,
892 2344 1057 2388 volumus,

301 2391 386 2437 quod
414 2403 524 2426 eorum
548 2392 681 2438 quilibet
703 2405 858 2427 summam
876 2405 955 2428 reum
980 2406 1057 2428 con-

302 2443 476 2487 tingentem
507 2453 563 2487 pro
586 2449 648 2475 rata
670 2443 821 2489 pereipiat
840 2444 1002 2478 annuatim
1017 2443 1056 2477 de

303 2490 395 2525 bonis
423 2490 596 2525 redditibus
622 2500 651 2524 et
676 2491 798 2525 iuribus
817 2493 983 2527 antedictis
1003 2505 1057 2539 per

302 2553 415 2574 manus
436 2553 546 2574 eorum
570 2553 650 2587 quos
678 2541 714 2575 ad
740 2541 768 2574 id
788 2541 982 2587 providimus
1000 2542 1057 2575 de-

302 2590 477 2635 putandos:
503 2590 665 2624 residuum
690 2603 762 2624 vero
785 2591 963 2634 bonorum,
978 2592 1056 2626 red-

300 2638 424 2674 dituum
448 2649 477 2674 et
494 2648 702 2687 proventuum
727 2650 755 2675 et
770 2640 884 2674 ini-inm
902 2641 1056 2687 ipsorum,

1740 259 1811 291 247

1110 321 1193 367 quod
1218 322 1295 356 facta
1323 323 1361 355 de
1391 323 1452 357 illis
1470 351 1477 363 ,
1501 332 1534 358 ut
1557 326 1767 371 praemissum
1792 335 1862 370 est,

1109 371 1322 416 assignatione
1349 374 1516 418 supererit,
1541 386 1598 408 nec
1626 387 1687 409 non
1713 375 1864 410 iurisdic-

1110 419 1225 453 tionem
1250 421 1454 466 temporalem
1486 430 1516 456 et
1538 424 1734 470 spiritualem
1751 452 1759 467 ,
1782 437 1862 472 quae

1108 468 1145 502 ad
1174 468 1293 503 dictum
1322 471 1480 516 quondam
1505 473 1719 519 episcopatum
1742 474 1863 509 Tholo-

1109 530 1220 552 sanum
1244 531 1346 566 usque
1367 519 1404 553 ad
1422 528 1548 568 tempus
1563 521 1729 557 divisionis
1752 524 1864 558 buius-

1110 568 1191 601 modi
1217 568 1405 614 pertinebat,
1419 578 1447 604 et
1462 582 1570 616 quam,
1585 572 1786 607 distinctione
1807 585 1862 608 seu

1109 616 1295 652 limitatione
1323 626 1477 665 praetacta
1511 620 1688 666 pendente,
1712 622 1864 656 faciemus

1109 678 1164 713 per
1191 667 1321 702 idoneas
1347 669 1486 704 exerceri
1512 681 1673 716 personas,
1690 683 1725 705 ae
1741 670 1863 706 beneti-

1107 716 1153 749 eia
1176 717 1280 751 omnia
1309 718 1544 762 ecclesiastica,
1573 720 1695 754 etiamsi
1724 720 1864 767 dignita-

1107 774 1164 804 tes,
1189 776 1377 813 personatus
1393 768 1438 802 vel
1461 767 1560 803 officia
1582 770 1730 814 existant,
1752 773 1796 815 (1)
1814 772 1863 811 iis,

1106 815 1143 849 ad
1171 828 1252 862 quae
1285 817 1330 851 vel
1358 830 1438 864 quos
1467 830 1521 865 per
1551 819 1735 854 electionem
1766 832 1864 855 assu-

1107 865 1216 904 mitur,
1239 874 1269 900 et
1293 866 1322 900 in
1345 866 1463 914 quibus
1486 868 1530 902 vel
1554 868 1592 903 ad
1616 881 1698 916 quae
1719 871 1865 905 auctori-

1107 921 1167 949 tate
1196 915 1369 950 litterarum
1401 918 1646 964 apostolicarum
1679 918 1772 954 alicui
1807 932 1863 954 seu

1105 963 1264 1011 aliquibus
1291 965 1340 1000 ins
1362 974 1407 1000 est
1423 967 1548 1014 aliquod
1569 968 1775 1016 acquisitum,
1791 970 1864 1016 qui-

1106 1012 1164 1047 bus
1189 1026 1243 1060 per
1266 1014 1295 1049 id
1317 1016 1438 1050 nullum
1463 1017 1608 1052 volumus
1631 1018 1862 1065 praeiudicium

1104 1064 1261 1108 generari,
1276 1064 1461 1100 vacantibus
1472 1078 1556 1101 nunc
1570 1067 1643 1101 etin
1658 1075 1749 1102 antea
1762 1080 1863 1115 usque

1105 1112 1140 1145 ad
1166 1112 1402 1149 distinctionem
1434 1115 1480 1150 vel
1515 1116 1735 1152 limitationem
1771 1129 1862 1164 prae-

1104 1161 1260 1196 dictarum
1286 1163 1480 1203 dioecesum,
1495 1165 1525 1199 in
1542 1165 1665 1200 civitate
1678 1166 1862 1211 Tholosan.,

1104 1210 1251 1258 dictaque
1276 1213 1436 1259 quondam
1464 1214 1601 1249 dioecesi
1626 1216 1779 1256 vacantia,
1795 1216 1864 1250 dis-

1105 1260 1249 1304 positioni
1269 1270 1405 1306 nostrae,
1428 1275 1463 1298 ac
1483 1263 1576 1298 Sedis
1589 1264 1802 1312 Apostolicae,
1825 1266 1863 1300 de

1105 1308 1233 1343 fratrum
1270 1319 1453 1347 nostrornm
1483 1313 1618 1348 consilio
1652 1325 1861 1349 reservamus.

1151 1358 1171 1404 g
1199 1362 1230 1392 9.
1255 1359 1341 1394 Haec
1365 1361 1471 1406 igitur,
1493 1370 1546 1396 etc.

1152 1408 1267 1442 Datum
1286 1410 1441 1444 Avenioni
1457 1412 1569 1458 quinto
1593 1411 1664 1446 idus
1681 1411 1760 1456 iulii,
1774 1425 1862 1460 pon-

1104 1456 1243 1491 tificatus
1266 1460 1362 1494 nostri
1388 1472 1471 1494 anno
1494 1461 1607 1507 primo.

1160 1514 1220 1544 Dat.
1241 1515 1288 1545 die
1309 1516 1339 1545 vll
1365 1517 1428 1546 iulii
1453 1517 1540 1554 1317,
1564 1518 1664 1558 pontif.
1686 1528 1763 1548 anno
1783 1528 1802 1548 t.

1449 1650 1516 1685 Vtt.

1105 1711 1223 1745 Divisio
1239 1714 1430 1759 episcopatus
1444 1715 1610 1748 pictavien.
1624 1727 1660 1748 ae
1676 1715 1856 1749 Malleacen.

1150 1770 1175 1795 ec
1203 1764 1377 1798 Lincom'en.
1404 1765 1609 1798 Ecclesiarum
1629 1765 1748 1798 ordinis
1761 1766 1861 1798 sam-ei

1154 1813 1312 1846 Benedicti
1349 1814 1381 1847 in
1414 1815 1601 1848 cathedrales
1640 1815 1790 1848 Ecclest'as
1828 1827 1859 1848 e·-

1148 1863 1241 1895 rectio
1270 1863 1326 1905 (2).

1372 1932 1588 1962 SUthttttJtt

1105 1994 1127 2022 1.
1143 1993 1255 2023 Causae
1274 1995 1429 2025 divisionis
1449 2001 1475 2025 et
1493 1996 1660 2025 erectionis.
1679 2012 1718 2018 -
1738 1995 1857 2025 Divisio.

1139 2051 1178 2055 —-
1194 2034 1221 2069 2,
1244 2035 1270 2063 3.
1293 2034 1369 2064 Nova
1391 2036 1508 2065 eret-tio.
1527 2052 1566 2057 —-
1584 2035 1761 2065 Reddituum
1785 2035 1858 2064 assi-

1141 2076 1250 2111 gnatio.
1267 2091 1306 2096 —
1327 2074 1446 2105 Divisio.

1162 2140 1276 2169 loannes
1294 2141 1435 2177 episcopus
1455 2148 1551 2170 servus
1576 2148 1716 2170 servorum
1737 2141 1793 2174 nei.

1235 2190 1268 2218 ad
1293 2192 1453 2226 perpetuam
1477 2190 1518 2219 rei
1548 2190 1718 2220 memoriam.

1148 2252 1291 2287 Salvator
1312 2262 1430 2298 noster,
1458 2261 1510 2288 etc.

1149 2303 1168 2347 ἓ
1193 2305 1223 2336 «1.
1244 2303 1328 2337 Sane.
1345 2303 1583 2338 considerantes
1596 2303 1746 2337 attentius
1759 2310 1789 2336 et
1806 2302 1855 2337 in-
1883 2316 1962 2336 effusae
2000 2317 2057 2336 αω-

1869 2349 1935 2368 sionis
1960 2351 1981 2368 et
2005 2354 2055 2368 ere-

1869 2381 1954 2399 ettonis.

1100 2360 1143 2386 tra
1156 2348 1307 2399 ‘pectoris
1325 2353 1458 2387 claustra
1488 2352 1692 2387 meditatione
1721 2352 1853 2386 sollicita

1101 2403 1305 2445 revolventes,
1322 2403 1405 2449 quod
1430 2403 1460 2436 in
1478 2410 1559 2436 tanta
1578 2402 1779 2436 multitudine
1795 2413 1855 2448 po-

1101 2452 1184 2497 puli,
1213 2460 1329 2498 quanta
1359 2452 1555 2486 foecundavit
1572 2451 1755 2486 Altissimus
1777 2452 1855 2485 civi-

1100 2510 1192 2535 tatem
1214 2509 1243 2535 et
1261 2501 1430 2535 dioecesim
1455 2501 1632 2541 pictaven„
1655 2501 1853 2547 singulorum

1100 2551 1202 2584 vultus
1217 2551 1378 2597 nequibat,
1395 2560 1426 2585 nt
1440 2551 1599 2596 quondam
1614 2553 1659 2593 (3)
1675 2551 1788 2585 unicus
1807 2563 1855 2598 pa-

1134 2613 1173 2646 (1)
1195 2612 1353 2639 Addendum
1371 2613 1457 2639 forsan
1479 2615 1599 2644 ert-eptis.
1639 2613 1678 2647 (⁶2)
1695 2612 1733 2639 Ex
1748 2613 1853 2647 Regest.

1101 2654 1183 2679 Vane.
1227 2654 1265 2685 (5)
1287 2653 1357 2679 Alias
1376 2657 1403 2678 ut
1423 2656 1552 2679 condecet.

1877 270 1923 296 An.
1944 269 1971 296 C.
1993 270 2059 297 13¹7
