2274 3265
212 269 260 295 An.
278 265 306 294 C.
329 269 393 295 {Hb'

238 1938 376 1959 obstantibus

260 1970 354 1994 derogat,

247 2365 356 2386 Clausulae

460 257 527 289 720

409 320 587 355 huiusmodi
624 319 756 355 aliorum
795 320 934 355 locorum
958 322 1157 363 ordinarios,

409 386 531 408 necnon
566 373 697 408 dilectos
734 374 814 408 lilios
850 375 1044 410 venerabiles
1076 376 1159 410 viros

407 428 645 472 gubernatore&
673 428 834 472 consules,
863 437 1044 474 potestates,
1071 430 1158 475 capi-

408 494 527 522 taneos,
552 491 701 520 rectores,
723 482 886 522 officiales,
915 484 1160 518 communitates

407 547 437 572 et
461 536 679 572 universitates
700 536 874 576 civitatum,
899 545 1050 571 terrarum
1072 545 1101 572 et
1119 538 1160 571 lo-

407 603 517 625 corum
540 589 790 636 praedictmnuu
817 590 862 625 eis
881 591 1039 625 universis
1054 600 1083 624 et
1098 591 1161 625 sin-

407 645 488 689 gulis
523 643 729 678 nihilominus
763 656 817 691 per
842 645 1012 691 apostolica
1042 645 1157 690 scripta

409 698 595 733 mandantes
610 706 640 732 ut
657 698 762 732 omnia
778 706 808 732 et
831 699 955 744 singula
979 698 1158 745 supradicta

409 753 438 786 in
462 751 582 787 eisdem
606 752 799 793 civitatibus,
823 753 915 788 terris
937 761 967 787 et
990 753 1080 796 locis,
1102 765 1161 787 au-

408 807 551 840 ctoritate
588 814 710 845 nostra,
732 807 917 841 solemniter
946 806 1107 853 publicent
1130 813 1160 839 et

408 860 522 894 saciant
546 872 602 907 per
622 859 701 895 alios
725 860 890 907 publicari,
915 872 953 895 ue
974 861 1090 908 aliquis
1107 860 1160 894 lu-

407 913 557 947 daeorum
592 913 800 960 praefatorum
825 914 1031 961 imposterum
1061 914 1160 949 valeat

407 966 446 1000 de
460 967 640 1012 praemissis
656 967 862 1013 ignorantiam
880 967 1083 1014 praetendere
1104 981 1158 1002 seu

406 1020 499 1054 etiarn
523 1020 658 1067 allegare
677 1049 684 1060 ,
708 1034 830 1056 necnon
856 1021 997 1056 iudicent
1036 1021 1160 1056 ludaeis

408 1074 483 1120 ipsis
506 1074 687 1109 huiusmodi
711 1075 836 1120 signum
859 1087 914 1122 per
935 1087 1001 1119 eos,
1019 1083 1051 1109 nt
1068 1088 1156 1122 prae-

408 1129 543 1161 mittitur
559 1155 567 1166 .
589 1128 798 1163 deserendum
815 1156 824 1172 ,
846 1141 882 1163 ac
905 1129 1019 1163 l'aciant
1049 1129 1160 1163 huius-

408 1182 492 1215 modi
516 1183 776 1217 constitutionem
800 1191 829 1217 et
851 1182 1081 1217 ordinationem
1103 1196 1160 1217 no-

406 1243 501 1269 stram
526 1236 748 1270 inviolabiliter
769 1236 954 1271 observare:
979 1249 1013 1271 ac
1037 1249 1104 1271 eam
1129 1239 1158 1272 in

407 1288 557 1323 omnibus
573 1298 601 1323 et
619 1301 674 1336 per
689 1291 809 1334 omnia,
821 1303 894 1324 cum
911 1302 1040 1325 necesse
1055 1290 1159 1331 suerii,

406 1341 553 1378 studeant
582 1354 636 1390 per
658 1356 690 1378 se
719 1343 764 1378 vel
795 1356 849 1390 per
875 1344 953 1379 alios
980 1346 1158 1379 executioni

407 1395 530 1430 debitae
552 1396 752 1431 demandare.
777 1397 1034 1433 Contradictores
1059 1411 1160 1445 quos—

408 1449 483 1483 libet
505 1458 535 1484 et
559 1450 704 1490 rebelles,
728 1451 870 1486 videlieet
894 1452 1032 1500 episcopi
1057 1461 1087 1487 et
1107 1466 1160 1487 or-

408 1503 519 1538 dinarii
543 1516 599 1551 per
625 1516 790 1539 censuram
807 1505 1066 1547 ecclesiasticam,
1090 1507 1115 1541 si
1133 1507 1160 1540 ei

409 1556 497 1591 locus
519 1557 623 1600 suerit,
645 1558 872 1604 gubernatores
891 1572 964 1593 vero
983 1569 1012 1594 et
1029 1559 1081 1593 alii
1098 1572 1160 1595 sae-

407 1611 528 1645 culares
545 1611 694 1658 praedicti
709 1612 985 1659 districtione,qua
1002 1615 1161 1655 convenit,

409 1665 589 1711 temporali,
623 1667 795 1713 postposita
826 1667 1051 1713 appellatione,
1073 1680 1162 1702 eom-

409 1727 547 1764 pescant,
569 1728 598 1753 et
622 1721 650 1753 in
676 1720 897 1766 praesentibus
919 1729 1085 1756 contentas
1110 1722 1162 1756 lit-

409 1773 482 1806 teris
502 1772 531 1806 in
553 1773 689 1807 favorem
715 1774 786 1808 fidei
805 1774 979 1809 catholicae
993 1775 1163 1822 diligenter

408 1835 436 1858 et
465 1825 632 1861 efficaciter
658 1837 867 1874 exequantur.

458 1879 525 1925 §5
542 1880 611 1914 Nou
632 1881 834 1916 obstantibus
851 1883 1024 1929 privilegiis
1040 1892 1070 1917 et
1085 1882 1164 1916 litte-

410 1933 452 1967 ris
469 1934 587 1968 eisdem
604 1934 1164 1985 Iudaeis,perquoscumque,quavis

410 1988 593 2023 auctoritate.
627 1989 806 2036 fungentes,
834 2003 887 2025 sen
917 1991 1071 2038 dignitate
1100 1994 1163 2028 sul-

410 2050 519 2086 gentes
550 2042 761 2077 ecclesiastica
793 2045 838 2078 vel
868 2045 1046 2086 mundana,
1079 2059 1163 2081 cou—

410 2096 523 2135 cessis,
547 2108 581 2130 ac
605 2097 850 2144 municipalibus
873 2107 902 2132 et
932 2098 1003 2133 aliis
1025 2102 1164 2145 statutis,

412 2161 532 2183 necnon
556 2150 843 2185 consuetudinibus
871 2152 987 2187 ibidem
1012 2153 1165 2188 hactenns

411 2202 595 2244 observatis,
623 2206 818 2252 caeterisque
842 2208 1008 2241 contrariis
1031 2208 1165 2255 quibus—

411 2270 561 2304 cinnque.

986 268 1173 291 nummum

461 2311 543 2346 Nulli
585 2325 661 2358 ergo
704 2313 835 2348 omnino
870 2315 1033 2349 hominum
1075 2315 1165 2350 liceat

414 2364 492 2399 hanc
516 2367 659 2413 paginam
689 2376 869 2403 nostrorum
898 2370 1016 2408 statuti,
1042 2371 1166 2404 ordina-

414 2419 518 2464 tionis,
534 2422 729 2461 monitionis,
743 2422 972 2457 exhortationis
983 2433 1010 2457 et
1027 2424 1164 2458 mandati

415 2473 594 2520 infringere,
620 2485 673 2509 etr.

464 2527 575 2562 Datum
610 2529 730 2564 Romae
765 2531 849 2577 apud
885 2530 936 2565 Ss.
973 2532 1164 2578 Apostolos,

415 2590 506 2615 tirtio
530 2594 627 2616 nonas
651 2596 740 2623 nunu,
764 2597 847 2619 anno
870 2595 990 2620 octavo.

463 2642 523 2672 Dat.
544 2644 590 2673 die
610 2646 628 2673 3
647 2646 719 2675 iunii
740 2646 822 2679 1425,
843 2648 945 2686 pontif.
964 2657 1040 2677 anno
1060 2656 1119 2677 vui.

1202 269 1268 290 ΙΚΟΝΙ
1275 269 1290 290 Α
1297 268 1360 290 Nm!

1540 322 1636 356 xvu.

1205 394 1319 426 Contra
1346 401 1481 430 ermines,
1510 395 1659 437 rapientes
1686 406 1736 427 seu
1763 395 1844 428 alias
1870 407 1954 440 quo-

1252 443 1413 475 modolibet
1435 443 1600 476 allicientes
1623 443 1826 482 christicolas,
1850 452 1884 478 ut
1906 447 1954 478 in-

1249 492 1388 537 fidelibus
1410 492 1557 529 vendant,
1579 504 1745 537 mercesque
1767 505 1870 526 eorum
1891 495 1956 527 loco

1251 541 1423 585 recipiant,
1460 543 1785 575 eaecommum'can'onis
1819 544 1956 588 aliasque

1249 602 1363 634 poenas
1385 591 1518 623 decernit
1541 593 1602 634 (t).

1476 668 1691 700 SUMMARIUM

1203 729 1370 760 Exordium.
1399 747 1438 752 —
1462 731 1486 759 l.
1510 730 1622 760 Causae
1652 731 1784 761 edendae
1807 733 1956 762 constitu·

1243 774 1342 804 tionis.
1370 792 1409 796 —
1434 775 1462 804 ⁶2.
1480 775 1665 804 Christianos
1686 775 1842 805 Saracenis
1862 781 1889 805 et
1913 777 1957 806 in-

1244 818 1382 848 tidelihus
1402 820 1487 849 vendi
1511 819 1656 859 prohibet.
1675 836 1713 841 —
1735 820 1761 849 3.
1782 820 1957 850 inobedien-

1244 868 1285 892 tes
1305 863 1437 902 percellit
1452 864 1648 894 anathemate.
1665 880 1705 886 —·
1717 865 1746 894 4.
1766 863 1844 893 Hanc
1863 864 1956 903 legem

1243 907 1390 946 publicari
1411 908 1541 938 mandat.

1245 978 1390 1011 'martinus
1409 983 1550 1019 episcopus
1570 990 1666 1012 servus
1685 990 1826 1012 servorum
1841 983 1906 1016 Dei.

1338 1037 1372 1065 ad
1402 1038 1566 1073 perpetuam
1585 1037 1626 1065 rei
1653 1037 1822 1065 memoriam.

1258 1109 1425 1143 Pastoralis
1447 1107 1670 1142 sollicitudinis
1689 1107 1831 1142 debitum
1847 1108 1878 1142 iu
1897 1109 1957 1144 hoc

1204 1158 1372 1207 praecipue
1394 1158 1554 1193 exsolvere
1578 1169 1636 1191 nos
1663 1158 1824 1201 convenit,
1848 1158 1956 1198 uthis,

1203 1221 1283 1256 quae
1313 1209 1342 1241 iu
1379 1207 1568 1242 christianae
1601 1206 1763 1252 religionis
1794 1216 1960 1254 emergunt

1203 1258 1374 1296 offensam,
1397 1265 1551 1304 quantum
1582 1255 1672 1290 nobis
1694 1268 1730 1290 ex
1753 1255 1815 1290 alto
1843 1269 1960 1292 conce-

1203 1309 1306 1351 ditur,
1329 1306 1498 1341 salubriter
1526 1317 1749 1346 occurramus,
1771 1318 1874 1352 eoque
1903 1319 1960 1340 so-

1204 1358 1314 1392 lertius
1330 1364 1359 1389 et
1380 1355 1578 1402 diligentiuS,
1601 1367 1664 1402 quo
1686 1355 1910 1390 remotioribus
1928 1356 1958 1390 in

1204 1406 1346 1454 partibus
1371 1403 1419 1439 illa
1441 1406 1698 1443 committuntur,
1722 1403 1775 1438 ubi
1800 1404 1960 1440 difficilior

1206 1455 1295 1491 nobis
1323 1457 1368 1489 est
1391 1454 1545 1488 adhibitio
1569 1453 1698 1488 remedii
1727 1466 1826 1500 super
1852 1455 1908 1488 eis.

1252 1505 1272 1551 S
1298 1507 1327 1539 l.
1356 1503 1440 1538 Sane
1479 1503 1689 1538 lamentabilis
1715 1502 1841 1549 querela
1875 1503 1960 1538 mul—

1204 1564 1307 1589 torum
1341 1562 1484 1587 nostrum
1514 1565 1614 1598 nuper
1642 1551 1777 1586 turbavit
1812 1553 1957 1587 auditum

1204 1604 1288 1650 quod
1314 1602 1456 1637 nonnulli
1481 1602 1656 1648 iniquitatis
1683 1601 1737 1635 filii
1762 1601 1959 1648 baptismatis

1204 1653 1289 1688 sonte
1313 1652 1422 1694 renati,
1445 1651 1651 1686 christianum
1677 1663 1790 1685 nomen
1815 1659 1957 1686 contem-

1206 1710 1330 1745 nentes,
1356 1701 1565 1748 propriaeque
1593 1701 1703 1735 salutis
1735 1703 1959 1745 immemores,

1204 1752 1257 1799 qui
1279 1752 1307 1785 in
1328 1750 1469 1797 partibus
1496 1750 1750 1790 ultramontanis,
1775 1751 1959 1797 praesertim

1207 1802 1236 1835 in
1254 1801 1391 1835 Caffensi
1409 1809 1439 1834 et
1456 1799 1616 1834 Cannensi
1639 1799 1820 1834 civitatibus
1837 1812 1873 1834 ac
1892 1800 1961 1834 aliis

1207 1851 1267 1885 illis
1289 1850 1527 1884 circumvicinis
1550 1849 1625 1884 locis
1649 1861 1704 1896 pro
1728 1857 1869 1896 tempore
1888 1856 1962 1884 co'u-

1208 1908 1390 1943 versantnr,
1413 1899 1602 1939 Zichorum,
1625 1898 1820 1942 Rossorum,
1842 1898 1961 1933 Alano-

1207 1962 1296 1993 rum,
1317 1948 1556 1995 Mitigrellorum
1584 1956 1615 1983 et
1642 1948 1879 1993 Auogusiorum
1906 1956 1960 1982 etc.

1207 2007 1312 2044 (prout
1334 2000 1366 2032 in
1391 1999 1585 2044 praecedenti
1608 1999 1747 2038 Conseri„
1772 2002 1786 2025 q
1812 2000 1860 2041 1).

1256 2055 1270 2091 ᾗ
1292 2052 1324 2082 2.
1349 2047 1455 2090 Quare
1483 2057 1543 2082 tam
1573 2059 1685 2093 graves
1707 2056 1736 2080 et
1759 2047 1961 2081 detestabiles

1207 2110 1357 2132 excessus
1389 2096 1570 2131 nullatenus
1601 2097 1769 2135 sustinere,
1798 2096 1852 2130 sed
1883 2096 1960 2136 iltis,

1209 2157 1301 2194 prout
1325 2155 1428 2181 nostra
1454 2148 1597 2190 interest,
1622 2146 1768 2180 resistere
1795 2146 1963 2180 efficaciter

1209 2197 1407 2231 intendentes
1424 2224 1432 2240 7
1462 2196 1561 2231 felicis
1590 2195 1815 2230 recordatiouis
1841 2195 1961 2229 Nicolai

1208 2246 1312 2294 Papae
1335 2248 1437 2293 quarti
1457 2253 1486 2280 et
1506 2245 1733 2280 nonnullorum
1753 2245 1887 2279 aliorum
1903 2243 1964 2279 Ro-

1209 2308 1372 2330 manorum
1390 2295 1592 2333 Pontificum,
1610 2295 1889 2341 praedecessorum
1911 2307 1963 2328 uo-

1207 2354 1366 2387 strorum,
1392 2346 1445 2392 qui
1476 2357 1696 2392 quoscumque.
1725 2356 1823 2383 arma,
1851 2356 1962 2391 equos,

1209 2396 1339 2434 terrum,
1363 2394 1546 2441 lignamina,
1571 2394 1714 2428 victualia
1738 2402 1766 2428 et
1789 2394 1846 2428 alia
1870 2405 1962 2440 quae-

1207 2457 1344 2492 cumque
1364 2445 1568 2479 mercimonia
1585 2443 1765 2477 infidelibus
1783 2442 1962 2478 deferentes

1210 2495 1239 2527 in
1265 2495 1434 2529 nonnullas
1454 2506 1571 2541 poenas
1585 2502 1614 2527 et
1630 2493 1802 2527 sententias
1822 2492 1962 2527 incidere

1209 2551 1398 2586 statuerunt,
1422 2544 1560 2589 vestigiis
1585 2543 1799 2582 inhaerentes,
1822 2542 1962 2576 auctori-

1242 2610 1282 2643 (Ι)
1300 2609 1336 2634 Ex
1356 2610 1460 2643 Regest.
1479 2610 1504 2635 in
1525 2609 1634 2636 Archiv.
1655 2609 1736 2635 Vatic.
1755 2607 1868 2634 Consule
1890 2608 1962 2643 Ray-

1209 2653 1328 2684 naldum,
1341 2662 1402 2680 aun.
1425 2654 1501 2680 ίῖιῖὅ.

1969 274 2021 298 An.
2040 269 2066 297 C.
2089 271 2155 297 ¹4¹2ss

2006 1116 2124 1137 Exordium.

1988 1515 2067 1535 Causae
2091 1515 2160 1535 eden-

1975 1546 2012 1565 dae
2025 1547 2162 1565 constitutio-

1974 1578 2014 1597 nis.

1983 2058 2115 2078 Christianus
2125 2057 2163 2078 Sa-

1977 2090 2061 2108 racenis
2076 2092 2095 2108 et
2112 2089 2161 2109 iusi-

1977 2119 2058 2139 delibus
2098 2120 2161 2139 vendi

1977 2151 2083 2177 prohibet.
