2274 3265
235 268 280 293 Λιι.
299 268 326 292 c.
349 269 413 293 ism
479 258 547 289 :582

1012 268 1080 289 lll'lJ
1094 268 1196 289 ,tuit'm
1222 267 1381 287 ΠΟΜΑΝΙἭ

1988 263 2037 289 An.
2059 263 2086 289 Cv
2104 265 2169 290 1380

429 324 525 367 ligura
550 321 669 356 indicii.
696 329 723 355 et
754 322 819 355 siue
843 321 951 355 debito
974 322 1177 362 terminandi,
1220 332 1356 366 eumque
1373 320 1486 353 l'uerint
1512 320 1766 365 prawminentiae.
1797 321 1840 355 rel
1865 322 1970 368 digni-

427 379 456 405 et
479 370 555 405 alias
584 371 733 406 iustitiam
762 370 976 405 omnimodam
994 371 1175 405 exhibendi.

477 424 491 462 ξ
519 422 550 453 4.
580 419 743 454 ludicibus
770 433 896 467 (pioque
919 420 1098 463 ordinariis,
1126 433 1178 454 au-

247 474 393 514 ¹··d¹v·¹b·¹**1=¹r
427 468 583 503 ditoribus
602 479 628 503 ct
650 470 719 503 aliis
738 470 929 516 supradictis
946 470 1122 509 inhibendi,
1139 483 1176 504 ne

230 505 346 557 {iii'iiifss'iiss
372 512 413 554 ι’,ΣῘ
427 517 464 551 de
486 518 591 552 causis
612 519 687 564 ipsis
716 527 785 565 post
808 519 1045 553 advocationem
1065 519 1176 553 buius-

230 573 411 617 L'J'ssn'slssffljflssjffj
427 568 511 601 modi
527 580 720 613 cognoscere
745 568 789 602 iel
809 581 842 602 se
866 569 1072 604 intromittere
1095 581 1175 614 ‹pio-

229 634 263 647 ,μ
315 611 585 663 fri-...veeqnomodo
622 627 834 663 praesumant,
858 627 887 651 et
914 618 1069 664 quaslibet
1100 618 1176 653 alias

229 660 283 679 '‘⁵¹¹¹''
425 665 629 700 inhibitiones
647 668 675 701 in
701 667 776 714 ipsis
802 667 918 705 causis,
942 681 977 701 ac
1000 669 1091 701 etiam
1121 681 1175 702 re—

425 715 605 750 vocationes
627 724 656 750 ct
676 717 848 750 sententias
870 717 1176 751 excommunicatio-

425 766 497 803 nis,
533 766 753 812 suspensionis
781 774 811 799 et
845 766 1002 799 interdicti
1033 780 1088 812 per
1121 779 1176 801 eos

425 814 705 861 promulgaturum,
723 815 930 848 relaxationes
948 824 976 849 et
999 815 1173 850 absolutio-

424 877 490 902 nes,
515 877 636 898 necnon
660 864 896 906 ordinationes,
919 864 1150 899 declarationes
1165 894 1174 909 ,

423 913 579 951 mandata,
595 912 732 951 decreta,
746 914 949 953 inomtiones,
972 915 1174 949 executiones

422 970 450 997 et
475 974 641 1008 processus
664 962 821 1008 quoslibet
846 962 978 996 faciendi
1002 971 1031 995 et
1050 972 1175 998 senten—

422 1012 480 1046 tias
509 1011 687 1057 proferendi
711 1025 745 1045 ac
774 1012 879 1044 ‹nniiia
910 1011 969 1045 alia
992 1021 1021 1046 et
1049 1012 1172 1057 singula

422 1060 555 1094 faciendi
571 1068 600 1094 et
614 1060 795 1103 excrecndi,
812 1074 892 1106 quae
906 1062 986 1095 eirca
1003 1063 1172 1107 praemissa

422 1110 467 1143 rel
485 1122 518 1143 ea
545 1110 702 1155 tangentia
722 1111 805 1143 iuxta
830 1118 916 1143 tunm
942 1110 1074 1144 liberum
1090 1112 1173 1145 arbi-

421 1159 514 1193 trium
539 1158 729 1192 vidcbuntnr
750 1168 938 1205 opportuna.
957 1160 1173 1195 Contradictov

420 1221 469 1242 res
491 1208 648 1254 quoslibet
668 1217 697 1242 et
712 1208 846 1243 rebelles
868 1209 1100 1256 cuiuscumque
1116 1219 1174 1245 sta-

420 1265 481 1297 tus,
504 1257 680 1303 dignitatis,
694 1258 816 1292 ordinis
840 1260 884 1292 vel
901 1258 1093 1292 conditionis
1110 1261 1172 1294 exi-

420 1315 514 1345 stant,
530 1307 654 1341 etiamsi
673 1307 780 1353 regali,
797 1308 968 1353 pontificati
986 1308 1031 1341 rel
1050 1311 1172 1349 maiori,

419 1365 472 1390 aut
494 1356 552 1390 alia
572 1357 683 1402 quavis
707 1357 918 1403 praefulgeant
940 1358 1104 1402 dignitate,
1120 1371 1173 1393 ea-

420 1405 491 1439 dem
520 1407 705 1440 auctoritate
734 1419 789 1452 per
821 1419 987 1441 censuram
1016 1408 1173 1443 ecclesia-

420 1455 529 1489 stieam
558 1457 794 1502 compescendi.

469 1509 483 1547 ἕ
507 1506 538 1538 5.
562 1504 631 1539 Νοιι
655 1505 855 1539 obstantibus
872 1506 1028 1551 generalis
1048 1507 1171 1542 concilii

420 1561 449 1587 et
464 1553 533 1587 aliis
546 1554 827 1588 constitutionilms
842 1568 856 1588 a
875 1555 1173 1600 praedecessoribus

421 1603 535 1636 nostris
547 1602 698 1638 Romanis
711 1604 920 1638 Pontificibus
934 1605 962 1638 in
978 1606 1171 1640 eontrarium

419 1652 524 1692 editis,
553 1665 674 1687 necnon
706 1653 1008 1693 consuetudinilms,
1036 1656 1172 1696 statutis,

418 1701 585 1736 ordinibus
606 1715 661 1736 seu
687 1702 934 1737 inhibitionibus
956 1704 1173 1749 quibuscum-

418 1763 480 1797 que
509 1751 756 1786 iuramentorum
781 1762 833 1786 aut
873 1754 1175 1789 excommunicatio-

420 1813 495 1834 num
518 1802 740 1847 suspensionis
768 1801 813 1835 vel
845 1802 1004 1836 interdicti
1041 1812 1173 1838 senten-

419 1850 531 1884 tiarum
566 1864 621 1897 per
652 1864 873 1898 quoscumque
903 1852 1173 1898 promulgaturum

421 1899 466 1933 vel
498 1899 795 1946 promulgandarum
822 1902 997 1936 munimine
1025 1910 1078 1936 aut
1099 1903 1174 1950 qui-

421 1949 527 1983 busvis
562 1950 630 1984 aliis
653 1949 853 1985 firmitatibus
877 1951 1042 1991 roboratis,
1065 1965 1118 1986 seu
1148 1954 1172 1987 si

421 1998 578 2045 aliquibus
606 2001 818 2035 communiter
840 2001 886 2034 vel
909 2000 1034 2035 divisim
1060 2014 1074 2036 a
1091 2002 1175 2037 Sede

421 2047 601 2095 Apostolica
629 2049 668 2084 sit
693 2050 864 2091 indultum,
882 2050 927 2084 vel
957 2051 985 2085 in
1012 2060 1173 2098 posterum

424 2097 582 2144 indulgeri
607 2099 786 2145 contigerit,
810 2099 894 2146 quod
918 2109 1005 2135 extra
1030 2101 1076 2135 vel
1094 2101 1174 2136 ultra

423 2156 505 2181 certa
532 2147 598 2182 loca
634 2149 670 2182 ad
703 2148 856 2183 iudicium
891 2162 952 2183 nou
988 2150 1175 2194 traliautur,

423 2196 507 2243 quod
532 2197 687 2242 interdici,
710 2198 863 2245 suspendi
888 2199 933 2233 vel
958 2201 1176 2234 excommuni-

423 2247 485 2280 cari
513 2259 575 2281 non
611 2248 733 2293 possint
763 2261 818 2295 per
852 2249 959 2283 literas
986 2250 1176 2296 apostolicas

425 2308 486 2330 non
521 2296 671 2332 facientes
708 2297 831 2343 plenam
861 2306 891 2332 et
919 2311 1102 2345 expressam
1142 2312 1176 2334 ac

425 2345 462 2379 de
487 2345 579 2380 verbo
594 2346 631 2380 ad
653 2347 781 2381 verbnm
798 2347 836 2381 de
856 2348 976 2382 indulto
993 2349 1176 2383 huiusmodi

426 2395 631 2435 mentionem,
649 2405 675 2429 et
700 2397 891 2443 quibuslibet
907 2399 975 2431 aliis
994 2398 1176 2444 privilegiis,

426 2444 692 2491 exemptionibus,
722 2447 986 2490 immunitatibus,
1009 2449 1117 2491 gratiis
1147 2456 1176 2483 et

427 2493 525 2527 literis
539 2495 736 2540 generalibus
753 2496 796 2529 vel
809 2496 998 2542 specialibus
1013 2497 1177 2539 Ecelcsiis,

429 2543 637 2585 monasteriis,
660 2544 749 2589 locis,
777 2545 936 2591 collegiis,
959 2546 1128 2581 ordinibus
1143 2560 1179 2582 ac

430 2592 682 2628 universitatibus
703 2607 758 2629 seu
788 2596 931 2640 personis
954 2597 1180 2631 ecelesiasticis

429 2649 481 2674 aut
520 2642 733 2678 saecularibus
760 2644 1036 2693 quibusenmth,
1069 2646 1180 2681 cuius-

228 1547 358 1566 (iwannum
368 1546 405 1565 tle-

221 1581 302 1601 rotatio

1220 369 1290 403 tatis
1308 368 1347 402 ab
1376 368 1557 414 ,apostoliea
1581 368 1665 402 Sede
1693 371 1852 404 ‹toiicessis
1875 372 1922 406 vel
1940 372 1969 404 in

1221 426 1380 464 posterum
1414 417 1652 460 concedendis,
1677 418 1737 451 sub
1769 431 1971 467 quacumque

1220 468 1316 501 fornia
1354 466 1401 500 vel
1436 467 1640 511 expressione
1677 467 1868 507 verbornin,
1917 483 1972 516 per

1218 528 1298 563 quae
1319 515 1539 562 praesentibus
1568 528 1628 549 uon
1657 528 1801 562 expressa
1823 517 1868 551 rel
1893 525 1972 553 tota-

1219 566 1289 599 liter
1311 578 1371 598 non
1397 565 1523 604 inserta,
1543 564 1674 599 eftectus
1697 578 1804 600 earnm
1827 566 1971 613 impediri

1220 615 1315 648 valeat
1338 613 1579 660 quomodolibet
1608 614 1653 648 vel
1678 614 1806 659 differri,
1835 617 1926 649 etiam
1946 617 1970 650 si

1218 665 1286 697 talia
1311 663 1372 697 sint
1400 662 1439 697 de
1461 662 1577 709 quibus
1605 672 1632 697 et
1659 664 1797 711 ipsarum
1819 677 1971 711 persona—

1218 726 1286 747 rnm
1311 720 1339 746 et
1365 712 1520 756 locorum,
1542 712 1688 747 ordinum
1706 720 1735 748 et
1750 721 1886 748 statuum
1904 727 1972 762 pro-

1218 763 1294 809 priis
1318 761 1500 796 nominibus
1529 762 1742 808 specialibus,
1770 775 1805 797 ac
1833 763 1872 797 de
1901 765 1972 799 totis

1218 813 1356 859 ipsarum
1381 810 1557 854 tenoribus,
1582 811 1673 858 plena
1702 821 1730 846 et
1755 825 1902 858 expressa
1936 828 1971 848 ac

1216 862 1256 895 de
1280 860 1374 895 verbo
1397 861 1433 895 ad
1459 860 1588 894 verbum
1621 863 1741 896 mentio
1757 862 1971 901 sitliabenda2

1216 923 1298 957 quae
1317 911 1423 944 omnia
1439 909 1545 944 baberi
1566 910 1713 945 volumus
1731 924 1787 958 pro
1814 914 1972 959 expressis

1216 960 1395 1006 specialiter
1417 967 1447 993 et
1472 959 1608 1003 insertis,
1632 968 1662 994 et
1687 961 1765 1007 ipsa,
1790 962 1835 994 vcl
1860 974 1969 996 eorum

1215 1009 1317 1056 aliqua
1347 1019 1454 1044 contra
1485 1010 1656 1056 praemissa
1685 1009 1834 1044 nolumus
1857 1010 1886 1045 in
1915 1012 1971 1046 ali-

1215 1072 1278 1106 quo
1300 1058 1476 1105 sull'ragari,
1508 1059 1631 1105 plenam
1651 1067 1681 1093 et
1710 1059 1837 1093 liberam
1863 1068 1971 1095 tenore

1217 1108 1429 1153 praesentium
1455 1119 1490 1141 ex
1515 1116 1597 1142 certa
1618 1109 1746 1143 scientia
1762 1109 1972 1143 concedimus

1217 1158 1409 1197 facultatem,
1438 1165 1466 1191 et
1489 1158 1526 1191 ad
1552 1157 1610 1191 boc
1639 1159 1681 1191 tui
1708 1166 1893 1205 potestatem
1921 1161 1969 1193 of-

1217 1208 1276 1241 licii
1304 1207 1495 1254 ampliamus
1518 1215 1548 1240 ot
1575 1207 1669 1241 etiam
1699 1220 1915 1254 prorogamus.
2103 1249 2106 1252 ,

1264 1262 1278 1299 ᾗ
1301 1261 1333 1291 6.
1367 1256 1518 1291 Eaindem
1548 1257 1771 1292 fraternitatem
1805 1265 1890 1291 tuam
1913 1270 1967 1292 ex·
1984 1248 2124 1299 ιιιῗζ-Ηζῗιξῖἳῖξ,
2141 1251 2170 1300 [ἦα

1217 1306 1390 1345 hortantes,
1421 1315 1452 1340 nt
1475 1307 1519 1340 sie
1544 1306 1573 1340 in
1591 1307 1772 1352 praemissis
1796 1314 1824 1342 te.
1842 1306 1965 1341 fidelem
1984 1309 2075 1359 23:2¹¹!ssss
2105 1315 2169 1330 ΜΓ·

1215 1355 1384 1399 exhibeas,
1407 1364 1434 1389 et
1471 1356 1565 1389 etiam
1594 1355 1772 1390 studiosum
1789 1384 1796 1396 ,
1820 1357 1970 1391 omnibus
2077 1356 2080 1359 ⁴

1216 1405 1367 1439 iustitiam
1394 1405 1621 1448 ministrando,
1653 1405 1737 1452 quod
1767 1414 1828 1440 tani
1864 1406 1967 1440 eidem

1214 1454 1387 1493 Gamerae,
1411 1466 1505 1501 (piam
1529 1454 1597 1488 aliis
1624 1456 1879 1502 ‹pribuscumque
1912 1469 1968 1490 sna

1216 1504 1280 1538 iura
1294 1512 1471 1547 serventur,
1496 1513 1609 1550 tuaque
1633 1505 1879 1552 circumspectio
1895 1505 1968 1539 inde

1217 1554 1314 1600 possit
1337 1554 1449 1587 merito
1472 1554 1699 1588 commendari.

1263 1608 1278 1645 g*
1302 1605 1333 1636 7.
1357 1603 1512 1636 Volumus
1534 1613 1653 1644 autem,
1681 1603 1764 1650 quod
1792 1616 1806 1637 a
1825 1613 1966 1650 tempore

1215 1652 1303 1685 datae
1318 1652 1543 1698 praesentium,
1568 1653 1597 1686 in
1618 1652 1769 1687 omnibus
1784 1661 1814 1687 et
1832 1653 1969 1700 singulis

1215 1702 1441 1748 suprascriptis
1470 1714 1525 1748 per
1553 1715 1609 1736 nos
1636 1704 1809 1742 concessis,
1839 1703 1968 1750 perinde
1984 1702 2080 1760 {¹:30⁶st
2104 1708 2169 1729 ΡΜ-

1215 1751 1253 1785 sit
1277 1751 1330 1784 tibi
1367 1759 1517 1798 perpetua
1551 1759 1692 1798 potestas
1726 1761 1754 1786 et
1792 1753 1969 1788 iurisdictio
2039 1750 2042 1753 ’

1215 1800 1379 1843 attributa,
1410 1810 1469 1835 tam
1494 1801 1598 1847 quoad
1624 1802 1752 1848 negocia
1782 1803 1969 1849 praesentia,

1215 1863 1310 1897 quam
1336 1850 1452 1889 futura,
1480 1863 1517 1884 ac
1545 1851 1569 1884 si
1595 1860 1625 1885 tu
1655 1864 1688 1885 ea
1717 1852 1822 1886 omnia
1848 1862 1878 1887 ct
1904 1853 1971 1886 siu-

1215 1899 1285 1946 gnla
1309 1900 1422 1946 exequi
1445 1899 1633 1934 iudicialiter
1662 1902 1848 1947 incepisses,
1878 1913 1970 1949 prae—

1216 1949 1361 1983 sentibus
1397 1962 1497 1997 usque
1522 1950 1559 1984 ad
1579 1949 1813 1998 heneplacitum
1832 1952 1972 1999 Aposto-

1217 1999 1292 2033 licae
1313 1998 1407 2033 Sedis
1429 1999 1599 2033 duraturis

1267 2048 1381 2083 Datum
1416 2048 1538 2083 Romae
1572 2048 1655 2095 apud
1684 2049 1718 2083 S.
1747 2049 1904 2095 Petrum,
1939 2063 1972 2085 vi

1218 2098 1288 2132 idus
1310 2099 1511 2145 septembris,
1539 2099 1740 2145 pontificatus
1768 2100 1866 2135 nostri
1891 2113 1973 2135 anno

1217 2148 1369 2182 secundo.

1250 2201 1310 2231 Dat.
1327 2201 1374 2231 die
1390 2202 1407 2232 8
1425 2202 1602 2241 septembris
1621 2202 1707 2239 1379,
1723 2206 1801 2242 pont.
1817 2212 1894 2232 anno
1911 2212 1940 2233 ιι,

2001 1610 2168 1630 ljeneessionem

1984 1643 2079 1666 tempore
2107 1641 2168 1660 ἅψις

1998 1673 2158 1691 reiistitutionis

1576 2322 1614 2357 lt.

1220 2395 1460 2438 Maremaynum
1494 2407 1546 2430 seu
1574 2396 1772 2441 privileyium
1804 2396 1975 2440 priveleyiis

1269 2445 1437 2488 conflatum
1451 2457 1507 2489 pro
1525 2446 1642 2479 Ordine
1655 2446 1790 2489 fratrum
1808 2447 1975 2479 Servorum

1273 2494 1309 2526 Β.
1341 2494 1463 2527 Mariae
1499 2495 1645 2539 Viryi'm's.

1490 2560 1703 2591 stJuMAttttJttt

1221 2611 1411 2642 Proremiuni,
1429 2630 1468 2635 --
1486 2614 1510 2643 1.
1531 2612 1650 2643 Ordinis
1675 2614 1762 2644 liuius
1783 2614 1886 2644 fratres
1903 2624 1976 2653 quo-

1262 2666 1388 2696 rumque
1419 2658 1496 2687 datio
1516 2662 1542 2687 et
1574 2657 1705 2696 qualibet
1727 2658 1868 2688 ordinarii
1891 2659 1977 2688 iuris-
