2274 3265
119 281 216 310 AnssC.
232 282 297 308 1510
321 314 324 316 .

126 1931 218 1953 Ferraria
242 1932 294 1951 mul-

111 1967 142 1984 tas
151 1969 251 1990 perpessa
263 1969 295 1983 ra-

111 1994 215 2015 tamitates
257 2000 272 2013 s·

112 2024 258 2051 Longnharttis:

124 2435 138 2454 A
162 2433 235 2454 earoto
251 2433 296 2453 Ma-

112 2472 121 2492 >7
141 2474 150 2486 0
175 2467 199 2486 ad
219 2465 295 2486 Recte<

111 2503 155 2518 riae
182 2499 294 2518 dominium

111 2530 214 2550 ruofi-sita

942 278 1084 300 CLEMENS
1114 277 1131 298 V
1161 278 1207 299 ΙῬ,

1733 267 1797 299 ¹97

315 345 359 370 rat
381 335 474 370 siccis
496 336 594 370 oculis
610 334 732 373 intueri,
748 347 828 389 qnos
849 334 877 367 in
895 333 1060 368 afflictione
1105 332 1200 366 ricula
1229 332 1423 367 diversorum
1453 342 1652 380 tyrannorum
1689 346 1789 380 usque
1815 332 1852 366 ad

315 385 431 432 positos
470 385 672 420 intolertbilis
698 385 853 419 cruciatus
887 383 1060 423 atttiverat;

314 451 371 474 nec
408 440 474 475 sine
515 439 661 486 suspiriis
701 438 822 472 illorum
863 436 1060 482 considtwrue

315 490 466 533 miserias,
489 502 569 537 quos
596 489 670 534 iugo
699 487 876 535 tyrannicae
903 486 1061 521 servitutis

313 539 465 594 absonos,
491 547 521 573 et
543 537 709 573 cuiuslibet
732 537 856 591 penitus
885 536 1062 582 respiratio—

314 589 361 623 nis
387 598 542 644 expertes,
569 586 760 634 angustiosis
786 585 933 621 cernebat
959 598 1061 631 anga—

314 639 366 673 riis
389 639 482 685 impie
509 637 649 672 cruciati.
673 636 739 670 Hoc
762 636 845 670 enim
876 635 940 682 ipsa
965 643 1061 670 mater

313 688 448 723 Ecclesia
477 701 505 722 111
535 687 621 721 vohis
647 689 743 732 (qnos
767 685 881 732 privata
922 685 1061 732 peculia-

313 739 387 772 ritas
415 737 492 772 uteri
515 736 562 771 sui
591 735 742 782 repositos
764 743 865 769 servat
883 747 911 768 111
930 735 1060 778 intimis,

313 796 342 822 et
369 786 554 821 inviolabilis
577 784 776 820 necessitudo
803 784 976 828 connectit)
1001 784 1061 819 sre-

312 844 446 884 quenter
468 835 643 882 experienS,
671 847 790 868 amaras
813 834 998 881 plerumque
1022 834 1061 868 la

312 898 433 933 crymas
470 893 516 920 est
556 893 660 920 coacta
704 884 909 931 perfundere,
944 884 1060 919 sentire

311 936 446 975 dolores,
474 943 501 970 et
526 934 719 981 ingeminare
740 934 872 981 suspiria
891 934 1060 968 exqtiver-

310 997 412 1020 sarum
429 985 681 1031 persecutionum
700 984 869 1031 procellosa
887 983 1060 1031 tyrannide,

310 1047 402 1082 quam
428 1035 457 1068 in
480 1034 569 1069 vobis
592 1033 714 1068 hostilis
737 1033 918 1068 multotiens
940 1041 969 1067 et
995 1046 1060 1068 cru—

310 1084 387 1119 delis
422 1085 601 1119 immanitas
628 1083 764 1129 agitavit.
797 1083 925 1126 Verum,
953 1095 1060 1130 quan-

311 1143 518 1181 tumcumque
542 1133 717 1180 periculosa
745 1132 807 1166 sint
842 1141 995 1179 tempora.
1032 1141 1061 1167 et

311 1184 450 1219 muudus
484 1184 603 1229 positus
635 1184 665 1216 in
689 1182 837 1227 maligno,
871 1194 931 1215 non
958 1189 1060 1216 tamen

308 1234 458 1269 deserunt
481 1234 510 1267 in
534 1232 681 1267 fluctibus
704 1230 916 1278 quarumlibet
945 1239 1062 1277 tempe-

307 1291 421 1319 statum
466 1283 716 1317 consolationum
746 1280 882 1315 remedia
920 1279 1062 1326 Sponsae

308 1333 440 1368 Christi.
460 1331 527 1366 Non
548 1332 631 1366 enim
654 1329 754 1376 attigit
774 1339 879 1364 votum
898 1332 1059 1376 proprium

308 1381 481 1417 Pharaonis
518 1381 648 1421 astutia,
678 1387 822 1425 satagens
856 1379 885 1413 in
915 1380 1060 1414 masculis

308 1432 490 1478 extinguere
517 1408 681 1465 Israelem:
711 1442 771 1463 non
792 1428 971 1484 'praevaluit
1002 1430 1060 1465 He-

308 1481 455 1516 rodianae
479 1480 706 1534 persecutionis
724 1478 879 1526 impietas
894 1491 967 1525 quin
985 1493 1061 1526 puer

310 1531 400 1566 nobis
421 1530 513 1565 datus
532 1529 687 1564 caelitus
683 1542 711 1563 tn
737 1528 958 1563 haereditatem
987 1542 1061 1575 oen-

310 1582 385 1615 tium
408 1579 601 1627 supervivat:
633 1592 690 1614 nec
713 1586 915 1626 tyrannorum
948 1578 1060 1619 servor,

310 1632 340 1665 in
374 1629 491 1665 Christi
533 1629 717 1672 Ecclesiam,
751 1629 884 1676 eiusque
920 1629 1058 1664 membra

309 1688 598 1727 quantumcumque
625 1677 817 1718 desaeviens,
844 1685 981 1713 evertere
1004 1692 1062 1726 po-

310 1731 367 1764 tuit
390 1729 459 1763 eius
475 1728 573 1763 solida
593 1728 806 1769 fundamenta,
829 1740 923 1774 super
940 1728 1059 1763 sirmam

310 1788 427 1826 petram
450 1778 599 1813 solidatae
622 1778 692 1816 fidei
720 1777 873 1819 stabilita;
896 1786 1061 1826 quantum-

311 1829 353 1863 vis
381 1828 561 1876 procellosis
589 1827 777 1876 impulsibus
811 1828 874 1862 sint
903 1841 1059 1877 percussa

357 1878 377 1925 ἓ
407 1881 437 1913 Ι.
467 1877 564 1923 Sane,
596 1879 723 1925 quantis
757 1878 796 1912 ab
831 1878 904 1914 olim
942 1878 1060 1913 Ferra—

310 1929 422 1964 riensis
442 1929 551 1965 civitas
573 1929 675 1964 eidem
712 1929 870 1964 Ecclesiae
895 1929 1061 1977 peculiari-

310 1987 366 2023 ter,
401 1979 439 2013 ab
463 1980 530 2027 ipso
569 1981 617 2014 sui
655 1979 824 2026 primordio
857 1987 885 2014 et
915 1980 1061 2026 primario

310 2029 527 2069 fundamento,
552 2030 643 2076 pleno
670 2030 761 2064 etiam
787 2030 852 2063 iure
881 2029 1061 2076 temporali-

310 2087 356 2114 ter
377 2079 558 2114 immediate
586 2079 722 2113 subiecta
760 2079 861 2119 fuerit,
891 2087 1061 2126 tempesta-

309 2128 394 2164 tibus
415 2138 445 2163 et
468 2129 613 2176 procellis
640 2130 792 2176 exposita,
815 2130 978 2175 quantisve
1007 2142 1061 2176 pc-

309 2179 454 2213 riculosis
480 2179 717 2214 discriminibus
758 2187 975 2226 conquassata,
1004 2191 1061 2213 nec

309 2229 445 2263 mundus
487 2229 623 2274 ignorat:
668 2242 735 2263 nam
772 2229 843 2263 licet
877 2229 954 2275 ipsa,
992 2237 1061 2275 post

307 2278 404 2312 diram
433 2278 575 2324 sacrilegi
610 2278 768 2326 quondam
796 2279 952 2313 Desiderii
978 2279 1060 2325 regis

308 2328 516 2373 tyrannidem,
539 2341 606 2363 eam
630 2328 808 2363 terribiliter
835 2329 1060 2375 impugnantis,

310 2378 446 2412 virtuoso
462 2377 588 2412 brachio
607 2378 872 2425 praeclarissimae
893 2379 1060 2413 memoriae

309 2427 411 2462 Caroli
444 2427 633 2461 Francorum
663 2428 743 2473 regis
771 2428 898 2462 illustris
928 2428 957 2462 in
986 2441 1059 2462 snc-

308 2490 435 2513 cursum
464 2477 603 2512 eiusdem
628 2477 785 2512 Ecclesiae
813 2477 943 2511 invocati
967 2485 996 2512 et
1023 2478 1061 2511 vi-

310 2528 404 2562 riliter
418 2528 625 2566 occurrentis,
640 2527 760 2566 elisam,
773 2527 809 2562 ad
821 2527 995 2561 dominium
1011 2540 1059 2563 ex-

309 2578 404 2613 titerit
430 2577 569 2613 eiusdem
594 2577 764 2620 Ecclesiae,
783 2577 881 2624 ipsius
905 2577 999 2611 incliti
1017 2591 1061 2612 re-

308 2628 355 2674 gis
373 2628 484 2663 virtute
503 2628 702 2674 suffragante,
721 2626 860 2665 redacta3
880 2634 909 2661 et
932 2627 1058 2662 demum

307 2678 398 2714 etiam
423 2685 492 2726 post
519 2678 610 2725 longa
645 2684 822 2724 temporum
850 2676 961 2711 effluxa
987 2690 1060 2713 cur-

1104 381 1278 428 praesentia
1302 390 1440 430 tempora
1470 383 1572 427 fuerit,
1595 382 1713 418 crudeli
1739 390 1855 429 proter·

1104 431 1148 465 via
1171 430 1394 471 debacchante,
1422 432 1584 466 convulsa:
1615 433 1752 476 tandem,
1779 432 1855 466 dex—

1104 488 1166 515 tera
1192 480 1315 514 Domini
1352 481 1482 515 {aciculi-
1511 482 1675 521 virtutem
1708 482 1855 517 extinctis

1104 530 1227 576 ignibus
1249 529 1547 578 (Ιί13ειμ311111ἰ1115,
1567 544 1646 578 quae
1679 531 1776 578 ipsam
1804 544 1855 566 ex-

1104 588 1220 615 tremae
1241 580 1400 615 servitutis
1417 580 1574 615 cruciabat
1590 582 1737 627 31131,11·1ἰ5
1759 590 1789 616 et
1803 595 1855 616 an-

1102 630 1216 677 rustiis
1248 629 1463 676 deprimebat,
1495 630 1604 665 eadem
1641 630 1780 666 tectesia
1816 631 1854 665 de

1104 680 1201 727 ipsius
1223 679 1353 714 civitatis
1376 679 1617 726 reintegratione
1638 680 1782 723 sollicita,
1804 681 1853 715 de-

1103 729 1247 764 sideravit
1269 729 1371 768 anxie,
1395 737 1427 763 ut
1450 729 1527 776 ipsa,
1550 742 1629 777 quae
1651 729 1716 769 diu,
1739 738 1855 785 tempo-

1104 780 1145 813 ris
1174 779 1304 814 iaciente
1332 778 1459 822 malitia,
1484 780 1626 814 eiusdem
1651 780 1719 826 piae
1747 775 2002 825 11131115,“ζ,’ῗξῇ,””,,“”
2020 780 2051 793 ’ω

1103 829 1283 864 suavitatem
1309 828 1439 863 uberum
1465 841 1525 863 non
1548 837 1698 876 gustarat,
1720 828 1773 863 sed
1802 842 1856 875 per

1103 886 1227 925 arrupta
1255 887 1285 912 et
1310 878 1403 919 invia,
1424 890 1478 924 per
1500 878 1710 914 oberrationis
1732 878 1854 913 involu-

1103 941 1189 963 crum
1218 927 1366 971 deviarat,
1392 928 1430 963 ad
1455 928 1531 963 viam
1558 928 1761 964 reduceretur
1782 941 1855 963 sua-

1104 978 1148 1012 vis
1175 977 1388 1018 rectitu(linis;
1413 986 1443 1012 et
1465 978 1574 1013 salutis
1603 978 1712 1013 modos
1734 986 1764 1013 et
1792 978 1856 1013 vias

1103 1027 1299 1075 exquirendo
1327 1027 1530 1075 multiplices,
1564 1036 1624 1062 tam
1654 1040 1707 1075 per
1739 1027 1856 1074 legatos

1103 1086 1132 1111 et
1155 1077 1293 1115 nuntios,
1316 1090 1410 1124 quam
1436 1090 1490 1125 per
1512 1078 1590 1112 alios
1620 1077 1747 1112 devotos
1768 1085 1797 1112 et
1820 1078 1856 1111 fi-

1103 1126 1188 1162 deles
1212 1127 1322 1174 ipsius,
1340 1136 1371 1161 ut
1388 1128 1546 1162 caecitatis
1565 1139 1694 1162 excussa
1710 1127 1854 1173 caligine,

1103 1189 1138 1211 ac
1163 1177 1235 1223 iugo
1257 1176 1420 1212 servitutis
1448 1177 1580 1218 abiecto,
1607 1177 1643 1211 ad
1672 1177 1740 1211 eius
1763 1176 1856 1211 redu-

1104 1235 1227 1260 ceretur
1248 1238 1342 1261 suave
1360 1226 1547 1271 dominium,
1568 1238 1728 1273 novaeque
1749 1226 1856 1261 salutis

1103 1276 1259 1322 acciperet
1286 1275 1471 1310 libertatem.

1152 1325 1172 1371 S
1194 1328 1226 1358 ⁰2.
1250 1325 1311 1359 Sed
1336 1325 1441 1360 adbuc
1463 1325 1634 1360 Leviatlian
1658 1326 1787 1360 tortuosi
1808 1339 1857 1361 co·
1884 1339 1904 1359 1»
1927 1340 1968 1359 vm

1871 1373 1980 1391 trinmde
2027 1372 2052 1390 ti-

1870 1403 1949 1423 lerata.

1104 1374 1197 1419 luliri,
1220 1374 1272 1421 qui
1297 1374 1413 1410 liabens
1436 1374 1508 1409 odio
1531 1375 1593 1409 vias
1621 1383 1731 1415 rectas,
1753 1376 1857 1411 sinuo-

1103 1436 1155 1458 sos
1182 1436 1307 1479 semper
1333 1423 1640 1471 quaeritanti-actus,
1672 1423 1856 1460 exsufflante

1105 1474 1256 1528 nequitia,
1285 1473 1374 1509 irruit
1409 1474 1519 1508 iterum
1547 1474 1700 1509 excitatus
1726 1474 1765 1509 ab
1792 1475 1856 1518 illo,

1103 1536 1156 1570 qut
1182 1523 1322 1558 incentor
1343 1532 1389 1559 est
1413 1524 1566 1559 malorum
1588 1524 1743 1568 omnium,
1763 1537 1857 1560 vene-

1105 1586 1202 1608 nosus
1225 1573 1417 1608 Venetorum
1439 1582 1567 1615 ventus,
1587 1582 1632 1617 ut,
1650 1574 1783 1609 recidiva
1808 1587 1856 1622 pe-

1103 1631 1160 1667 ste,
1185 1624 1284 1670 ipsius
1306 1623 1438 1659 civitatis
1460 1632 1642 1659 concuteret
1660 1624 1803 1671 angulos,
1828 1633 1858 1659 et

1103 1681 1254 1708 eieiteret
1281 1673 1531 1709 fundamentum.
1565 1673 1627 1709 Sed
1655 1674 1764 1709 eadem
1797 1674 1857 1710 Ec-

1104 1722 1209 1763 clesia
1233 1723 1283 1771 pio
1298 1723 1358 1758 sibi
1373 1735 1497 1771 semper
1515 1723 1625 1758 affectu
1649 1724 1855 1772 compatiens

1106 1780 1175 1820 post
1203 1773 1384 1808 intentatam
1414 1786 1473 1828 per.
1490 1773 1616 1808 eosdem
1639 1772 1777 1809 Venetos
1799 1774 1857 1809 ho-

1103 1822 1240 1857 stilitatis
1273 1823 1358 1859 dirae
1393 1822 1564 1864 saevitiam
1597 1823 1677 1858 inter
1705 1823 1857 1859 terribiles

1103 1884 1211 1907 eorum
1235 1873 1372 1909 insultus
1387 1882 1417 1908 et
1433 1873 1600 1920 belligeros
1623 1874 1769 1921 impetuS,
1791 1875 1857 1921 qui-

1104 1924 1163 1958 bas
1182 1924 1339 1960 civitatem
1364 1924 1462 1972 ipsam
1487 1932 1516 1958 et
1539 1923 1669 1968 incolas,
1693 1932 1726 1958 ut
1747 1936 1855 1959 eorum

1103 1975 1242 2009 servituti
1267 1975 1371 2009 iterata
1394 1973 1529 2022 quadam
1554 1974 1641 2021 plaga
1661 1974 1855 2021 subigerent,

1103 2033 1133 2059 et
1160 2025 1299 2059 dolorem
1338 2038 1433 2072 super
1467 2024 1607 2059 dolorem
1649 2033 1854 2072 apponerent,

1104 2075 1243 2121 undique
1272 2074 1510 2122 impugnabant,
1534 2074 1669 2109 occurrit
1699 2074 1802 2108 statim
1826 2083 1854 2108 et

1102 2129 1188 2163 affuit
1228 2129 1401 2177 desperatis
1429 2129 1502 2163 siliis
1538 2129 1567 2162 in
1600 2141 1692 2162 manu
1720 2128 1789 2162 forti
1825 2137 1853 2163 et

1103 2184 1239 2230 gloriosa
1263 2184 1411 2231 potentia,
1433 2196 1525 2231 quae,
1548 2183 1738 2218 Venetorum
1763 2183 1854 2230 ipso—

1104 2252 1172 2273 rum
1189 2239 1299 2274 [uriam
1318 2239 1528 2285 ignominiose
1544 2237 1672 2277 calcata,
1687 2237 1726 2271 ab
1744 2249 1852 2272 eorum

1104 2293 1247 2328 saucibus
1269 2306 1323 2329 vos
1350 2302 1381 2327 et
1412 2293 1509 2340 ipsam
1542 2299 1762 2339 praepotenter
1791 2293 1854 2327 eri-

1104 2348 1183 2395 puit3
1210 2357 1240 2383 et
1266 2361 1281 2382 a
1306 2347 1502 2395 rugientibus
1536 2346 1726 2393 praeparatis
1753 2346 1789 2380 ad
1819 2359 1853 2380 e-

1103 2416 1188 2437 scam
1224 2416 1277 2437 sua
1313 2402 1429 2437 victrici
1465 2402 1590 2436 dextera
1629 2400 1785 2435 liberavit:
1822 2410 1853 2435 ut

1104 2458 1175 2497 iam,
1200 2470 1254 2504 per
1276 2457 1332 2491 Dei
1351 2457 1478 2502 gratiam
1502 2455 1598 2503 erepti
1622 2454 1660 2489 de
1685 2454 1853 2490 durissimo

1104 2511 1276 2546 Pharaonis
1309 2512 1452 2559 imperio,
1492 2510 1616 2557 possitis
1653 2510 1780 2544 liberius
1814 2511 1851 2544 ad

1102 2579 1237 2614 superna
1265 2566 1488 2607 conscendere,
1511 2573 1541 2600 et
1568 2564 1640 2612 iugo
1666 2565 1852 2612 captivitatis

1102 2621 1233 2666 abiecte,
1261 2628 1405 2668 acceptae
1427 2620 1530 2655 laetari
1553 2619 1728 2654 commodis
1757 2619 1853 2654 liber-

1104 2677 1182 2710 tatis.

1869 278 1917 303 An.
1937 276 1964 303 C.
1984 278 2049 303 t5t0

1883 744 1940 763 ··μ,Ιι-
1965 743 2052 768 Amastri<

1974 1344 2052 1360 aterum
