2274 3265
221 264 270 291 An.
284 262 312 290 C.
334 262 400 289 15¹0

237 1217 321 1237 nuum
341 1221 407 1243 eque-

224 1252 272 1269 ctris
297 1252 316 1268 et
341 1249 408 1274 peile-

224 1284 272 1299 ztris
295 1283 406 1301 numerus,

223 1311 399 1336 supendiniu.eir

467 250 537 283 208

419 316 477 350 bus
499 314 586 362 ipsis,
605 325 661 361 per
679 325 712 347 se
735 312 780 347 vel
801 324 856 360 pcr
874 311 981 353 alium,
1000 324 1055 346 seu
1075 310 1163 353 alios,

418 365 520 399 videat
546 370 577 398 et
603 362 749 410 inspiciat
775 369 886 396 statuta
910 361 1042 396 civitatis
1068 360 1165 407 ipsius

419 416 477 448 iam
501 413 591 457 facta,
613 421 643 447 et
664 411 832 458 diligenter
853 411 1026 451 examinem
1045 419 1074 445 et
1104 410 1165 444 uti-

418 463 456 498 lia
489 475 525 498 ac
552 461 726 497 necessaria
754 460 905 509 approbet
927 468 957 495 et
988 459 1164 498 confirmet,

417 513 573 561 superflua
596 524 668 547 vero
690 519 720 546 et
742 510 871 552 inutilia,
895 510 1043 545 damnosa
1066 517 1096 543 et
1113 520 1166 555 pe-

418 562 552 598 riculosa
575 561 731 609 reprobet,
755 569 873 596 resecet
896 568 925 595 et
949 560 1093 593 infirmet.
1127 558 1165 592 Et

417 612 543 654 deinde,
581 611 727 659 quotiens
766 610 977 645 necessarium
1011 607 1056 642 vel
1093 607 1166 641 utile

418 663 521 702 suerit,
556 661 734 709 praedictus
768 660 902 695 vicarius
931 671 946 693 a
988 656 1166 692 Ferraricn.

418 712 548 748 consilio
568 711 750 758 requisi111S‚
769 709 910 756 diligenti
936 706 1167 743 examinatione

420 761 601 810 praemissa,
640 769 752 795 statuta
790 758 963 794 necessaria
999 764 1028 791 et
1069 756 1168 799 utilia,

419 812 477 846 sibi
515 822 661 859 expressa
699 809 857 857 primitus,
895 807 958 842 lieri
993 805 1168 841 consentiat

421 861 484 896 ullo
519 860 625 905 modo,
661 868 690 893 ct
717 859 805 893 aliter
831 858 909 892 sacta
944 868 981 891 eo
1009 856 1079 903 ipso
1107 854 1169 889 sint

421 910 524 951 nulla3
547 918 577 945 et
599 910 628 944 in
654 908 809 956 principio
831 914 862 942 et
883 906 913 940 iu
938 905 999 940 fine
1026 904 1169 944 addatur,

420 959 503 1009 quod
527 967 642 994 statuta
669 958 728 991 sint
752 957 835 995 talia,
863 967 944 1003 quae
970 954 1094 994 honori,
1119 954 1170 987 iu-

420 1010 507 1046 ribus
528 1017 559 1043 et
586 1006 793 1043 iurisdictioni
820 1005 981 1040 Ecclesiae
1009 1003 1170 1038 Romanae

422 1072 483 1095 non
512 1058 677 1105 derogent,
703 1066 732 1092 et
759 1055 842 1104 quod
871 1054 984 1090 durent
1006 1053 1043 1088 ad
1073 1052 1171 1088 bene-

422 1108 571 1157 placitum
600 1106 763 1142 Ecclesiae
790 1104 975 1140 antedictae.

470 1159 491 1207 g
511 1161 566 1193 18.
584 1157 750 1192 Praeterea
766 1167 876 1190 omnes
893 1153 1037 1189 redditus
1055 1160 1085 1187 et
1104 1164 1173 1200 pro-

423 1217 534 1244 ventus
555 1207 690 1242 civitatis
712 1205 856 1241 eiusdem
880 1216 938 1239 nos
959 1211 990 1238 et
1008 1214 1172 1238 successo-

424 1270 474 1294 res
501 1256 597 1292 nostri
621 1256 651 1291 in
679 1255 821 1291 Ecclesia
842 1254 985 1289 Romana
1014 1264 1113 1300 usque
1135 1252 1172 1287 ad

424 1307 593 1343 triennium
617 1305 842 1354 percipiemus,
866 1304 917 1352 qui
940 1302 1082 1338 eiusdem
1112 1301 1174 1336 Ec-

425 1358 537 1393 clesiae
564 1356 693 1391 nomine
721 1354 865 1390 leventur
899 1361 928 1387 et
961 1351 1175 1400 percipiantur

427 1420 482 1456 per
503 1414 639 1454 quatuor
660 1405 744 1440 viros
766 1404 802 1439 ad
830 1403 859 1438 id
883 1402 1025 1443 idoneos,
1047 1414 1063 1436 a
1086 1413 1175 1449 prae-

426 1457 509 1492 ‹lieto
536 1455 651 1491 vicario
690 1452 904 1502 deputandosz
938 1463 1072 1500 quorum
1112 1451 1176 1485 duo

426 1507 535 1542 saltem
571 1505 634 1540 sint
670 1504 708 1539 de
739 1503 863 1538 civitate
903 1500 1078 1549 praedicta3
1114 1512 1176 1548 quo

427 1569 500 1592 casu
534 1567 645 1591 omnes
671 1565 826 1602 expensas
857 1564 914 1600 pro
936 1550 1120 1586 defensione
1147 1558 1177 1583 et

428 1606 559 1641 tuitione
594 1604 738 1648 civitatis,
774 1601 921 1638 territorii
949 1609 979 1635 et
1015 1600 1178 1634 districtus

429 1655 672 1704 praedictorum,
692 1666 750 1688 nec
768 1665 830 1687 non
850 1651 1032 1686 salariorum
1063 1649 1178 1692 vicarii,

429 1705 600 1753 potestatis,
623 1713 651 1738 et
667 1703 808 1738 omnium
833 1702 964 1737 aliorum
985 1699 1179 1742 officialium,

428 1764 459 1790 et
480 1755 556 1790 alias
574 1765 729 1801 expensas
751 1752 816 1787 lieri
837 1751 1006 1791 faciamus;
1026 1749 1070 1784 vel
1094 1748 1178 1796 quod

431 1805 642 1853 percipiamus
676 1803 706 1837 in
750 1809 939 1850 perpetuum
981 1799 1179 1834 medietatem

430 1855 557 1890 liberam
594 1853 747 1888 dictorum
777 1851 957 1887 reddituum
981 1858 1011 1884 et
1040 1861 1181 1898 proven—

430 1914 531 1945 tuum7
559 1911 589 1938 et
616 1914 786 1937 commune
807 1900 969 1936 Ferrariae
993 1899 1083 1934 aliam
1114 1910 1182 1932 me-

430 1955 575 1989 dietatem
606 1952 768 2000 percipiat,
795 1960 825 1985 et
851 1951 889 1985 de
911 1950 962 1984 illa
990 1961 1101 1983 omnes
1127 1960 1182 1982 ex-

432 2016 544 2052 pensas
567 2001 655 2037 faeiat
677 2000 884 2048 supradictas,
911 1999 1031 2034 scilicet
1061 1999 1183 2045 stipen-

431 2055 480 2089 dia
503 2061 629 2088 centum
664 2050 824 2099 equitibus
845 2058 874 2084 et
901 2049 1061 2084 sexcentis
1093 2047 1184 2095 pedi-

434 2104 529 2142 tibus,
552 2114 727 2149 eorumque
749 2099 932 2148 capitaneis,
954 2099 1007 2146 qui
1036 2099 1184 2133 continue

434 2154 497 2188 sint
519 2153 649 2191 ibidem,
671 2151 817 2185 videlicet
843 2148 978 2195 singulis
1006 2147 1185 2195 stipendia—

435 2203 489 2239 riis
505 2201 665 2250 equitibus
687 2201 768 2235 duos
782 2212 880 2247 equos
897 2197 1087 2233 habentibus
1106 2196 1185 2231 duo-

435 2253 550 2293 decim,
589 2251 709 2286 eisdem
745 2262 817 2285 vero
852 2248 987 2295 singulis
1013 2246 1180 2294 stipendia-

437 2304 490 2338 riis
518 2301 676 2349 peditibus
700 2313 755 2349 pro
782 2311 890 2335 eorum
919 2296 1085 2346 stipendiis
1107 2296 1187 2330 duos

436 2365 507 2387 cum
542 2351 671 2386 dimidio
706 2351 769 2385 auri
812 2349 946 2383 florenos
987 2360 1042 2395 pro
1078 2358 1187 2381 mense

437 2402 579 2450 quolibet
613 2399 838 2448 persolvendo;
865 2407 893 2433 ct
922 2396 1126 2432 nihilominus
1153 2408 1188 2429 e-

438 2465 586 2500 quorum,
609 2460 639 2486 et
661 2451 807 2487 aliorum,
830 2460 909 2496 quae
932 2455 1079 2482 consueta
1103 2453 1188 2488 sunt7

440 2502 597 2537 restitutio
620 2501 671 2536 liat
693 2500 730 2535 ad
754 2499 916 2534 arbitrium
941 2497 1044 2532 vicarii
1068 2495 1190 2529 antedi-

440 2553 498 2593 cti3
521 2564 654 2599 quorum
679 2550 787 2585 saltem
822 2547 1099 2595 stipendiariorum
1125 2557 1189 2578 nn—

443 2615 548 2636 merus
582 2602 673 2635 etiam
703 2599 788 2647 pacis
821 2607 960 2645 tempore.
995 2595 1190 2631 necessarius

443 2661 472 2686 et
495 2651 668 2697 expediens
692 2656 866 2696 reputatur.
890 2648 923 2680 Si
948 2659 1019 2680 vero
1043 2658 1189 2693 processu
1212 2677 1215 2687 ¹

993 256 1176 279 firmanum
1207 255 1366 278 ROMANUM

1182 314 1188 328 '
1207 309 1358 357 temporis
1380 307 1470 342 uobis
1491 315 1544 341 aut
1566 306 1801 342 successoribus
1827 306 1952 351 nostris,

1207 359 1252 394 vel
1276 358 1348 393 Sodi
1373 356 1572 404 Apostolicae
1596 355 1763 399 videretur,
1785 354 1868 403 quod
1890 355 1952 403 plu-

1209 421 1257 443 res
1278 407 1472 455 stipendiarii
1497 405 1662 441 necessarii
1698 404 1810 450 forent,
1835 404 1952 439 dictum

1207 469 1376 493 commune
1398 465 1542 492 teneatur
1561 456 1634 495 illis,
1653 462 1807 502 quotquot
1826 453 1954 499 suerint,

1207 507 1247 542 de
1268 507 1436 555 stipendiis
1459 507 1542 541 iuxta
1571 505 1759 539 taxationem
1789 503 1956 551 praeliabi-

1209 566 1268 591 tam
1293 557 1469 604 providere,
1491 555 1544 603 qui
1565 566 1675 589 omncs
1698 561 1854 601 ponantur
1872 565 1957 587 sem-

1210 619 1264 654 per
1291 619 1347 654 per
1370 607 1470 653 ipsum
1494 605 1655 645 vicarium,
1684 615 1778 652 quem
1803 616 1858 650 pro
1885 611 1957 638 tem-

1210 668 1285 703 pore
1305 657 1431 691 nomine
1450 656 1548 702 ipsius
1563 653 1723 689 Ecclesiae
1744 653 1784 687 ibi
1803 665 1871 688 esse
1886 665 1961 688 con-

1209 705 1320 752 tigerit.
1344 705 1437 748 Quod
1460 705 1485 739 si
1509 705 1598 739 etiam
1640 703 1730 738 nobis
1757 710 1806 737 aut
1831 715 1959 738 succes-

1211 755 1334 791 soribus
1356 755 1403 790 vel
1424 754 1499 789 Sedi
1524 753 1689 801 praedictis
1712 753 1879 792 videretur,
1897 764 1958 786 non

1211 804 1276 840 sore
1299 804 1505 840 necessariam
1545 803 1725 839 huiusmodi
1754 803 1894 851 equitum
1932 809 1961 836 et

1213 853 1352 901 peditum
1381 853 1598 901 quantitatem,
1633 853 1788 895 volumus,
1817 860 1848 887 ut
1878 852 1961 886 iuxta

1213 911 1348 944 nostrae,
1376 911 1406 938 ct
1427 914 1646 938 successorum
1671 903 1808 950 ipsorum
1834 901 1878 936 vel
1903 899 1962 935 Se-

1212 953 1259 988 dis
1277 952 1456 1001 praedictae
1478 952 1645 987 voluntatis
1666 951 1898 999 heneplacitum
1921 950 1964 998 ip-

1212 1016 1318 1038 sorum
1348 1014 1502 1037 numerus
1525 1002 1694 1042 minuatur,
1713 1009 1742 1035 et
1764 1001 1788 1035 si
1810 1000 1887 1035 forte
1906 1012 1964 1034 no—

1214 1053 1262 1088 bis
1289 1052 1335 1087 vel
1363 1051 1601 1087 successoribus
1627 1060 1679 1085 aut
1712 1049 1786 1086 Sedi
1821 1049 1965 1097 praefatis

1215 1102 1372 1137 videretur
1405 1101 1585 1149 expediens,
1620 1099 1702 1148 quod
1732 1099 1964 1147 praedictorum

1214 1151 1445 1200 stipendiorum
1474 1151 1630 1199 quantitas
1667 1157 1749 1184 esset
1786 1147 1965 1189 minuenda,

1216 1203 1261 1237 rel
1291 1202 1385 1236 etiam
1415 1199 1684 1247 augumentanda,
1707 1198 1888 1233 liuiusmodi
1912 1197 1968 1232 di-

1216 1251 1353 1286 minutio
1376 1251 1423 1285 rel
1447 1258 1674 1297 augumentum
1703 1248 1755 1284 fiat
1784 1249 1868 1283 iuxta
1905 1260 1968 1282 no-

1216 1310 1297 1336 strae
1333 1300 1378 1335 vel
1415 1312 1633 1335 successorum
1667 1307 1720 1333 aut
1755 1297 1849 1333 Sedis
1877 1297 1969 1345 ipso-

1218 1364 1286 1385 rum
1327 1350 1558 1398 beneplacitum
1597 1348 1777 1389 voluntatis,
1814 1347 1893 1382 sicut
1931 1346 1970 1381 de

1218 1399 1493 1448 stipendiariorum
1523 1411 1655 1434 numero
1677 1397 1823 1444 augendo
1842 1396 1888 1431 vel
1909 1396 1970 1431 mi-

1220 1450 1345 1485 nuendo
1373 1450 1521 1496 superius
1545 1457 1592 1483 est
1618 1460 1813 1495 expressum.

1267 1500 1287 1547 g
1319 1501 1375 1534 19.
1403 1499 1464 1533 Per
1499 1498 1617 1533 dictum
1656 1510 1782 1545 quoque
1819 1495 1968 1531 vicarium

1220 1548 1374 1596 stipendia
1398 1548 1437 1582 de
1461 1549 1592 1596 pecunia
1630 1547 1807 1594 recipienda
1836 1545 1874 1580 ab
1897 1545 1970 1589 illis,

1220 1600 1274 1647 qui
1297 1598 1436 1646 deputati
1460 1598 1576 1633 luerint
1598 1596 1635 1631 ad
1660 1596 1826 1631 levandum
1851 1594 1972 1630 medie-

1222 1658 1314 1683 tatem
1353 1647 1545 1695 praedictam
1581 1647 1656 1681 dicti
1694 1645 1871 1681 communis
1908 1657 1971 1679 no-

1223 1698 1320 1742 mine,
1343 1698 1388 1732 vel
1423 1698 1516 1732 etiam
1553 1696 1691 1736 aliunde,
1731 1695 1814 1730 unde
1854 1695 1971 1730 dictum

1221 1760 1391 1783 commune
1442 1747 1591 1789 voluerit,
1630 1746 1721 1781 dictis
1758 1744 1972 1793 stipendiariis

1224 1798 1454 1846 persolvantur:
1478 1809 1557 1844 quae
1579 1797 1604 1831 si
1630 1797 1708 1831 sorte
1730 1804 1805 1830 tunc
1830 1807 1890 1829 non
1911 1794 1974 1829 sus-

1225 1848 1364 1888 licerent,
1403 1859 1456 1895 per
1485 1854 1685 1895 potestatem,
1712 1845 1856 1880 antianos
1881 1853 1974 1891 atque

1225 1897 1392 1933 consilium
1426 1897 1464 1931 de
1502 1909 1660 1931 consensu
1684 1904 1713 1929 et
1741 1895 1900 1929 voluntate
1930 1893 1975 1926 vi—

1224 1948 1297 1982 carii
1321 1946 1479 1987 antedicti,
1503 1946 1549 1981 vel
1572 1945 1655 1993 quod
1679 1946 1773 1980 etiam
1811 1955 1910 1991 usque
1937 1942 1974 1977 ad

1227 1997 1319 2032 linem
1354 1996 1427 2031 dicti
1469 1996 1593 2031 triennii
1622 1993 1805 2030 huiusmodi
1834 1991 1976 2028 facienda

1226 2047 1336 2081 divisio
1358 2055 1509 2090 servetur,
1531 2046 1601 2093 quia
1635 2054 1710 2079 tunc
1732 2052 1874 2078 constare
1902 2042 1977 2090 ple-

1227 2097 1298 2131 nius
1326 2096 1449 2143 potcrit,
1472 2107 1565 2142 quem
1590 2094 1719 2129 modum
1748 2107 1818 2128 cum
1860 2093 1978 2127 lionore

1227 2154 1256 2180 et
1276 2146 1407 2180 utilitate
1431 2145 1601 2185 Ecclesiae„
1624 2143 1866 2190 communisque
1890 2154 1978 2189 prae-

1227 2196 1300 2230 dicti
1335 2196 1400 2230 lieri
1440 2194 1539 2230 valeat
1571 2194 1682 2229 divisio
1719 2206 1772 2228 seu
1800 2192 1979 2228 distributio

1230 2245 1406 2280 reddituum
1434 2253 1461 2279 et
1486 2252 1693 2292 proventuum
1738 2242 1978 2290 praedictorum

1230 2295 1274 2329 vel
1311 2295 1402 2329 ctiam
1437 2294 1521 2341 quod
1550 2294 1692 2328 Ecclesia
1721 2293 1749 2327 in
1793 2300 1978 2340 perpetuum

1230 2354 1328 2379 totum
1363 2344 1489 2391 recipiat
1512 2352 1542 2379 et
1559 2343 1669 2378 subeat
1704 2351 1851 2390 sumptus
1873 2342 1981 2375 liuius-

1232 2395 1313 2429 modi
1334 2402 1362 2428 ct
1397 2406 1562 2441 expetisaS‚
1586 2406 1641 2428 ncc
1665 2394 1693 2427 in
1717 2393 1776 2427 lioc
1797 2392 1906 2427 ultimo
1929 2403 1981 2425 ca-

1231 2458 1265 2478 su
1305 2444 1400 2491 aliqui
1424 2445 1462 2479 de
1484 2445 1619 2488 civitate,
1641 2443 1788 2477 comitatu
1813 2441 1857 2476 vel
1881 2441 1982 2475 ‹listri-

1232 2503 1282 2529 ctu
1313 2494 1471 2528 Ferrariae
1495 2494 1531 2528 ad
1556 2493 1741 2527 solvendum
1761 2492 1894 2539 aliquam
1925 2490 1982 2524 tal-

1233 2544 1304 2578 liam
1347 2544 1591 2591 eompellantui:
1634 2543 1688 2577 sed
1729 2542 1867 2577 Ecclesia
1917 2540 1981 2588 ipsa

1234 2606 1358 2641 semper
1385 2594 1509 2628 ‹lt—liubit
1533 2606 1642 2628 omnes
1675 2604 1827 2640 expensas
1868 2591 1983 2625 liuius-

1236 2645 1317 2677 moali
1353 2652 1547 2691 supportare.
1583 2643 1627 2677 De
1663 2641 1841 2689 praemissis
1881 2649 1982 2675 antem

1968 253 2016 277 An.
2033 249 2062 276 C.
2083 250 2149 276 ¹5¹0

1998 1507 2024 1527 De
2044 1505 2168 1526 redditibus.

1985 1540 2125 1565 expensisque
2142 1538 2167 1557 ad

1985 1577 2022 1591 eos
2038 1570 2152 1595 erigendos
