2274 3265
196 270 233 296 Αιι
263 271 279 295 ί.
312 270 375 295 ¹383

440 261 508 292 585

390 326 529 372 singulas
556 326 637 359 ticin
665 326 797 359 retinete
827 335 965 371 possent,
994 326 1137 360 volumus

390 390 426 409 io
451 376 517 421 ipso
534 387 601 408 issi
617 375 691 421 priv,
684 383 750 408 atos
764 383 792 408 et
810 374 964 409 inbabilts
977 375 1013 409 ad
1030 388 1138 422 quani-

389 438 524 471 (tritique
563 424 727 458 'idiniuistr
730 425 864 458 ’itiontin
907 425 1136 471 cuiuscttniqu(

390 476 555 522 piioiitus,
579 474 781 520 capellanum
811 475 1043 520 praeceptoriae
1080 487 1135 508 seu

387 525 500 559 doinus
542 522 711 569 saepedicti
749 522 911 570 hospitalis
949 523 988 558 de
1015 532 1136 558 caetero

388 574 642 608 obtinendorum.

436 629 450 666 ξ
475 627 505 657 li.
529 623 696 657 Caeterum
720 623 758 655 ‹le
781 622 933 669 probitate
955 630 986 656 et
1007 623 1135 656 circum-

256 687 335 700 wa..
355 674 551 719 ³-spocti0ne
585 672 688 706 dilecti
718 671 769 705 lilii
801 672 939 717 magistri
973 671 1136 718 hospitalis

305 720 365 765 ssu„
390 722 538 770 praedicti
567 729 711 767 gerentes
739 722 767 754 in
808 721 942 755 Domino
975 721 1136 764 fiduciam,

193 772 561 825 ,¹⁴1'c‘..'“'':,„'{''l'¹‘’'¹l⁰¹‘⁰¹¹¹
577 771 635 805 sibi
651 784 760 804 omncs
774 779 802 803 ot
814 771 954 817 singulos
971 770 1136 817 prioratus,

388 821 597 868 capellanias,
639 821 889 867 praeceptorias,
928 833 981 853 seu
1026 819 1137 854 domos

389 871 580 913 huiusmodi,
608 883 686 916 quos
713 883 766 904 scu
804 883 881 915 quas
908 879 969 904 tani
1000 881 1054 915 per
1081 869 1136 903 di—

389 921 584 959 missionem,
603 932 696 966 quani
725 932 779 965 per
803 919 1006 965 privationem
1026 918 1136 953 liuius-

388 971 471 1004 modi
497 982 603 1003 vacare
626 969 798 1014 continget,
826 968 967 1014 singulos
989 980 1043 1001 seu
1071 967 1137 1002 sin-

388 1019 476 1065 gulas
500 1018 639 1052 videlicet
665 1031 774 1050 eoi-uin
799 1031 852 1050 sen
873 1030 982 1052 earum
1004 1017 1138 1063 singulis

388 1082 422 1102 ex
443 1068 534 1102 dictis
557 1067 704 1101 fratribus
726 1066 868 1101 eiusdem
886 1067 1050 1115 hospitalis
1073 1066 1137 1101 ido-

389 1119 466 1155 neis,
491 1130 570 1164 qnos
592 1117 768 1151 secuudum
794 1116 893 1150 Deum
917 1125 948 1150 et
971 1116 1135 1152 utilitatem

388 1168 460 1201 dicti
485 1167 647 1212 hospitalis
664 1168 853 1213 reputaverit
872 1166 1028 1206 meliores,
1043 1179 1138 1212 super

387 1230 449 1264 quo
482 1216 706 1251 conscientiam
735 1228 822 1250 suam
859 1228 1052 1260 oneramus,
1081 1217 1139 1250 bac

388 1269 453 1300 vice
493 1266 693 1305 consi-rendi,
735 1266 859 1312 illisque
886 1265 924 1300 de
952 1266 1031 1313 ipsis
1059 1278 1138 1312 pro—

388 1316 510 1350 tidendi
550 1315 725 1350 secundnm
760 1315 1023 1351 consuetudinem
1063 1315 1137 1349 dicti

388 1365 552 1413 hospitalis
593 1366 622 1399 in
671 1365 836 1400 collatione
869 1378 924 1399 seu
959 1365 1139 1413 provisione

388 1415 568 1449 huiusmodi
583 1424 787 1461 piioratnum
798 1414 1055 1461 capellaniarum,
1066 1428 1140 1460 pr-ae

388 1466 598 1511 ceptoiiarum
623 1477 677 1498 sen
706 1465 872 1499 domorum
901 1464 977 1499 alias
1015 1464 1138 1499 solitam

389 1515 570 1561 gubernari,
583 1514 705 1561 plenam
721 1514 926 1549 concedimus
939 1522 1046 1549 tenore
1060 1526 1141 1560 prae-

389 1565 524 1599 sentium
554 1564 744 1598 facultatem.

438 1618 452 1657 ξ
482 1616 513 1647 5.
543 1614 755 1648 Decernentes
784 1625 821 1647 ex
849 1625 933 1647 nunc
960 1614 1081 1648 irritum
1109 1621 1140 1647 et

315 1674 322 1685 <
367 1673 375 1687 ³
390 1665 493 1703 inane,
516 1663 540 1697 si
564 1676 655 1697 secus
677 1676 774 1710 super
797 1662 833 1696 iis
851 1675 866 1696 a
888 1675 1050 1710 quoquam
1067 1675 1141 1709 qua-

391 1714 437 1747 vis
458 1714 641 1747 auctoritate
658 1713 793 1747 scienter
811 1712 856 1746 vel
876 1712 1056 1758 ignoranter
1070 1724 1142 1747 con-

392 1763 492 1808 tigerit
516 1763 671 1796 attentari.

441 1816 456 1855 ξ
483 1813 515 1845 6.
539 1812 622 1846 Nulli
650 1824 724 1858 ergo
752 1811 881 1846 omnino
916 1811 1080 1846 hominum
1104 1811 1142 1845 li-

394 1873 460 1896 ceat
484 1861 562 1895 bane
587 1862 728 1908 paginam
745 1869 923 1896 nostrorum
950 1861 1142 1908 privationis,

396 1912 563 1958 praecepti,
587 1911 766 1951 voluntatis,
791 1911 1006 1946 concessionis
1021 1919 1143 1946 etcon-

394 1961 566 1995 stitutionis
589 1961 770 2006 infringert,
793 1969 845 1995 etc

443 2011 556 2045 Datum
580 2011 662 2058 apud
686 1989 824 2045 ittoniem
851 2010 1035 2046 Flasconem
1056 2010 1143 2046 deci-

395 2074 445 2095 mo
473 2062 605 2108 septimo
629 2061 777 2096 kalendas
801 2060 949 2106 octobris,
977 2062 1144 2108 pontifica-

396 2120 445 2146 tus
468 2121 564 2146 nostri
592 2124 675 2146 anno
697 2118 797 2146 sexto.

416 2174 474 2203 Dat.
490 2174 536 2203 die
556 2174 590 2203 15
605 2173 782 2213 septembris
803 2174 885 2210 1383,
902 2178 979 2213 pont.
997 2183 1073 2204 anno
1089 2183 1125 2204 vi.

743 2310 807 2345 Vll.

403 2386 513 2418 Contra
552 2386 698 2430 officiales
716 2386 810 2419 laicos
842 2386 1055 2429 quoquomodo
1082 2397 1147 2429 per-

449 2448 537 2468 sonas
558 2436 769 2468 ecclesiasticas
796 2436 986 2471 banniemes,
1008 2436 1148 2479 releqan-

450 2493 487 2517 tes
509 2493 561 2518 out
586 2486 813 2529 proscribente&

666 2553 877 2583 SUMlllAltlUll‘l

404 2621 514 2650 (Lausae
544 2622 673 2651 edendae
705 2622 933 2651 constitutionis.
959 2638 997 2642 —
1022 2622 1047 2650 l.
1083 2620 1148 2650 Lata

446 2666 636 2695 anatheniatis
657 2676 746 2705 poena
767 2670 855 2702 cavet,
875 2676 909 2696 ne
929 2666 1068 2696 officiales
1087 2665 1151 2705 qui-

985 272 1168 293 mmmmm!
1198 271 1358 293 ROMANUM

1219 333 1345 362 cunique
1369 323 1436 353 laici
1462 323 1680 353 ecclesiasticos
1709 323 1859 360 banniant,
1879 330 1928 354 aut

1218 368 1322 408 quovis
1342 368 1426 397 modo
1450 367 1643 406 proscribant.
1665 384 1704 390 —
1725 368 1752 397 Ξ.
1774 367 1926 399 Obstanti-

1219 413 1274 442 bus
1302 413 1432 449 derogat,
1458 429 1495 434 —
1524 412 1551 442 3,
1574 411 1607 442 Et
1629 412 1698 442 huic
1727 413 1927 443 constitutioni

1219 458 1308 487 robur
1330 457 1431 486 adiicit
1446 456 1600 486 firmitatis.

1241 525 1362 553 Urbanus
1380 524 1522 559 episcopus
1540 531 1637 553 servus
1655 531 1794 554 servorum
1812 524 1874 558 Dei,

1335 573 1369 601 ad
1398 573 1522 602 futuram
1546 574 1586 602 rei
1605 573 1772 602 memoriam.

1227 645 1321 689 Quia,
1336 645 1417 679 sicut
1431 644 1634 700 displicenter
1646 646 1839 693 accepimus,
1855 658 1930 681 non·
1945 656 1998 707 dCau
2002 662 2036 677 sae
2051 657 2129 707 ιειιιῖιι-

1959 694 1982 707 θθ
1997 693 2048 708 [301ὶί
2060 695 2064 708 Ι
2078 694 2089 708 u
2101 693 2131 708 ¹0-

1180 695 1256 729 nnlli
1280 695 1474 730 diversarum
1500 695 1633 741 partium
1658 707 1828 742 principes,
1852 708 1929 731 mar·
1945 724 1984 739 n„

1179 745 1320 788 cliioues,
1343 744 1459 784 duces
1487 744 1634 786 comites,
1662 744 1796 780 barones
1822 753 1852 779 et
1878 746 1927 780 alii

1179 793 1313 834 nobiles,
1334 806 1456 829 necnon
1482 802 1662 840 potestates,
1685 795 1852 841 capitanei,
1877 795 1931 830 ba-

1180 843 1279 888 iulivi,
1301 843 1435 887 scabini,
1458 844 1610 887 advocati,
1636 852 1784 884 rectores,
1813 844 1932 880 iudices

1178 901 1209 928 et
1227 893 1387 933 consules,
1411 893 1528 940 aliique
1551 893 1697 929 officiales
1716 902 1745 928 et
1764 895 1931 929 consiliarii

1179 943 1353 985 civitatum,
1381 943 1586 990 oppidorum,
1619 952 1786 984 terrarum,
1813 954 1933 979 castro-

1181 1005 1248 1026 rum
1277 1000 1308 1026 et
1329 992 1462 1026 aliorum
1490 993 1645 1037 locorum,
1672 993 1789 1040 aliique
1813 994 1881 1029 laici
1904 1003 1933 1029 et

1180 1041 1304 1076 laicales
1327 1054 1492 1089 personae,
1515 1043 1691 1077 dominium
1725 1055 1781 1077 seu
1807 1043 1934 1079 iurisdi-

1180 1093 1317 1126 ctionem
1343 1092 1372 1125 in
1397 1092 1626 1148 temporalibus
1648 1092 1842 1148 obtinentes,
1866 1106 1935 1128 nec-

1181 1155 1243 1176 non
1273 1141 1410 1188 ipsarum
1434 1142 1594 1176 civitatum
1618 1143 1799 1177 eommunia
1820 1151 1850 1177 et
1875 1156 1935 1190 op-

1182 1191 1340 1237 pidorum,
1363 1199 1553 1232 castrorum,
1577 1199 1732 1227 terrarum
1752 1200 1782 1226 et
1800 1193 1933 1228 aliorum

1182 1241 1321 1276 locorum
1361 1241 1598 1285 universitates,
1631 1254 1692 1276 nou
1726 1242 1934 1278 attendentes.

1180 1291 1265 1338 quod
1290 1291 1375 1325 laicis
1398 1291 1427 1325 in
1457 1291 1589 1326 clericos
1611 1300 1641 1325 et
1664 1304 1815 1338 personas
1831 1293 1935 1327 eccle-

1181 1345 1324 1380 siasticas
1345 1353 1375 1380 et
1398 1345 1523 1380 illorum
1566 1346 1646 1380 bona
1676 1345 1759 1380 nulla
1783 1346 1822 1380 sit
1849 1347 1937 1381 attri-

1183 1400 1255 1434 buta
1280 1406 1430 1447 potestas,
1467 1399 1674 1434 nihilominus
1697 1400 1860 1435 ministros
1882 1400 1938 1435 Ec-

1182 1453 1307 1494 clesiae,
1343 1454 1435 1487 etiam
1473 1453 1631 1488 interdum
1667 1454 1696 1488 in
1729 1453 1938 1500 dignitatibus

1182 1508 1386 1548 constitutos,
1402 1508 1576 1542 temeritate
1594 1508 1719 1554 propria
1737 1507 1869 1543 bannire
1881 1521 1936 1543 seu

1184 1561 1321 1608 relegare
1342 1571 1396 1596 aut
1420 1561 1617 1609 proscribere
1641 1574 1701 1596 non
1726 1570 1887 1597 verentur.

1231 1621 1246 1659 g
1278 1618 1306 1650 1.
1331 1616 1395 1651 Nos
1417 1616 1568 1651 adversus
1591 1616 1799 1651 temeritatem
1826 1616 1938 1651 liuius-

1185 1671 1267 1705 modi
1289 1670 1464 1705 remedium
1488 1683 1647 1718 apponere
1669 1670 1846 1717 cupientes,
1868 1683 1937 1705 om-

1185 1737 1241 1759 nes
1267 1733 1297 1759 et
1315 1725 1458 1771 singulos
1485 1725 1556 1759 talia
1585 1733 1833 1772 praesumentes,
1852 1733 1883 1759 et
1901 1738 1936 1760 ea

1185 1779 1249 1813 lieri
1286 1780 1473 1814 mandantes
1501 1792 1556 1814 seu
1584 1792 1696 1814 eorum
1733 1780 1860 1814 nomine
1891 1780 1937 1815 vel

1186 1834 1332 1868 mandato
1355 1833 1445 1878 sacta,
1470 1843 1530 1868 rata
1561 1833 1729 1874 hahentes,
1760 1833 1806 1868 vel
1835 1835 1865 1868 in
1894 1835 1938 1870 eis

1186 1887 1337 1923 faciendis
1365 1887 1476 1923 dantes
1506 1887 1670 1928 auxilium,
1697 1888 1864 1923 consilium
1891 1887 1940 1923 vel

1187 1942 1335 1987 favorem,
1362 1943 1386 1977 si
1420 1942 1598 1989 singulares
1633 1954 1786 1989 personae
1808 1943 1940 1988 fuerint,

1186 1999 1414 2047 cuiuscumque
1455 1998 1728 2045 praeeminentiae,
1767 1998 1940 2047 dignitatis,

1187 2063 1287 2090 status
1310 2054 1357 2089 vel
1380 2054 1572 2089 conditionis
1594 2053 1740 2098 existant,
1763 2066 1869 2089 earum
1894 2055 1941 2089 vi-

1188 2109 1301 2145 delicet
1323 2108 1474 2156 singulas,
1493 2109 1518 2144 si
1538 2121 1612 2144 vero
1634 2109 1878 2145 communitates
1893 2109 1941 2145 vel

1190 2164 1411 2199 universitates
1433 2163 1603 2204 extiterint,
1622 2175 1734 2198 omnes
1753 2173 1784 2198 et
1799 2164 1942 2211 singulos

1189 2231 1296 2254 earum
1339 2218 1600 2254 communitatum
1636 2226 1667 2252 et
1702 2219 1941 2254 universitatum

1190 2282 1371 2322 potestateS,
1393 2273 1587 2321 capitaneos,
1605 2272 1767 2314 baiulivos,
1784 2273 1942 2319 scabinos,

1189 2329 1366 2371 advocatos,
1404 2336 1553 2369 rectores,
1582 2327 1715 2373 iudices,
1742 2328 1889 2364 consules
1912 2338 1942 2364 et

1190 2384 1351 2424 officiales,
1366 2395 1569 2443 quocumque
1591 2383 1721 2418 nomine
1742 2391 1941 2422 censeantur,

1191 2452 1226 2474 ac
1249 2438 1446 2473 consiliarios
1468 2445 1498 2472 et
1521 2437 1655 2485 privatas
1679 2449 1839 2484 personas,
1862 2450 1942 2485 quae

1193 2492 1372 2528 huiusmodi
1396 2492 1551 2539 sacrilegii
1577 2491 1811 2539 principaliores
1840 2499 1943 2539 patra-

1193 2557 1274 2582 tores
1300 2547 1479 2590 existerent,
1506 2546 1839 2582 excommunicationis
1866 2560 1942 2582 sen-

1192 2601 1306 2636 tentias
1333 2601 1506 2641 incurrere,
1535 2612 1656 2636 necnon
1686 2601 1859 2649 quamlibet
1881 2614 1941 2636 ea-

1194 2656 1337 2691 rumdem
1354 2656 1616 2691 communitatum
1631 2668 1686 2691 seu
1706 2656 1941 2692 universitatum

1944 271 1994 297 Αιι.
2012 269 2038 295 (ἶ,
2059 271 2125 296 1585

1965 1630 2014 1651 Lata
2047 1629 2138 1650 anathe-

1953 1663 2013 1682 matis
2025 1666 2094 1687 poena
2104 1666 2138 1680 ca-

1951 1695 1994 1718 vet,
2010 1697 2036 1712 ne
2057 1691 2139 1712 officia-

1951 1724 1982 1744 les
2008 1724 2135 1750 quicumque

1952 1754 2000 1774 laici
2031 1753 2138 1775 ecclesia-

1951 1786 2017 1807 sticos
2027 1785 2137 1809 banniant,

1952 1819 1987 1837 :ut
1996 1817 2070 1843 quovis
2077 1816 2137 1836 niodo

1953 1847 2100 1874 proscribant„
