2274 3265
98 278 145 305 Αιι,
165 279 181 304 Γ.
214 279 278 305 1530

894 276 1088 299 Miscuimus
1117 276 1164 298 xri
1188 275 1235 297 ΡΡ.

292 333 410 380 absque
431 333 629 368 solemnitate
658 331 837 367 huiusmodi
871 340 898 365 et
935 330 1043 377 poenis

293 382 510 430 infrascriptis,
534 391 563 417 ut
587 383 726 417 talicasu
752 381 848 416 valeat
873 380 1040 427 provideri,

292 440 407 467 tantam
436 433 555 479 absque
582 431 691 467 fraude
723 430 861 479 qualibet
884 442 1040 464 summam

292 482 428 528 iecipere
455 491 578 526 mutuo,
600 489 714 529 quanta
744 480 915 516 necessaria
950 479 1042 514 fuerit

293 544 348 576 pro
363 544 436 566 casu
454 531 602 578 praelato.
626 530 829 577 Recipieutes
849 537 955 564 autem
972 541 1042 563 mu-

292 591 377 615 tuum
403 583 431 615 ιιι
460 594 531 615 casu
561 580 766 619 huiusmodi
802 593 828 613 si
863 592 940 625 supi
945 591 1042 613 riores

289 631 430 665 eiusdem
455 630 613 676 religionis
640 643 701 664 nou
719 607 884 664 liabuerint
913 641 942 662 in
969 641 1042 663 con-

292 679 434 715 ventibus
451 680 605 727 propriis,
622 680 646 714 si
669 692 740 714 vei-o
762 679 940 726 superiores
966 678 1041 713 tales

291 729 468 773 habuerint,
495 729 612 764 eisdem
636 729 862 774 superioribus,
880 736 909 763 et
930 727 1040 762 nibilo-

290 779 395 814 minus
422 780 488 814 suis
520 779 754 819 conventibus,
789 779 814 813 si
848 786 1038 813 conventum

289 829 434 866 babeant.
458 829 536 863 iiifra
559 836 629 863 octo
643 828 722 871 dies,
747 836 910 875 postquam
930 840 1038 862 eorum

289 879 496 924 praesentiam
527 877 641 912 babere
678 877 843 913 commode
881 885 1039 924 poterunt,

288 929 315 962 id
339 940 508 975 exponere,
540 936 570 962 et
597 927 636 962 dc
660 929 695 962 iis
723 928 776 974 qui
806 928 836 962 in
861 929 928 975 ipso
956 940 1038 962 con—

287 987 385 1012 tractu
402 978 650 1016 intervenerunt,
665 990 718 1011 eos
736 978 886 1012 certiores
908 978 1040 1012 reddere

287 1037 462 1065 teneantur,
478 1035 507 1061 ct
531 1027 718 1062 conficiatur
736 1026 807 1061 inde
829 1027 994 1072 scriptura,
1012 1028 1037 1061 si

287 1078 361 1122 ipsis
384 1077 600 1123 superioribus
637 1077 681 1111 rel
705 1076 914 1111 conventibus
939 1078 1037 1110 risum

287 1128 377 1161 fucrit
400 1127 559 1173 expedire.
584 1126 736 1161 Pirelatus
759 1135 861 1160 autem
891 1139 945 1160 seu
974 1127 1038 1173 qui-

287 1178 332 1210 iis
358 1176 603 1216 administrator
626 1176 679 1223 qui
708 1175 805 1210 semet
830 1176 958 1222 iecepit,
973 1189 1037 1210 site

287 1226 517 1271 p·ii¹ticulariter
543 1226 609 1261 sive
631 1225 737 1268 simul,
760 1237 916 1259 summam
941 1238 1038 1272 piae—

285 1276 412 1320 dictatu,
427 1288 587 1310 communi
613 1274 819 1321 providentia,
841 1283 871 1308 ut
896 1274 1039 1321 praemit-

285 1334 369 1365 titur,
398 1333 618 1371 praetaxatam,
645 1324 869 1370 quodcumque
893 1331 1037 1358 mutuum

285 1375 411 1420 recipiat
443 1375 521 1408 ultra
544 1387 624 1411 eam,
662 1374 718 1407 uisi
749 1381 829 1408 esset
866 1373 1037 1417 modicum,

282 1424 366 1470 quod
400 1433 504 1459 tamen
549 1431 690 1470 quartam
736 1431 854 1470 partem
896 1424 1036 1458 eiusdem

283 1487 425 1509 summae
449 1488 509 1508 11011
534 1473 674 1512 excedat,
699 1482 842 1508 teneatur
863 1473 923 1509 sub
947 1474 1038 1508 infra-

283 1525 410 1571 scriptis
447 1525 558 1571 poeuis
592 1524 824 1558 solemnitatem
862 1524 1036 1559 secundam

284 1574 420 1620 plenarie
443 1574 620 1609 obseravire.
641 1574 733 1615 Quod
762 1574 787 1608 si
816 1574 923 1614 abbas
948 1587 1037 1620 prae-

284 1624 417 1670 positus,
445 1625 528 1671 prior
552 1623 597 1658 iel
622 1623 856 1658 admiiiistiator
879 1624 959 1658 alius
987 1623 1038 1657 di-

282 1681 349 1708 itae
372 1674 541 1720 religionis
569 1686 772 1721 quocumque
808 1674 937 1709 nomine
962 1686 1038 1708 ccii-

283 1731 397 1768 scatur,
419 1732 527 1759 coiitta
545 1736 714 1770 praemissa
731 1723 862 1764 iacietis
891 1732 1035 1758 mutuum

285 1774 361 1808 ultra
392 1774 506 1808 dietam
544 1786 699 1808 summani
736 1774 896 1808 communi
934 1773 1038 1820 piori-

284 1823 387 1858 ‹lentia
417 1831 550 1858 taxatam
582 1823 700 1870 absque
724 1823 805 1858 dicta
840 1823 1038 1858 solemnitate

287 1873 479 1920 iecipiendo,
507 1874 610 1908 locuni
643 1873 701 1907 sibi
730 1874 949 1913 commissum,
986 1882 1038 1907 aut

287 1924 377 1965 iura,
406 1923 544 1958 redditus
592 1936 647 1957 scu
685 1923 901 1969 possessiones
937 1924 1039 1969 ipsius

285 1985 432 2020 expresse
454 1972 663 2019 obligaverit,
694 1972 739 2006 iel
767 1973 872 2007 literas
905 1973 950 2008 vel
989 1973 1039 2007 in-

285 2031 458 2057 strumenta
486 2022 699 2057 concessionis
740 2022 785 2055 vel
815 2023 1039 2068 recognitionis

285 2084 380 2119 super
395 2072 454 2107 lioc
480 2072 739 2107 concesseritseu
756 2072 832 2107 alias
853 2072 1037 2106 submiserit

286 2122 362 2157 tiiisi
387 2122 464 2156 infra
487 2135 540 2156 sex
564 2134 689 2156 menses
707 2122 885 2157 immediate
907 2134 1037 2169 sequen-

287 2181 342 2211 tes,
376 2171 584 2218 obligationes
620 2179 650 2206 et
671 2171 900 2207 submissiones
924 2172 1038 2206 liuius—

287 2220 370 2256 modi
386 2234 508 2256 cessare
524 2221 660 2266 fecerit),
682 2222 720 2256 sit
735 2222 762 2255 ei
782 2235 819 2256 ex
838 2230 923 2261 tunc,
939 2221 1039 2255 donec

286 2284 319 2305 ea
348 2272 564 2319 compleverit,
593 2271 751 2306 Ecclesiae
780 2271 966 2306 interdictus
988 2272 1037 2305 in-

286 2333 426 2367 gressus,
448 2330 477 2356 et
503 2333 632 2367 insuper
656 2329 838 2368 praepositi,
859 2334 977 2367 priores
1009 2330 1038 2355 et

286 2371 336 2405 alii
364 2371 634 2406 administratores
665 2372 860 2417 superiorem
896 2372 1036 2405 eiusdem

288 2420 462 2475 religionis,
486 2433 547 2454 non
563 2431 666 2454 tamen
688 2429 892 2464 conventum,
921 2420 1038 2455 liaben-

288 2479 346 2513 tes,
370 2471 394 2504 si
421 2470 591 2517 praefatum
609 2469 808 2504 interdictum
827 2483 880 2517 per
895 2470 971 2504 alios
986 2483 1037 2505 sex

289 2533 413 2554 menses
438 2520 593 2566 praefatos
607 2532 661 2554 sex
678 2519 856 2554 immediate
871 2528 1039 2567 sequentes

289 2569 487 2615 peitinaciter
513 2569 754 2607 substinuerint,
781 2569 843 2603 sint
869 2582 905 2604 ex
933 2579 1038 2604 tunca

287 2619 354 2654 suis
386 2618 710 2654 administrationibus
737 2620 903 2666 suspensi,
938 2619 1039 2654 donec

286 2668 492 2716 obligationes
508 2669 684 2717 praedictae
701 2668 860 2715 tollantur,
875 2677 906 2705 et
930 2681 1037 2705 eorum

1716 263 1774 295 451

1083 329 1373 364 administrationes
1398 329 1539 364 redditae
1569 329 1683 364 fuerint
1711 329 1832 364 indem-

1085 392 1149 413 nes.
1186 379 1401 426 Suspensione
1431 387 1533 413 autern
1564 379 1745 414 liuiusmodi
1773 378 1833 413 du-

1085 436 1182 469 rante,
1204 429 1383 474 superiores
1399 428 1570 463 immediati
1588 429 1688 463 taliter
1702 441 1834 475 suspen-

1083 490 1188 512 sorum
1217 477 1504 512 administrationes
1525 490 1633 512 eorum
1667 479 1834 525 recipiant,

1083 540 1197 574 easque
1222 541 1275 574 per
1297 541 1329 561 se
1365 527 1410 561 rel
1440 528 1517 561 alios
1553 527 1684 561 fideliter
1711 540 1832 573 gerere,

1082 585 1111 611 et
1136 577 1313 611 imdemnes
1336 589 1392 623 pro
1410 589 1500 624 posse
1524 576 1654 611 reddere
1677 577 1833 619 studeant,

1082 640 1116 661 ac
1140 626 1347 661 nihilominus
1375 639 1549 673 suspensos
1582 626 1710 660 eosdem
1746 627 1833 661 aliter

1084 676 1206 723 punire
1222 685 1313 724 prout
1328 675 1439 723 culpae
1454 675 1587 722 qualitas
1605 677 1755 722 exercui
1772 689 1831 710 nou

1082 727 1234 761 omittant.
1268 726 1302 761 Si
1335 739 1405 773 quis
1434 734 1536 760 autem
1567 702 1682 759 [amero
1692 738 1834 772 suspen-

1083 789 1189 811 sorum
1229 775 1468 823 supeiioribus
1464 775 1541 823 ipsis
1558 775 1587 809 in
1611 774 1778 821 praedictis
1796 775 1834 810 de

1083 827 1160 861 facto
1187 826 1401 861 contradicere
1435 826 1703 873 praesumpserit,
1739 834 1768 860 et
1803 826 1833 859 in

1081 876 1328 911 contradictione
1342 875 1522 911 huiusmodi
1538 889 1591 922 pei·
1601 885 1671 911 octo
1687 875 1752 910 dies
1767 887 1834 929 per-

1082 926 1484 982 tinaciterperseveraverit,
1498 925 1833 961 excommunicationis

1082 978 1219 1011 incurrat
1233 976 1418 1011 sententiam
1431 989 1499 1023 ipso
1509 976 1600 1015 facto,
1612 988 1705 1022 quain
1722 976 1747 1010 si
1761 974 1833 1010 sub-

1080 1027 1224 1060 stiuuerit
1249 1025 1397 1072 pertinaci
1421 1038 1526 1060 ammo
1554 1038 1608 1072 per
1623 1038 1675 1059 sex
1694 1036 1832 1065 menses,

1081 1076 1242 1122 dignitate
1257 1075 1371 1119 officio,
1386 1074 1656 1109 administratione
1670 1087 1724 1109 seu
1742 1075 1830 1109 bene

1850 271 1897 296 Ati.

1853 1104 1904 1125 Lm<
1910 1110 1913 1122 ι
1919 1111 1965 1125 ’,με

1914 271 1931 295 Γ.
1966 272 2030 296 ιἰὖῡ

1970 1112 1975 1119 ,2
1989 1113 2030 1128 ,ΙιΗι

1082 1126 1152 1160 licio
1166 1138 1220 1172 per
1235 1138 1307 1159 etim
1323 1125 1449 1159 obtenta
1469 1137 1524 1159 seu
1536 1125 1664 1159 obteiito
1682 1124 1829 1171 pi¹ii¹.ctur
1846 1139 1882 1158 ιιι,-
1904 1140 1928 1156 ι
1953 1145 2009 1157 «ηιμ.

1129 1179 1143 1217 ἕ
1171 1177 1227 1209 45.
1252 1174 1410 1216 Quoniam
1441 1187 1475 1208 ex
1505 1175 1613 1209 minus
1637 1173 1762 1221 proiida
1786 1173 1831 1208 lo-

1080 1224 1201 1259 catione
1243 1223 1382 1258 locorum
1407 1223 1565 1270 religionis
1587 1223 1746 1261 eiusdem,
1775 1236 1830 1257 seu

1080 1274 1284 1308 concessione
1314 1274 1453 1320 ipsorum
1470 1273 1507 1307 ad
1538 1273 1672 1312 firmam,
1701 1285 1834 1319 proven-

1081 1332 1169 1358 tuum
1199 1324 1339 1357 locorum
1371 1322 1510 1369 ipsorum
1546 1323 1677 1368 plurima
1707 1322 1834 1369 pertulit

1082 1372 1231 1407 hactenus
1258 1372 1338 1407 dicta
1363 1372 1470 1418 religio
1492 1371 1693 1410 detrimenta,
1716 1372 1832 1406 salubri

1081 1422 1285 1477 probibemus
1311 1422 1438 1461 edicto,
1468 1435 1505 1456 ne
1534 1421 1672 1461 abbates
1702 1423 1834 1469 priores,

1081 1473 1248 1520 praepositi
1278 1480 1331 1506 aut
1362 1473 1474 1507 caeteri
1493 1472 1762 1507 administratores
1784 1486 1834 1508 re-

1081 1523 1205 1570 ligionis
1234 1523 1344 1570 ipsius,
1372 1523 1438 1557 sine
1461 1535 1554 1557 causa
1579 1523 1755 1557 necessaria
1788 1523 1832 1559 vel

1081 1573 1159 1612 utili
1184 1573 1247 1607 loca
1271 1585 1346 1607 suae
1373 1572 1634 1607 administrationi
1654 1573 1833 1614 commissa,

1081 1624 1126 1658 rel
1157 1631 1327 1670 proventus
1354 1623 1496 1670 ipsorum
1526 1623 1679 1663 locorum,
1707 1623 1744 1657 ad
1775 1624 1835 1658 fir—

1081 1687 1161 1709 mam
1202 1672 1324 1707 tradere
1372 1685 1426 1707 seu
1475 1672 1577 1707 locare
1619 1682 1833 1718 praesumant.

1079 1723 1171 1766 Quod
1200 1723 1223 1757 si
1257 1736 1293 1757 ex
1328 1736 1420 1757 causa
1450 1722 1631 1757 huiusmodi
1661 1723 1690 1758 id
1732 1723 1835 1758 facere

1082 1773 1258 1816 volueriut,
1286 1781 1315 1807 et
1343 1773 1513 1820 capitulum
1553 1785 1609 1807 seu
1642 1781 1833 1808 conventum

1081 1824 1261 1866 habuerint,
1290 1836 1351 1857 non
1381 1831 1484 1858 tamen
1526 1823 1719 1870 superiorem
1760 1824 1834 1858 reli-

1079 1874 1181 1921 gionis
1209 1873 1365 1910 eiusdem,
1393 1873 1528 1907 debeant
1555 1886 1626 1907 cum
1651 1873 1762 1909 eodem
1786 1887 1834 1909 ca-

1081 1924 1179 1971 pitulo
1214 1936 1269 1957 seu
1297 1930 1452 1958 conventu
1495 1923 1694 1969 praemittere
1723 1932 1835 1959 tracta-

1081 1983 1145 2008 tum
1166 1973 1204 2008 de
1223 1985 1315 2008 causa
1340 1973 1535 2011 huiusmodi,
1555 1972 1637 2007 etde
1660 1974 1835 2020 quantitate

1081 2024 1184 2070 pretii,
1211 2032 1242 2057 et
1263 2022 1323 2058 sub
1350 2022 1467 2070 quibus
1494 2022 1761 2069 obligationibus,
1805 2032 1835 2058 et

1080 2073 1118 2108 de
1142 2086 1273 2120 persona
1291 2073 1386 2113 illius,
1418 2072 1570 2107 cuifirma
1601 2085 1654 2107 seu
1683 2073 1834 2119 obligatio

1080 2123 1261 2158 buiusniodi
1286 2123 1378 2158 suerit
1395 2122 1708 2170 facienda,ipsasque
1732 2124 1834 2158 facere

1079 2185 1150 2207 cuni
1179 2173 1312 2208 consilio
1340 2173 1438 2220 ipsius
1459 2173 1588 2220 capituli
1624 2186 1679 2208 seu
1700 2187 1834 2209 conven-

1080 2231 1129 2257 tus
1171 2223 1215 2258 vel
1245 2224 1373 2258 maioris
1399 2224 1493 2270 partis
1516 2223 1670 2257 eiusdem.
1699 2223 1731 2258 Si
1761 2237 1834 2259 vero

1080 2273 1250 2319 capitulum
1280 2286 1334 2307 seu
1376 2280 1566 2307 conventum
1603 2274 1776 2320 proprium,
1804 2282 1835 2309 et

1082 2321 1286 2357 nibilominus
1301 2323 1494 2368 superiorem
1508 2322 1649 2357 eiusdem
1671 2323 1834 2370 religionis

1080 2371 1259 2416 liabueriiit,
1288 2385 1349 2407 non
1379 2373 1479 2406 solum
1509 2385 1581 2407 cuin
1606 2373 1673 2419 ipso
1696 2374 1833 2420 capitulo

1080 2434 1133 2456 seu
1158 2430 1328 2465 conventu,
1347 2422 1400 2457 sed
1429 2423 1523 2456 etiam
1548 2435 1618 2457 cum
1642 2422 1753 2457 eodem
1777 2436 1832 2458 su-

1082 2472 1203 2517 periore
1242 2471 1361 2506 dictum
1397 2479 1561 2506 tractatum
1598 2471 1831 2518 praehabeant,

1080 2530 1108 2554 et
1136 2533 1208 2555 cuni
1237 2521 1370 2556 consilio
1409 2521 1536 2568 capituli
1572 2534 1627 2556 seu
1657 2531 1832 2557 conventus

1082 2571 1234 2618 ipsorum,
1263 2571 1308 2606 vel
1336 2571 1463 2606 maioris
1490 2571 1597 2618 partis,
1629 2584 1665 2606 ac
1691 2571 1730 2606 de
1757 2571 1830 2606 dicti

1080 2620 1254 2668 superioris
1276 2621 1420 2660 licentia.
1449 2629 1479 2655 et
1507 2633 1568 2655 non
1596 2620 1684 2656 aliter
1710 2621 1746 2656 ad
1778 2634 1831 2656 eas

1081 2670 1261 2718 procedant.
1300 2669 1332 2705 Si
1369 2679 1473 2706 autem
1502 2671 1624 2719 priores
1661 2671 1705 2707 vel
1736 2684 1829 2719 prae-

1846 1156 2031 1221 ΘῐΊιιιἽιγιιῦτιῆιΙῐ1

1847 1204 1935 1224 cisa-nd
