2274 3265
985 293 1083 316 mnssx
1107 293 1218 316 nauum
1747 284 1807 315 771

431 350 621 394 adhibenda,
647 352 722 384 ibid.
751 349 797 384 De
827 349 943 384 ieiunio
970 358 999 384 ct
1027 362 1081 384 esu
1109 349 1272 387 carnium,
1295 350 1368 383 ibid.
1398 348 1442 383 Dc
1474 349 1596 383 choreis
1614 376 1621 387 ,
1649 349 1862 396 conviviisque

433 399 602 446 fugiendis,
625 408 653 434 ct
681 400 774 434 armis
797 412 858 434 non
886 398 1075 442 deserendis,
1100 399 1172 432 ibid.
1189 399 1215 432 b.
1233 397 1278 432 Dc
1303 398 1497 432 infirmorum
1520 411 1592 432 cura
1619 406 1647 431 ct
1667 406 1862 432 mortuorum

433 449 598 494 suffragiis,
620 451 694 483 ibid.
723 449 770 483 De
797 448 949 483 electione
979 447 1164 483 correctoris
1203 448 1382 493 generalis,
1424 447 1588 494 priorissae
1624 456 1715 493 atque
1754 460 1862 482 eorum

431 499 554 537 officiis,
577 499 646 532 706
673 511 700 531 α.
733 497 777 532 De
800 498 992 545 peccantium
1009 497 1200 532 correctione
1214 505 1243 531 ct
1262 497 1496 539 emendatione,
1516 499 1588 531 ibid.
1612 499 1640 530 b.
1661 496 1705 531 De
1729 509 1863 543 congre-

431 546 610 593 gationibus
633 560 739 581 mense
763 546 903 593 quolibet
925 547 955 581 in
978 546 1107 581 ecclesia
1135 546 1261 580 fratrum
1284 547 1454 581 Servorum
1482 555 1510 580 et
1533 546 1790 580 subordinatione
1807 560 1863 592 gt·-

432 596 525 631 nerali
548 596 689 638 Ordinis,
716 599 783 629 707
811 609 840 630 α.
869 596 915 631 De
942 596 1126 631 correctoris·
1139 604 1168 629 ct
1189 596 1354 642 priorissae
1382 595 1584 642 dispensandi
1609 595 1646 629 ab
1669 595 1865 629 abstinentiis

432 645 587 686 facultate,
614 647 689 680 ibid.
716 646 839 692 Regula
859 646 934 681 haec
960 658 1022 680 non
1040 645 1158 692 obligat
1176 645 1212 679 ad
1235 645 1378 692 culpam,
1406 645 1460 679 sed
1492 645 1529 679 ad
1555 658 1685 692 poenam
1703 672 1710 685 ,
1740 647 1813 678 ibid.
1837 647 1863 678 b.

333 694 540 742 Theologicae
569 695 721 730 facultatis
743 695 821 740 laus,
849 697 917 729 517
941 697 968 730 b.

332 744 528 779 Tholosanus
561 744 849 792 archiepiscopatus
879 744 1134 785 dismembratur,
1167 752 1197 779 ct
1219 744 1444 792 Appiamarum
1477 744 1676 791 episcopatus
1706 743 1860 789 erigitur,

434 797 501 829 152
517 807 546 829 a.

304 874 305 877 ,
332 843 532 879 Tholosanus
553 844 753 892 episcopatus
775 844 937 889 dividitur,
958 846 1028 879 24ιὸ
1046 846 1073 878 b.
1091 844 1123 878 Ιιι
1141 843 1338 891 metropolim
1361 843 1503 890 erigitur,
1527 844 1596 877 246
1624 845 1651 876 b.
1678 842 1777 889 Eique
1799 844 1866 877 sul-

433 893 583 940 fragancae
605 894 817 929 subiiciuntui
838 894 1011 934 Ecclesiae
1033 896 1107 928 ibid

331 942 469 978 Thomae
491 943 550 987 (B.)
578 943 616 978 de
644 943 767 990 Aquino
794 944 984 988 encomium,
1013 946 1083 977 503
1104 957 1132 978 α.
1156 943 1259 999 Opera
1289 942 1437 977 nonnulla
1466 942 1585 982 scribit,
1614 943 1687 976 ibzssd
1720 944 1748 985 b.
1785 942 1865 976 Ori-

431 993 505 1027 tioui
533 1002 562 1027 et
597 993 702 1028 studio
724 993 848 1028 assidue
877 1003 974 1037 vacat,
1001 1001 1092 1040 atque
1121 992 1484 1036 castitate,sobrie121‹
1527 992 1700 1026 humilitati·
1732 992 1865 1039 aliisqu«

430 1043 594 1077 virtutibus
617 1043 800 1090 praelulget,
830 1044 902 1077 ibid.
927 1042 1041 1077 Ultima
1070 1043 1246 1077 infirmitate
1275 1043 1303 1076 iu
1334 1042 1522 1076 monasterio
1543 1041 1659 1075 Fossae
1686 1041 1790 1075 Novae
1819 1042 1864 1075 Ιι-

430 1093 527 1135 horat,
556 1095 625 1126 504
653 1105 682 1126 α,
713 1092 865 1126 Viaticum
890 1105 1017 1127 sumens
1044 1105 1099 1127 sua
1127 1093 1240 1139 scripta
1263 1093 1297 1126 S.
1329 1091 1365 1125 R.
1391 1091 1425 1125 E.
1455 1091 1574 1125 iudicio
1600 1090 1767 1131 submittit,
1787 1092 1861 1124 ibid.

431 1145 459 1176 b.
482 1141 640 1176 Miraculis
662 1142 768 1182 claret,
797 1144 866 1175 505
889 1155 918 1176 α.
942 1142 1128 1176 Sanctorum
1149 1142 1361 1176 confessorum
1386 1141 1547 1186 cathalogo
1571 1139 1773 1183 adscribitur,
1793 1142 1861 1173 507

430 1194 458 1225 b.
488 1191 565 1225 Eius
592 1190 741 1226 festivitas
768 1190 965 1235 celebranda,
995 1192 1150 1239 proposita
1180 1191 1371 1237 indulgentia
1408 1191 1476 1225 eius
1503 1189 1703 1236 sepulchrum
1736 1189 1866 1223 visitan-

430 1240 523 1284 tibus,
552 1242 622 1276 508
644 1254 673 1275 α.

331 1290 468 1325 Thomas
495 1290 553 1333 (B.)
575 1290 744 1337 episcopus
767 1289 1011 1324 Herfordiensis.
1038 1290 1113 1324 Eius
1139 1303 1238 1336 genus
1265 1298 1294 1323 et
1319 1289 1500 1336 primordia,
1523 1291 1586 1322 291
1616 1290 1643 1322 b.
1668 1287 1865 1322 Abstinentia

431 1349 460 1374 et
483 1339 678 1383 castimonia,
705 1341 779 1373 ibid.
811 1338 890 1384 Erga
915 1352 1067 1386 pauperes
1099 1340 1339 1386 proximumque
1367 1339 1517 1378 charitas,
1546 1341 1615 1372 292
1655 1350 1684 1371 α.
1717 1337 1866 1381 Optima.

433 1389 567 1436 praesul,
589 1390 663 1423 ibid.
688 1388 828 1423 Orationi
853 1401 964 1423 vacans
977 1397 1006 1423 et
1027 1390 1159 1435 pastoris
1183 1388 1322 1435 partibus
1337 1389 1453 1435 optime
1477 1388 1623 1433 fungens,
1644 1388 1718 1420 ibid.
1749 1386 1867 1421 Romae

431 1438 574 1477 moritur,
602 1446 631 1472 et
653 1437 760 1471 multis
782 1437 898 1483 ubique
926 1438 1084 1472 miraculis
1106 1438 1212 1481 claret,
1240 1440 1313 1472 ibid.
1340 1446 1370 1471 et
1394 1439 1465 1471 295
1489 1450 1518 1471 α.
1541 1436 1728 1471 Sanctorum
1756 1449 1866 1470 canoni

428 1487 628 1532 adscribitur,
656 1489 728 1521 ibid.
759 1489 786 1521 b.
816 1486 894 1522 Eius
922 1487 1072 1523 festivitas
1099 1487 1285 1522 celebranda
1308 1495 1338 1521 et
1375 1486 1567 1533 indulgentia
1607 1486 1763 1533 proposita
1800 1487 1867 1520 eius

429 1537 631 1585 sepulchrum
659 1536 869 1577 visitantibus,
896 1539 971 1571 ibid.

330 1587 484 1631 Tinellus,
510 1587 668 1621 Tinellum
696 1586 771 1633 quid
798 1586 848 1626 sit,
868 1588 930 1621 551
959 1600 989 1621 a.
1024 1588 1058 1620 V.
1082 1595 1186 1622 notam
1211 1587 1246 1620 ad
1271 1586 1387 1621 calcem
1408 1585 1523 1620 colum.
1552 1585 1655 1620 eiusd.

332 1636 505 1671 Torticium
533 1636 607 1683 quid
635 1635 695 1675 sit,
724 1638 793 1671 552
821 1648 850 1669 α.
884 1637 918 1669 V.
943 1644 1047 1670 uotam
1076 1636 1113 1670 ad
1137 1636 1255 1671 calcem
1278 1636 1392 1671 colum.
1420 1635 1522 1670 eiusd.

331 1685 521 1733 Tutellensis
545 1685 748 1733 episcopatus
774 1685 914 1732 erigitur,
942 1688 1011 1719 277
1040 1698 1069 1721 α.

1084 1790 1122 1830 U

333 1886 576 1934 Ulyxiponensis
599 1886 768 1922 Academia
787 1888 991 1930 confirmatur
1015 1887 1168 1933 variisque
1190 1893 1317 1921 ornatur
1340 1884 1519 1932 privilegiis,
1546 1887 1614 1920 105
1635 1887 1662 1920 b.

331 1936 479 1971 Urbanus
505 1936 532 1970 V
559 1936 640 1984 Papa
665 1949 700 1972 cc
727 1937 862 1983 eligitur,
890 1940 959 1972 519
982 1950 1012 1971 α.

329 1985 475 2021 Urbanus
496 1985 537 2020 Vl
565 1986 647 2033 Papa
671 1998 733 2021 ccu
761 1987 899 2033 eligitur,
927 1989 997 2021 580
1021 1988 1051 2020 b

328 2035 422 2070 Urbis
448 2035 595 2070 Studium
618 2035 791 2078 ordinatur,
813 2049 944 2084 eiusque
972 2035 1132 2083 privilegia
1155 2035 1393 2072 confirmantur,
1417 2035 1488 2068 275
1517 2047 1547 2068 α.

1081 2189 1120 2230 V

334 2286 505 2322 Vabrensis
529 2286 729 2334 episcopatus
751 2287 896 2332 erigitur,
919 2289 988 2321 249
1013 2288 1039 2320 b.

335 2337 494 2372 Valentiae
517 2349 647 2383 regnum
673 2336 859 2371 conceditur
883 2336 1030 2383 Philippo
1054 2335 1245 2370 Francorum
1270 2336 1347 2381 regi,
1373 2337 1442 2369 450
1464 2348 1493 2369 α.

334 2387 442 2424 Vares,
470 2385 567 2422 Varii,
595 2387 729 2420 murium
758 2388 892 2432 species,
919 2387 990 2420 446
1019 2388 1045 2419 b.
1077 2386 1110 2418 V.
1139 2392 1241 2419 notam
1271 2384 1308 2418 ad
1337 2384 1454 2418 calcem
1484 2384 1599 2418 colum.
1623 2383 1723 2418 eiusd.

335 2436 465 2471 Vassalli
488 2435 716 2478 Ecclesiarum,
741 2437 785 2469 82
813 2449 842 2469 α,

336 2485 504 2531 Vectigalia
528 2494 557 2519 et
581 2485 709 2531 pedagia
732 2498 747 2518 a
778 2485 893 2532 populo
917 2485 1071 2527 Romano,
1090 2483 1209 2530 absque
1232 2483 1323 2517 Sedis
1339 2482 1536 2530 Apostolicae
1561 2481 1700 2521 licentia,
1726 2483 1867 2527 imposita

435 2542 630 2573 revocantur,
659 2538 722 2569 461
756 2547 784 2568 α.
810 2535 861 2569 lus
883 2547 916 2569 ea
946 2534 1128 2581 imponendi
1159 2532 1316 2578 vectigalia
1344 2533 1380 2566 ad
1409 2545 1488 2578 quos
1515 2540 1645 2579 spectet,
1671 2534 1733 2565 461
1765 2533 1791 2564 b.

336 2584 524 2619 Venaisinus
551 2584 728 2619 comitatus.
761 2586 793 2618 V.
820 2584 1046 2619 Aveniouensis
1068 2583 1217 2618 Ecclesia.

336 2633 498 2669 Venceslai
532 2642 560 2668 et
597 2633 699 2668 Caroli
743 2646 849 2680 rogum
883 2633 1098 2669 Romanorum
1134 2632 1254 2667 foedera
1292 2644 1363 2666 cum
1398 2631 1567 2666 haereticis
1603 2630 1679 2665 inita
1706 2630 1787 2665 nulla
1811 2630 1869 2663 dt·-

432 2684 601 2722 clarautur,
624 2684 694 2718 584
717 2695 745 2718 α.
