2274 3265
221 244 282 274 Au.
300 244 327 269 C.
345 243 413 270 ¹366

479 237 547 268 570

428 312 540 335 census
571 299 764 334 diminuent:
795 299 853 334 nisi
883 308 1036 346 quatenus
1063 315 1078 336 a
1108 303 1173 337 iure

429 349 631 396 permittitur,
653 357 683 383 ct
709 357 828 384 servata
850 348 1046 386 solemnitate
1076 364 1172 398 supe-

427 399 492 433 rius
514 399 669 433 denotata.
692 398 757 434 Nec
778 400 869 434 etiam
893 399 1078 445 obligabunt
1097 402 1172 435 alias

427 447 471 483 vel
499 448 578 483 ultra
601 461 694 495 quam
719 449 748 482 in
773 449 971 496 praescriptis
997 451 1120 485 statutis
1142 458 1171 485 et

425 497 676 533 ordinationibus
709 499 898 540 continetur,
925 508 953 533 et
989 500 1074 546 quod
1097 512 1170 546 pos-

424 549 593 591 sessiones,
616 548 756 583 redditus
783 557 813 583 et
841 549 905 583 iura
930 560 1056 584 mensae
1080 562 1170 595 prae-

424 597 525 632 dictae
548 597 686 633 indebite
707 598 850 641 alienata,
870 598 1013 633 distracta
1052 599 1097 633 vel
1121 612 1171 634 oc-

424 656 548 694 cupata,
587 656 679 694 prout
705 649 869 682 commode
892 656 1049 694 poterunt,
1079 661 1168 695 repe-

425 706 506 731 tent:
529 706 559 731 et
574 697 611 732 ad
636 699 683 732 ius
705 706 734 731 et
758 698 976 745 proprietatem
1009 697 1167 734 Ecclesiae

425 746 469 781 vel
493 747 671 782 monasterii
696 759 751 781 seu
779 747 837 782 loci
873 747 992 782 ordinis
1013 760 1067 782 seu
1096 748 1169 783 reli-

422 796 523 842 gionis
564 797 744 832 huiusmodi
787 797 1000 844 procurabunt
1046 798 1164 843 reduci.

422 845 490 881 Non
522 846 664 881 obstante
695 847 720 880 si
751 846 829 881 forte
863 846 948 881 aliud
988 847 1034 881 vel
1065 848 1167 883 simile

421 894 581 931 Romanae
603 895 764 931 Ecclesiae
784 896 992 943 praestiterint
1013 897 1166 944 iuramen-

421 954 499 990 tum,
513 946 551 980 ad
579 946 662 992 quod
688 946 905 992 praestandum
928 958 983 992 per
1001 959 1165 983 censuram

419 995 664 1030 ecclesiasticam
693 1004 723 1030 et
750 996 807 1030 alia
837 996 911 1030 iuris
940 997 1074 1031 remedia
1111 1011 1166 1045 per

419 1045 598 1092 superiores
620 1045 806 1092 praedictos,
832 1045 1041 1093 appellatione
1065 1060 1166 1083 remo-

419 1104 458 1134 ta,
475 1095 595 1130 valeant
617 1095 778 1130 coarctari.
802 1095 848 1130 De
865 1097 1074 1142 praestatione
1095 1111 1166 1133 vero

419 1145 597 1179 liuiusrnodi
626 1145 792 1180 iuramenti
828 1145 917 1192 plena
945 1154 973 1180 et
1006 1147 1166 1184 sufficiens

418 1194 495 1229 fides
507 1194 558 1229 fiat
574 1195 783 1229 conventibus
803 1195 999 1230 eorumdem.
1024 1195 1063 1230 Et
1081 1197 1163 1232 idern

418 1244 628 1280 iuramentum
670 1254 826 1292 praestare
857 1253 1024 1280 teneantur
1052 1247 1165 1282 imme-

416 1293 549 1328 diatibus
598 1293 774 1335 abbatibus,
813 1307 867 1329 seu
911 1295 979 1329 aliis
1021 1298 1165 1342 praelatis

416 1344 481 1378 suis
508 1345 538 1378 in
563 1344 736 1391 praesentia
763 1344 891 1391 capituli
917 1345 960 1379 vel
979 1356 1163 1389 conventus,

416 1394 440 1427 si
463 1394 626 1428 commode
650 1393 714 1427 lieri
739 1395 847 1440 possit,
869 1407 979 1428 omnes
1000 1404 1030 1429 et
1048 1396 1163 1442 singuli

417 1444 534 1488 priores
573 1457 627 1478 seu
663 1444 857 1491 quicumque
885 1443 934 1478 alii
962 1445 1164 1481 administra-

417 1503 499 1527 tores
526 1502 557 1527 et
584 1493 758 1528 beneficiati
784 1494 907 1528 monaci
940 1495 1083 1529 eiusdem
1112 1508 1163 1531 or-

415 1542 497 1578 dinis
511 1555 565 1577 seu
585 1543 754 1588 religionis:
778 1543 895 1590 quibus
910 1556 965 1591 per
981 1544 1095 1579 dictam
1110 1545 1162 1580 Se

415 1591 506 1635 dem,
540 1591 587 1627 vel
614 1593 682 1627 eius
725 1593 861 1639 legatos,
895 1606 950 1628 seu
981 1603 1163 1630 executores

417 1642 460 1676 vel
497 1641 574 1676 alios
606 1643 783 1689 provisores
815 1655 830 1678 a
866 1643 950 1678 Sede
979 1643 1163 1690 Apostolica

406 1703 468 1735 ‘seu
498 1703 552 1737 per
585 1692 685 1738 ipsius
719 1691 766 1726 vel
799 1692 953 1727 dictorum
989 1694 1161 1740 legatorum

415 1740 519 1775 literas
551 1740 732 1788 deputatos,
764 1742 828 1776 sive
864 1755 919 1789 per
946 1742 1074 1778 abbates
1109 1753 1162 1778 aut

416 1803 470 1836 per
491 1802 709 1837 quoscumque
731 1791 808 1825 alios
840 1792 906 1826 iure
933 1792 1092 1827 ordinario
1116 1794 1161 1828 vel

415 1840 488 1874 alias
514 1841 748 1887 quomodolibet
783 1842 942 1888 provisum
971 1851 1017 1876 est
1055 1843 1162 1878 bacte-

415 1902 486 1934 nus,
510 1890 554 1924 vel
588 1890 802 1937 providebitur
826 1891 855 1925 in
878 1891 1039 1936 futurum,
1067 1902 1097 1927 et
1123 1894 1160 1928 ad

416 1939 636 1986 praestandum
662 1940 840 1975 huiusmodi
873 1941 1082 1977 iuramentum
1108 1956 1162 1989 per

416 1991 500 2036 ipsos
527 1989 655 2024 abbates
681 2002 738 2025 sen
773 1990 895 2037 priores
916 1991 1007 2026 etiam
1030 1994 1162 2028 auctori-

416 2047 476 2074 tate
503 2040 672 2086 apostolica
695 2053 751 2087 per
776 2052 942 2075 censuram
968 2043 1160 2077 ecclesiasti—

415 2101 481 2123 cam
510 2098 539 2123 et
560 2090 616 2124 alia
639 2091 789 2133 remedia,
815 2090 839 2124 si
865 2092 976 2125 moniti
1005 2101 1161 2138 praestare

416 2139 625 2174 iuramentum
644 2140 822 2174 huiusmodi
842 2142 1026 2183 recusarint,
1042 2151 1160 2177 remoto

415 2188 633 2235 appellationis
653 2189 756 2233 obice,
774 2190 842 2236 cogi
861 2191 979 2236 possint
1004 2204 1058 2237 per
1078 2204 1161 2238 prae-

415 2237 525 2273 dictos.
556 2239 687 2286 lnsuper
710 2239 964 2287 quibuscumque
993 2242 1100 2275 formis
1127 2255 1161 2276 a-

415 2288 464 2322 liis
477 2290 569 2322 licitis
584 2290 793 2323 iuramentum
811 2292 866 2334 (t),
886 2302 940 2337 per
954 2303 1034 2338 quae
1047 2291 1084 2325 ad
1102 2292 1158 2326 alia

414 2338 502 2384 plura
531 2340 668 2374 iurantes
697 2339 949 2386 adstringuntur,
974 2354 1034 2375 uon
1052 2342 1159 2375 inten—

414 2387 518 2423 dimus
556 2390 719 2436 derogare:
761 2389 814 2424 sed
843 2390 867 2423 si
895 2390 997 2425 forsan
1039 2391 1068 2425 in
1098 2391 1160 2426 illis

414 2439 635 2473 contineantur
651 2439 784 2487 capitula
808 2449 837 2473 et
860 2441 917 2475 alia
934 2440 964 2474 in
991 2442 1158 2487 praemissa

415 2486 510 2523 forma
539 2502 600 2523 nou
625 2502 783 2533 expressa,
808 2491 876 2525 illos
898 2491 935 2525 ad
967 2503 1001 2525 ea
1029 2491 1158 2537 obligari

416 2538 558 2573 volumus
579 2548 609 2573 et
635 2539 796 2586 adstringi.
836 2540 1046 2575 Derernimns
1074 2542 1159 2576 insn-

417 2600 482 2633 per,
504 2589 587 2635 quod
616 2601 687 2623 cum
710 2590 830 2633 civitas,
853 2599 1001 2629 castrum,
1028 2591 1097 2625 villa
1113 2591 1159 2625 vel

450 2645 488 2680 (¹)
505 2645 602 2672 Forsan
619 2647 666 2681 leg.
686 2650 841 2680 iuramenti,
859 2657 907 2680 per
927 2658 999 2681 quas.

1007 246 1190 269 tittLLAtttUM
1219 247 1378 270 ttOMANtJM

1215 300 1387 335 iurisdictio
1414 300 1545 335 alicuius
1567 312 1676 335 eorum
1699 302 1827 338 seudum
1851 304 1964 339 solem-

1215 362 1252 384 ne
1290 358 1343 384 aut
1382 350 1521 396 grangia,
1558 363 1613 385 scu
1649 362 1795 398 magnum
1832 353 1962 388 territo—

1215 399 1307 443 rium,
1330 399 1377 433 vel
1406 411 1538 445 magnus
1566 401 1800 446 possessionum
1824 410 1877 437 aut
1899 412 1963 438 ter-

1214 460 1316 482 rarum
1352 461 1502 483 numerus
1528 449 1689 484 vendenda
1713 450 1758 485 vcl
1781 450 1960 497 obliganda.

1212 510 1267 531 son
1303 499 1502 539 monasteria,
1539 499 1694 546 prioratus
1729 500 1774 534 vel
1801 499 1961 536 Ecclesiae

1211 547 1316 594 aliquo
1343 560 1358 581 a
1384 548 1450 582 iure
1473 549 1625 595 permisso
1647 549 1844 584 alienationis
1871 550 1961 585 titulo

1211 596 1388 642 alienanda,
1411 598 1457 631 vel
1486 598 1514 632 iu
1538 597 1616 633 alios
1644 598 1858 634 transferenda
1880 601 1962 634 exti-

1211 647 1316 687 terint,
1351 646 1552 682 venditiones
1588 661 1642 683 seu
1677 648 1883 685 alienationes
1910 660 1961 684 aut

1211 697 1431 732 translationes
1464 697 1645 733 huiusmodi
1681 698 1746 733 fieri
1785 709 1959 746 nequeant:

1210 747 1268 781 nisi
1296 747 1389 781 etiam
1418 747 1504 794 prius
1532 748 1676 783 consulto
1698 747 1842 783 Romano
1869 749 1961 784 Pon-

1210 796 1304 840 tifice,
1327 809 1362 831 ac
1384 797 1453 831 eius
1474 810 1570 843 super
1592 798 1640 833 liis
1663 798 1754 845 petita
1784 797 1908 834 licentia
1931 808 1960 834 et

1210 845 1348 881 obtenta.
1371 846 1473 882 Aliter
1495 855 1599 882 autem
1632 848 1828 883 venditiones
1855 861 1909 883 seu
1932 862 1962 883 a-

1210 895 1394 931 lienationes
1439 897 1483 930 vel
1540 897 1759 933 translationes
1806 898 1959 945 praefatae

1208 945 1270 980 sint
1293 946 1396 981 irritae
1424 946 1490 993 ipso
1519 947 1600 981 iure:
1628 955 1657 982 et
1679 947 1813 994 quilibet
1841 949 1960 995 praesi-

1208 995 1351 1030 dentium
1386 1008 1421 1030 ac
1449 996 1625 1031 visitatores
1657 1005 1765 1032 contra
1794 1007 1958 1045 exemptos

1207 1044 1281 1080 Sedi
1309 1045 1512 1093 Apostolicae
1549 1046 1761 1093 supradictae,
1789 1055 1819 1081 et
1849 1055 1958 1083 contra

1209 1108 1269 1130 non
1293 1104 1456 1142 exemptos
1477 1096 1666 1130 contrarium
1693 1096 1854 1132 facientes.
1878 1097 1960 1132 loco-

1208 1158 1276 1180 rum
1321 1145 1489 1180 ordinariis
1535 1145 1734 1189 eorumdem,
1772 1158 1865 1193 quam
1895 1147 1957 1181 cito

1207 1195 1373 1230 commode
1411 1203 1570 1242 poterunt,
1611 1195 1672 1230 sub
1707 1207 1816 1231 eorum
1845 1196 1957 1242 sigillis

1207 1245 1350 1280 intimare
1368 1244 1523 1292 praedicta
1544 1245 1751 1281 nibilominus
1779 1254 1955 1281 teneantur.

1489 1293 1570 1329 Cim.
1598 1294 1668 1329 ΧΠ.

1254 1344 1422 1379 Caeterum
1442 1345 1636 1379 antistitibus
1657 1344 1836 1390 ordinariis,
1858 1345 1956 1381 abba-

1207 1393 1303 1437 tibus,
1327 1395 1484 1441 prioribus
1504 1403 1533 1428 et
1548 1394 1616 1428 aliis
1633 1395 1778 1441 praelatis
1794 1395 1956 1442 religionis

1205 1443 1366 1485 eiusdem,
1394 1444 1447 1491 qui
1483 1444 1563 1478 bona
1593 1444 1721 1478 mobilia
1745 1444 1954 1490 prioratuum,

1204 1493 1512 1528 administrationum
1545 1502 1574 1528 et
1611 1493 1839 1528 beneficiorum
1872 1507 1956 1542 quo-

1205 1543 1354 1577 rumlibet
1381 1543 1441 1578 sibi
1478 1543 1694 1578 subiectorum
1721 1544 1899 1579 vacantium
1923 1545 1953 1579 in

1206 1593 1283 1639 ipsis
1309 1601 1451 1639 tempore
1482 1592 1667 1628 huiusmodi
1703 1593 1871 1628 vacationis
1905 1594 1954 1628 in-

1206 1651 1311 1686 venta,
1347 1655 1402 1677 seu
1431 1642 1488 1677 alia
1517 1655 1609 1677 causa
1645 1642 1821 1677 rationabili
1854 1643 1892 1678 ad
1922 1656 1955 1678 se

1204 1700 1347 1726 asserunt
1371 1692 1540 1739 pertinere,
1563 1692 1737 1727 districtius
1759 1692 1954 1737 inhibemus,

1205 1753 1242 1775 ne
1263 1753 1348 1782 vasa,
1373 1742 1574 1786 vestimenta,
1607 1754 1663 1776 seu
1689 1742 1747 1776 alia
1770 1751 1952 1777 ornamenta

1204 1803 1422 1838 quaecumque
1450 1792 1557 1826 divino
1580 1792 1675 1826 cultui
1699 1791 1860 1839 deputata,
1886 1793 1953 1827 ani—

1204 1841 1294 1875 malia
1326 1843 1417 1876 etiam
1451 1850 1511 1875 tam
1540 1854 1597 1889 pro
1619 1842 1828 1887 agricultura,
1857 1855 1951 1889 quam

1204 1890 1272 1925 aliis
1300 1891 1438 1938 ipsorum
1464 1891 1605 1925 locorum
1633 1891 1876 1927 necessitatibus
1898 1899 1952 1927 te—

1205 1941 1269 1974 neri
1291 1940 1367 1975 inibi
1391 1949 1554 1981 consueta,
1577 1953 1648 1976 vasa
1673 1942 1801 1988 insuper
1822 1942 1953 1985 vinaria,

1203 1998 1233 2023 et
1267 1990 1435 2038 coquinae,
1471 1991 1568 2025 lectos
1594 1999 1624 2025 et
1651 1991 1710 2025 alia
1745 1991 1951 2038 supellectilia

1202 2052 1257 2074 seu
1282 2052 1355 2075 vasa
1383 2041 1466 2084 (nisi
1501 2040 1578 2075 forte
1606 2053 1698 2075 aurea
1722 2040 1769 2075 vel
1803 2050 1950 2087 argentea

1203 2089 1339 2134 suerint)
1372 2102 1527 2138 occupare
1556 2090 1602 2123 vel
1636 2089 1752 2124 exinde
1791 2099 1951 2138 asportare

1202 2147 1254 2173 aut
1280 2139 1338 2173 sibi
1363 2140 1566 2186 appropriare
1591 2148 1804 2186 praesumant.
1839 2139 1951 2182 Quod-

1201 2202 1263 2236 que
1292 2190 1321 2223 in
1346 2189 1622 2237 apprehendendis
1645 2189 1734 2224 bonis
1768 2190 1853 2231 aliis,
1888 2189 1951 2224 sor—

1202 2251 1283 2273 mam
1307 2239 1542 2274 constitutionis
1569 2239 1669 2273 selicis
1700 2239 1854 2274 recordat.
1891 2239 1951 2274 Bo-

1203 2289 1305 2323 nifacii
1344 2289 1446 2336 Papae
1473 2288 1543 2324 VIll
1575 2290 1824 2336 praedecessoris
1851 2290 1948 2324 nostri

1202 2350 1298 2384 snper
1320 2338 1378 2373 lioc
1396 2339 1497 2373 editae
1519 2339 1689 2385 diligenter
1711 2339 1890 2383 observent,
1913 2352 1948 2373 ac

1202 2387 1410 2423 nihilominus
1436 2389 1475 2423 de
1499 2389 1642 2436 portione
1663 2389 1819 2424 dictorum
1848 2389 1949 2423 bono-

1202 2451 1283 2481 rmn7
1319 2451 1398 2485 quae
1433 2438 1658 2474 rationabiliter
1688 2451 1742 2474 eos
1768 2439 1947 2485 continget.

1201 2497 1342 2534 quartam
1368 2498 1484 2536 partem
1509 2489 1538 2523 in
1561 2498 1946 2535 augmentumornamen-

1202 2546 1303 2572 torum
1327 2539 1626 2579 ecclesiasticorum,
1654 2539 1866 2574 Ecclesiarum
1890 2551 1946 2573 seu

1201 2589 1464 2624 monasteriorum
1493 2602 1637 2629 suorum,
1660 2597 1842 2624 convertere
1862 2589 1946 2623 inte—

1200 2638 1325 2682 graliter
1351 2646 1525 2674 teneantur.
1561 2638 1621 2680 Qui
1646 2651 1717 2673 vero
1745 2651 1838 2673 secus
1860 2638 1947 2673 sece-

1983 249 2034 275 An.
2049 250 2075 276 C.
2097 250 2165 277 1536

2003 1362 2030 1382 De
2047 1362 2127 1389 spolils.
