<?xml version="1.0" encoding="UTF-8"?>
<!DOCTYPE html PUBLIC "-//W3C//DTD XHTML 1.0 Transitional//EN"
    "http://www.w3.org/TR/xhtml1/DTD/xhtml1-transitional.dtd">
<html xmlns="http://www.w3.org/1999/xhtml" xml:lang="en" lang="en">
 <head>
  <title>
</title>
<meta http-equiv="Content-Type" content="text/html;charset=utf-8" />
  <meta name='ocr-system' content='tesseract 3.04.00' />
  <meta name='ocr-capabilities' content='ocr_page ocr_carea ocr_par ocr_line ocrx_word'/>
</head>
<body>
  <div class='ocr_page' id='page_1' title='image "./bullarumdiplomat04cath/bullarumdiplomat04cath_0528.png"; bbox 0 0 2274 3265; ppageno 0'>
   <div class='ocr_carea' id='block_1_1' title="bbox 224 273 540 312">
    <p class='ocr_par' dir='ltr' id='par_1_1' title="bbox 224 273 540 312">
     <span class='ocr_line' id='line_1_1' title="bbox 224 273 540 312; baseline -0.006 0"><span class='ocrx_word' id='word_1_1' title='bbox 224 281 273 312; x_wconf 62' lang='lat' dir='ltr'>Ant</span> <span class='ocrx_word' id='word_1_2' title='bbox 292 284 320 311; x_wconf 92' lang='lat' dir='ltr'>c.</span> <span class='ocrx_word' id='word_1_3' title='bbox 340 284 406 311; x_wconf 74' lang='lat'>¹365</span> <span class='ocrx_word' id='word_1_4' title='bbox 470 273 540 306; x_wconf 71' lang='lat'>520</span> 
     </span>
    </p>
   </div>
   <div class='ocr_carea' id='block_1_2' title="bbox 776 335 812 370">
    <p class='ocr_par' dir='ltr' id='par_1_2' title="bbox 776 335 812 370">
     <span class='ocr_line' id='line_1_2' title="bbox 776 335 812 370; baseline 0 0"><span class='ocrx_word' id='word_1_5' title='bbox 776 335 812 370; x_wconf 90' lang='grc' dir='ltr'>ΙΙ.</span> 
     </span>
    </p>
   </div>
   <div class='ocr_carea' id='block_1_3' title="bbox 420 409 1170 552">
    <p class='ocr_par' dir='ltr' id='par_1_3' title="bbox 420 409 1170 552">
     <span class='ocr_line' id='line_1_3' title="bbox 420 409 1170 452; baseline -0.001 -10"><span class='ocrx_word' id='word_1_6' title='bbox 420 409 619 452; x_wconf 72' lang='lat' dir='ltr'>Privileqium</span> <span class='ocrx_word' id='word_1_7' title='bbox 645 409 774 443; x_wconf 74' lang='lat' dir='ltr'>Ordinis</span> <span class='ocrx_word' id='word_1_8' title='bbox 794 409 1050 442; x_wconf 77' lang='lat' dir='ltr'>Cartusianorum</span> <span class='ocrx_word' id='word_1_9' title='bbox 1065 409 1170 441; x_wconf 81' lang='lat' dir='ltr'>utendi</span> 
     </span>
     <span class='ocr_line' id='line_1_4' title="bbox 467 458 1167 503; baseline -0.001 -12"><span class='ocrx_word' id='word_1_10' title='bbox 467 458 568 491; x_wconf 79' lang='lat' dir='ltr'>altare</span> <span class='ocrx_word' id='word_1_11' title='bbox 577 459 720 502; x_wconf 76' lang='lat' dir='ltr'>portatilt&#39;</span> <span class='ocrx_word' id='word_1_12' title='bbox 727 470 785 503; x_wconf 83' lang='lat' dir='ltr'>pro</span> <span class='ocrx_word' id='word_1_13' title='bbox 794 458 990 491; x_wconf 69' lang='lat' dir='ltr'>celebracione</span> <span class='ocrx_word' id='word_1_14' title='bbox 999 458 1035 491; x_wconf 91' lang='lat' dir='ltr'><em>M</em></span> <span class='ocrx_word' id='word_1_15' title='bbox 1038 459 1167 491; x_wconf 78' lang='lat' dir='ltr'>issarmn</span> 
     </span>
     <span class='ocr_line' id='line_1_5' title="bbox 467 507 1065 552; baseline 0 -13"><span class='ocrx_word' id='word_1_16' title='bbox 467 508 499 539; x_wconf 71' lang='lat' dir='ltr'>in</span> <span class='ocrx_word' id='word_1_17' title='bbox 526 507 599 540; x_wconf 74' lang='lat' dir='ltr'>locis</span> <span class='ocrx_word' id='word_1_18' title='bbox 620 508 662 540; x_wconf 86' lang='lat' dir='ltr'>ad</span> <span class='ocrx_word' id='word_1_19' title='bbox 682 507 832 542; x_wconf 79' lang='lat' dir='ltr'><em>Ordinem</em></span> <span class='ocrx_word' id='word_1_20' title='bbox 852 508 1065 552; x_wconf 77' lang='lat' dir='ltr'><em>spectantibus.</em></span> 
     </span>
    </p>
   </div>
   <div class='ocr_carea' id='block_1_4' title="bbox 693 576 906 607">
    <p class='ocr_par' dir='ltr' id='par_1_4' title="bbox 693 576 906 607">
     <span class='ocr_line' id='line_1_6' title="bbox 693 576 906 607; baseline -0.005 0"><span class='ocrx_word' id='word_1_21' title='bbox 693 576 906 607; x_wconf 81' lang='lat' dir='ltr'>SUMMAmtJM</span> 
     </span>
    </p>
   </div>
   <div class='ocr_carea' id='block_1_5' title="bbox 418 632 1166 703">
    <p class='ocr_par' dir='ltr' id='par_1_5' title="bbox 418 632 1166 703">
     <span class='ocr_line' id='line_1_7' title="bbox 418 632 1166 703; baseline -0.004 -40"><span class='ocrx_word' id='word_1_22' title='bbox 418 633 586 663; x_wconf 80' lang='lat' dir='ltr'>Exordium.</span> <span class='ocrx_word' id='word_1_23' title='bbox 602 650 640 703; x_wconf 67' lang='grc' dir='ltr'>-ῖ</span> <span class='ocrx_word' id='word_1_24' title='bbox 655 633 844 671; x_wconf 81' lang='lat' dir='ltr'>Privilegium</span> <span class='ocrx_word' id='word_1_25' title='bbox 865 634 911 671; x_wconf 83' lang='lat' dir='ltr'>(de</span> <span class='ocrx_word' id='word_1_26' title='bbox 927 643 976 671; x_wconf 80' lang='lat' dir='ltr'>quo</span> <span class='ocrx_word' id='word_1_27' title='bbox 989 634 1017 662; x_wconf 78' lang='lat' dir='ltr'>in</span> <span class='ocrx_word' id='word_1_28' title='bbox 1033 632 1166 670; x_wconf 77' lang='lat' dir='ltr'>rubrica).</span> 
     </span>
     <span class='ocr_line' id='line_1_8' title="bbox 458 673 678 703; baseline -0.005 -1"><span class='ocrx_word' id='word_1_29' title='bbox 458 691 493 694; x_wconf 81' lang='lat'><strong>—</strong></span> <span class='ocrx_word' id='word_1_30' title='bbox 512 673 621 703; x_wconf 83' lang='lat' dir='ltr'>Clausu</span> <span class='ocrx_word' id='word_1_31' title='bbox 636 682 678 702; x_wconf 79' lang='lat' dir='ltr'>ae.</span> 
     </span>
    </p>
   </div>
   <div class='ocr_carea' id='block_1_6' title="bbox 417 740 1168 992">
    <p class='ocr_par' dir='ltr' id='par_1_6' title="bbox 417 740 1168 992">
     <span class='ocr_line' id='line_1_9' title="bbox 417 740 1168 778; baseline -0.003 -7"><span class='ocrx_word' id='word_1_32' title='bbox 417 740 539 771; x_wconf 75' lang='lat' dir='ltr'>Urbanus</span> <span class='ocrx_word' id='word_1_33' title='bbox 555 743 706 778; x_wconf 72' lang='lat' dir='ltr'>epiecopus,</span> <span class='ocrx_word' id='word_1_34' title='bbox 720 749 816 772; x_wconf 84' lang='lat' dir='ltr'>servus</span> <span class='ocrx_word' id='word_1_35' title='bbox 828 749 968 772; x_wconf 81' lang='lat' dir='ltr'>servorum</span> <span class='ocrx_word' id='word_1_36' title='bbox 982 742 1038 774; x_wconf 81' lang='lat' dir='ltr'>Dei,</span> <span class='ocrx_word' id='word_1_37' title='bbox 1059 741 1168 770; x_wconf 72' lang='lat' dir='ltr'>attentis</span> 
     </span>
     <span class='ocr_line' id='line_1_10' title="bbox 460 785 1166 823; baseline -0.001 -8"><span class='ocrx_word' id='word_1_38' title='bbox 460 785 528 815; x_wconf 73' lang='lat' dir='ltr'>filus</span> <span class='ocrx_word' id='word_1_39' title='bbox 545 787 632 823; x_wconf 79' lang='lat' dir='ltr'>priori</span> <span class='ocrx_word' id='word_1_40' title='bbox 655 787 750 816; x_wconf 82' lang='lat' dir='ltr'>domus</span> <span class='ocrx_word' id='word_1_41' title='bbox 772 787 917 816; x_wconf 77' lang='lat' dir='ltr'><strong>cartusiae</strong></span> <span class='ocrx_word' id='word_1_42' title='bbox 936 786 1166 821; x_wconf 74' lang='lat' dir='ltr'>Gratianopotita·</span> 
     </span>
     <span class='ocr_line' id='line_1_11' title="bbox 460 830 1167 866; baseline -0.001 -7"><span class='ocrx_word' id='word_1_43' title='bbox 460 837 511 859; x_wconf 74' lang='lat' dir='ltr'>nae</span> <span class='ocrx_word' id='word_1_44' title='bbox 541 831 682 864; x_wconf 55' lang='lat' dir='ltr'>dioecesim</span> <span class='ocrx_word' id='word_1_45' title='bbox 702 838 734 859; x_wconf 81' lang='lat' dir='ltr'>ac</span> <span class='ocrx_word' id='word_1_46' title='bbox 767 831 905 866; x_wconf 80' lang='lat' dir='ltr'>prioribus</span> <span class='ocrx_word' id='word_1_47' title='bbox 933 831 1109 866; x_wconf 72' lang='lat' dir='ltr'>prioratuum</span> <span class='ocrx_word' id='word_1_48' title='bbox 1140 830 1167 858; x_wconf 79' lang='lat' dir='ltr'>et</span> 
     </span>
     <span class='ocr_line' id='line_1_12' title="bbox 460 875 1168 911; baseline -0.003 -7"><span class='ocrx_word' id='word_1_49' title='bbox 460 876 600 904; x_wconf 73' lang='lat' dir='ltr'>domorum</span> <span class='ocrx_word' id='word_1_50' title='bbox 617 876 745 908; x_wconf 77' lang='lat' dir='ltr'>aliarum,</span> <span class='ocrx_word' id='word_1_51' title='bbox 765 875 936 911; x_wconf 79' lang='lat' dir='ltr'>caeterisque</span> <span class='ocrx_word' id='word_1_52' title='bbox 960 875 1083 910; x_wconf 78' lang='lat' dir='ltr'>personis</span> <span class='ocrx_word' id='word_1_53' title='bbox 1101 875 1168 903; x_wconf 80' lang='lat' dir='ltr'>cer-</span> 
     </span>
     <span class='ocr_line' id='line_1_13' title="bbox 461 919 1166 955; baseline -0.001 -7"><span class='ocrx_word' id='word_1_54' title='bbox 461 920 593 948; x_wconf 71' lang='lat' dir='ltr'>tuaiensts</span> <span class='ocrx_word' id='word_1_55' title='bbox 611 920 727 953; x_wconf 75' lang='lat' dir='ltr'>ordinis.</span> <span class='ocrx_word' id='word_1_56' title='bbox 750 920 908 948; x_wconf 80' lang='lat' dir='ltr'>salutemet</span> <span class='ocrx_word' id='word_1_57' title='bbox 927 920 1106 955; x_wconf 78' lang='lat' dir='ltr'>apostoticam</span> <span class='ocrx_word' id='word_1_58' title='bbox 1122 919 1166 947; x_wconf 83' lang='lat' dir='ltr'>be·</span> 
     </span>
     <span class='ocr_line' id='line_1_14' title="bbox 460 964 652 992; baseline 0 0"><span class='ocrx_word' id='word_1_59' title='bbox 460 964 652 992; x_wconf 74' lang='lat' dir='ltr'>nedictionem.</span> 
     </span>
    </p>
   </div>
   <div class='ocr_carea' id='block_1_7' title="bbox 220 1024 1168 2055">
    <p class='ocr_par' dir='ltr' id='par_1_7' title="bbox 415 1024 1167 1316">
     <span class='ocr_line' id='line_1_15' title="bbox 466 1024 1166 1071; baseline -0.001 -12"><span class='ocrx_word' id='word_1_60' title='bbox 466 1024 615 1059; x_wconf 85' lang='lat' dir='ltr'>Sincerae</span> <span class='ocrx_word' id='word_1_61' title='bbox 636 1024 811 1059; x_wconf 86' lang='lat' dir='ltr'>devotionis</span> <span class='ocrx_word' id='word_1_62' title='bbox 837 1024 982 1065; x_wconf 80' lang='lat' dir='ltr'>affectus,</span> <span class='ocrx_word' id='word_1_63' title='bbox 1010 1037 1104 1071; x_wconf 85' lang='lat' dir='ltr'>quem</span> <span class='ocrx_word' id='word_1_64' title='bbox 1128 1024 1166 1059; x_wconf 88' lang='lat' dir='ltr'>ad</span> 
     </span>
     <span class='ocr_line' id='line_1_16' title="bbox 416 1073 1165 1120; baseline 0.001 -13"><span class='ocrx_word' id='word_1_65' title='bbox 416 1085 473 1108; x_wconf 91' lang='lat' dir='ltr'>nos</span> <span class='ocrx_word' id='word_1_66' title='bbox 504 1082 534 1107; x_wconf 88' lang='lat' dir='ltr'>et</span> <span class='ocrx_word' id='word_1_67' title='bbox 555 1073 731 1108; x_wconf 85' lang='lat' dir='ltr'>Romanam</span> <span class='ocrx_word' id='word_1_68' title='bbox 754 1073 928 1108; x_wconf 76' lang='lat' dir='ltr'>Ecclesiam</span> <span class='ocrx_word' id='word_1_69' title='bbox 953 1075 1075 1120; x_wconf 64' lang='lat' dir='ltr'>gentle,</span> <span class='ocrx_word' id='word_1_70' title='bbox 1103 1086 1165 1108; x_wconf 86' lang='lat' dir='ltr'>nou</span> 
     </span>
     <span class='ocr_line' id='line_1_17' title="bbox 416 1121 1166 1170; baseline 0.001 -14"><span class='ocrx_word' id='word_1_71' title='bbox 416 1121 543 1169; x_wconf 79' lang='lat' dir='ltr'><strong>indigne</strong></span> <span class='ocrx_word' id='word_1_72' title='bbox 565 1131 719 1163; x_wconf 85' lang='lat' dir='ltr'>meretur,</span> <span class='ocrx_word' id='word_1_73' title='bbox 743 1132 775 1157; x_wconf 90' lang='lat' dir='ltr'>ut</span> <span class='ocrx_word' id='word_1_74' title='bbox 803 1122 1010 1170; x_wconf 75' lang='lat' dir='ltr'>petitionibus</span> <span class='ocrx_word' id='word_1_75' title='bbox 1039 1124 1166 1167; x_wconf 79' lang='lat' dir='ltr'>vestris,</span> 
     </span>
     <span class='ocr_line' id='line_1_18' title="bbox 415 1171 1167 1218; baseline 0.001 -13"><span class='ocrx_word' id='word_1_76' title='bbox 415 1171 476 1206; x_wconf 87' lang='lat' dir='ltr'>illis</span> <span class='ocrx_word' id='word_1_77' title='bbox 502 1171 698 1218; x_wconf 79' lang='lat' dir='ltr'>praesertim,</span> <span class='ocrx_word' id='word_1_78' title='bbox 725 1184 804 1218; x_wconf 89' lang='lat' dir='ltr'>quas</span> <span class='ocrx_word' id='word_1_79' title='bbox 832 1185 869 1207; x_wconf 88' lang='lat' dir='ltr'>ex</span> <span class='ocrx_word' id='word_1_80' title='bbox 896 1172 1072 1207; x_wconf 88' lang='lat' dir='ltr'>devotionis</span> <span class='ocrx_word' id='word_1_81' title='bbox 1096 1172 1167 1207; x_wconf 79' lang='lat' dir='ltr'>zelo</span> 
     </span>
     <span class='ocr_line' id='line_1_19' title="bbox 416 1220 1167 1268; baseline 0.003 -14"><span class='ocrx_word' id='word_1_82' title='bbox 416 1220 540 1266; x_wconf 87' lang='lat' dir='ltr'>prodire</span> <span class='ocrx_word' id='word_1_83' title='bbox 561 1220 786 1267; x_wconf 75' lang='lat' dir='ltr'>conspicimus,</span> <span class='ocrx_word' id='word_1_84' title='bbox 813 1230 966 1268; x_wconf 89' lang='lat' dir='ltr'>quantum</span> <span class='ocrx_word' id='word_1_85' title='bbox 995 1233 1067 1256; x_wconf 85' lang='lat' dir='ltr'>cum</span> <span class='ocrx_word' id='word_1_86' title='bbox 1098 1221 1167 1256; x_wconf 87' lang='lat' dir='ltr'>Deo</span> 
     </span>
     <span class='ocr_line' id='line_1_20' title="bbox 417 1269 1048 1316; baseline 0.002 -13"><span class='ocrx_word' id='word_1_87' title='bbox 417 1281 600 1316; x_wconf 84' lang='lat' dir='ltr'>possumus,</span> <span class='ocrx_word' id='word_1_88' title='bbox 627 1269 838 1304; x_wconf 81' lang='lat' dir='ltr'>favorabiliter</span> <span class='ocrx_word' id='word_1_89' title='bbox 858 1282 1048 1305; x_wconf 78' lang='lat' dir='ltr'>annuamus.</span> 
     </span>
    </p>

    <p class='ocr_par' dir='ltr' id='par_1_8' title="bbox 220 1317 1168 1858">
     <span class='ocr_line' id='line_1_21' title="bbox 467 1317 1167 1368; baseline 0.001 -16"><span class='ocrx_word' id='word_1_90' title='bbox 467 1317 549 1352; x_wconf 87' lang='lat' dir='ltr'>Hinc</span> <span class='ocrx_word' id='word_1_91' title='bbox 570 1327 630 1359; x_wconf 85' lang='lat' dir='ltr'>est,</span> <span class='ocrx_word' id='word_1_92' title='bbox 645 1318 730 1366; x_wconf 90' lang='lat' dir='ltr'>quod</span> <span class='ocrx_word' id='word_1_93' title='bbox 756 1331 813 1353; x_wconf 91' lang='lat' dir='ltr'>nos</span> <span class='ocrx_word' id='word_1_94' title='bbox 830 1320 940 1354; x_wconf 90' lang='lat' dir='ltr'>vestris</span> <span class='ocrx_word' id='word_1_95' title='bbox 955 1320 985 1354; x_wconf 91' lang='lat' dir='ltr'>in</span> <span class='ocrx_word' id='word_1_96' title='bbox 1006 1320 1063 1354; x_wconf 84' lang='lat' dir='ltr'>liac</span> <span class='ocrx_word' id='word_1_97' title='bbox 1080 1328 1167 1368; x_wconf 86' lang='lat' dir='ltr'>parte</span> 
     </span>
     <span class='ocr_line' id='line_1_22' title="bbox 226 1367 1168 1414; baseline 0.004 -16"><span class='ocrx_word' id='word_1_98' title='bbox 226 1372 402 1408; x_wconf 53' lang='lat' dir='ltr'>ravantum-³0</span> <span class='ocrx_word' id='word_1_99' title='bbox 416 1367 699 1414; x_wconf 85' lang='lat' dir='ltr'>supplicationibus</span> <span class='ocrx_word' id='word_1_100' title='bbox 726 1368 879 1413; x_wconf 81' lang='lat' dir='ltr'>inclinati,</span> <span class='ocrx_word' id='word_1_101' title='bbox 909 1377 942 1403; x_wconf 88' lang='lat' dir='ltr'>ut</span> <span class='ocrx_word' id='word_1_102' title='bbox 965 1369 1056 1403; x_wconf 88' lang='lat' dir='ltr'>liceat</span> <span class='ocrx_word' id='word_1_103' title='bbox 1080 1369 1168 1404; x_wconf 84' lang='lat' dir='ltr'>vobis</span> 
     </span>
     <span class='ocr_line' id='line_1_23' title="bbox 220 1404 1166 1453; baseline 0.004 -5"><span class='ocrx_word' id='word_1_104' title='bbox 220 1404 401 1431; x_wconf 60' lang='lat'>‘¹⁰⁰¹&#39;”¹¹’‘¹⁰⁸)&#39;</span> <span class='ocrx_word' id='word_1_105' title='bbox 416 1424 446 1449; x_wconf 86' lang='lat' dir='ltr'>et</span> <span class='ocrx_word' id='word_1_106' title='bbox 484 1417 724 1452; x_wconf 86' lang='lat' dir='ltr'>successoribus</span> <span class='ocrx_word' id='word_1_107' title='bbox 764 1418 873 1452; x_wconf 87' lang='lat' dir='ltr'>vestris</span> <span class='ocrx_word' id='word_1_108' title='bbox 912 1417 1027 1453; x_wconf 83' lang='lat' dir='ltr'>habere</span> <span class='ocrx_word' id='word_1_109' title='bbox 1061 1418 1166 1453; x_wconf 88' lang='lat' dir='ltr'>altaria</span> 
     </span>
     <span class='ocr_line' id='line_1_24' title="bbox 415 1465 1167 1511; baseline 0.004 -12"><span class='ocrx_word' id='word_1_110' title='bbox 415 1465 568 1511; x_wconf 73' lang='lat' dir='ltr'>portatilia</span> <span class='ocrx_word' id='word_1_111' title='bbox 590 1477 661 1500; x_wconf 91' lang='lat' dir='ltr'>cum</span> <span class='ocrx_word' id='word_1_112' title='bbox 677 1465 781 1500; x_wconf 86' lang='lat' dir='ltr'>debita</span> <span class='ocrx_word' id='word_1_113' title='bbox 800 1468 969 1502; x_wconf 84' lang='lat' dir='ltr'>reverentia</span> <span class='ocrx_word' id='word_1_114' title='bbox 991 1475 1021 1502; x_wconf 87' lang='lat' dir='ltr'>et</span> <span class='ocrx_word' id='word_1_115' title='bbox 1037 1467 1167 1508; x_wconf 86' lang='lat' dir='ltr'>honore,</span> 
     </span>
     <span class='ocr_line' id='line_1_25' title="bbox 415 1514 1168 1563; baseline 0.003 -15"><span class='ocrx_word' id='word_1_116' title='bbox 415 1527 510 1560; x_wconf 89' lang='lat' dir='ltr'>super</span> <span class='ocrx_word' id='word_1_117' title='bbox 530 1514 646 1561; x_wconf 85' lang='lat' dir='ltr'>quibus</span> <span class='ocrx_word' id='word_1_118' title='bbox 673 1515 701 1549; x_wconf 93' lang='lat' dir='ltr'>in</span> <span class='ocrx_word' id='word_1_119' title='bbox 725 1515 873 1551; x_wconf 80' lang='lat' dir='ltr'>domibus</span> <span class='ocrx_word' id='word_1_120' title='bbox 900 1529 935 1551; x_wconf 84' lang='lat' dir='ltr'>ac</span> <span class='ocrx_word' id='word_1_121' title='bbox 963 1517 1103 1563; x_wconf 81' lang='lat' dir='ltr'>grangiis</span> <span class='ocrx_word' id='word_1_122' title='bbox 1137 1525 1168 1552; x_wconf 94' lang='lat' dir='ltr'>et</span> 
     </span>
     <span class='ocr_line' id='line_1_26' title="bbox 415 1564 1166 1613; baseline 0.004 -16"><span class='ocrx_word' id='word_1_123' title='bbox 415 1564 549 1598; x_wconf 83' lang='lat' dir='ltr'>cellariis</span> <span class='ocrx_word' id='word_1_124' title='bbox 564 1567 609 1608; x_wconf 77' lang='lat' dir='ltr'>(t)</span> <span class='ocrx_word' id='word_1_125' title='bbox 632 1573 662 1600; x_wconf 89' lang='lat' dir='ltr'>et</span> <span class='ocrx_word' id='word_1_126' title='bbox 684 1564 753 1599; x_wconf 90' lang='lat' dir='ltr'>aliis</span> <span class='ocrx_word' id='word_1_127' title='bbox 768 1565 844 1600; x_wconf 91' lang='lat' dir='ltr'>locis</span> <span class='ocrx_word' id='word_1_128' title='bbox 865 1566 1117 1613; x_wconf 77' lang='lat' dir='ltr'>congruentibus</span> <span class='ocrx_word' id='word_1_129' title='bbox 1137 1575 1166 1601; x_wconf 89' lang='lat' dir='ltr'>et</span> 
     </span>
     <span class='ocr_line' id='line_1_27' title="bbox 416 1612 1167 1662; baseline 0.004 -16"><span class='ocrx_word' id='word_1_130' title='bbox 416 1612 569 1658; x_wconf 81' lang='lat' dir='ltr'>honestis,</span> <span class='ocrx_word' id='word_1_131' title='bbox 584 1612 622 1648; x_wconf 89' lang='lat' dir='ltr'>ad</span> <span class='ocrx_word' id='word_1_132' title='bbox 645 1613 757 1649; x_wconf 92' lang='lat' dir='ltr'>domos</span> <span class='ocrx_word' id='word_1_133' title='bbox 786 1626 842 1649; x_wconf 84' lang='lat' dir='ltr'>seu</span> <span class='ocrx_word' id='word_1_134' title='bbox 867 1616 1026 1662; x_wconf 74' lang='lat' dir='ltr'>prioratus</span> <span class='ocrx_word' id='word_1_135' title='bbox 1049 1625 1167 1651; x_wconf 86' lang='lat' dir='ltr'>vestros</span> 
     </span>
     <span class='ocr_line' id='line_1_28' title="bbox 415 1661 1166 1710; baseline 0.007 -15"><span class='ocrx_word' id='word_1_136' title='bbox 415 1661 643 1708; x_wconf 79' lang='lat' dir='ltr'>spectantibus,</span> <span class='ocrx_word' id='word_1_137' title='bbox 653 1663 779 1710; x_wconf 89' lang='lat' dir='ltr'>possitis</span> <span class='ocrx_word' id='word_1_138' title='bbox 794 1663 921 1699; x_wconf 85' lang='lat' dir='ltr'>Missam</span> <span class='ocrx_word' id='word_1_139' title='bbox 943 1672 974 1699; x_wconf 87' lang='lat' dir='ltr'>et</span> <span class='ocrx_word' id='word_1_140' title='bbox 988 1665 1046 1700; x_wconf 89' lang='lat' dir='ltr'>alia</span> <span class='ocrx_word' id='word_1_141' title='bbox 1061 1665 1166 1700; x_wconf 87' lang='lat' dir='ltr'>divina</span> 
     </span>
     <span class='ocr_line' id='line_1_29' title="bbox 415 1711 1165 1762; baseline 0.005 -17"><span class='ocrx_word' id='word_1_142' title='bbox 415 1711 514 1746; x_wconf 85' lang='lat' dir='ltr'>officia</span> <span class='ocrx_word' id='word_1_143' title='bbox 537 1711 706 1756; x_wconf 81' lang='lat' dir='ltr'>celebrare,</span> <span class='ocrx_word' id='word_1_144' title='bbox 737 1714 820 1748; x_wconf 82' lang='lat' dir='ltr'>etin</span> <span class='ocrx_word' id='word_1_145' title='bbox 860 1723 961 1749; x_wconf 88' lang='lat' dir='ltr'>vestra</span> <span class='ocrx_word' id='word_1_146' title='bbox 991 1715 1165 1762; x_wconf 89' lang='lat' dir='ltr'>praesentia</span> 
     </span>
     <span class='ocr_line' id='line_1_30' title="bbox 416 1759 1167 1805; baseline 0.007 -11"><span class='ocrx_word' id='word_1_147' title='bbox 416 1759 517 1795; x_wconf 79' lang='lat' dir='ltr'>facere</span> <span class='ocrx_word' id='word_1_148' title='bbox 539 1760 707 1805; x_wconf 77' lang='lat' dir='ltr'>celebrari,</span> <span class='ocrx_word' id='word_1_149' title='bbox 737 1762 894 1797; x_wconf 88' lang='lat' dir='ltr'>devotioni</span> <span class='ocrx_word' id='word_1_150' title='bbox 919 1772 1036 1798; x_wconf 85' lang='lat' dir='ltr'>vestrae</span> <span class='ocrx_word' id='word_1_151' title='bbox 1060 1773 1167 1799; x_wconf 90' lang='lat' dir='ltr'>tenore</span> 
     </span>
     <span class='ocr_line' id='line_1_31' title="bbox 417 1810 868 1858; baseline 0.007 -15"><span class='ocrx_word' id='word_1_152' title='bbox 417 1810 628 1856; x_wconf 86' lang='lat' dir='ltr'>praesentium</span> <span class='ocrx_word' id='word_1_153' title='bbox 657 1811 868 1858; x_wconf 88' lang='lat' dir='ltr'>indulgemus.</span> 
     </span>
    </p>

    <p class='ocr_par' dir='ltr' id='par_1_9' title="bbox 418 1858 1168 2055">
     <span class='ocr_line' id='line_1_32' title="bbox 466 1858 1167 1906; baseline 0.007 -13"><span class='ocrx_word' id='word_1_154' title='bbox 466 1858 550 1894; x_wconf 85' lang='lat' dir='ltr'>Nulli</span> <span class='ocrx_word' id='word_1_155' title='bbox 573 1871 648 1906; x_wconf 87' lang='lat' dir='ltr'>ergo</span> <span class='ocrx_word' id='word_1_156' title='bbox 660 1861 791 1896; x_wconf 89' lang='lat' dir='ltr'>omnino</span> <span class='ocrx_word' id='word_1_157' title='bbox 806 1861 970 1896; x_wconf 82' lang='lat' dir='ltr'>bominum</span> <span class='ocrx_word' id='word_1_158' title='bbox 986 1862 1073 1898; x_wconf 89' lang='lat' dir='ltr'>liceat</span> <span class='ocrx_word' id='word_1_159' title='bbox 1087 1862 1167 1898; x_wconf 87' lang='lat' dir='ltr'>hanc</span> 
     </span>
     <span class='ocr_line' id='line_1_33' title="bbox 418 1908 1168 1956; baseline 0.008 -15"><span class='ocrx_word' id='word_1_160' title='bbox 418 1908 562 1954; x_wconf 80' lang='lat' dir='ltr'>paginam</span> <span class='ocrx_word' id='word_1_161' title='bbox 584 1917 762 1944; x_wconf 89' lang='lat' dir='ltr'>nostrorum</span> <span class='ocrx_word' id='word_1_162' title='bbox 796 1918 998 1956; x_wconf 75' lang='lat' dir='ltr'>statutorum7</span> <span class='ocrx_word' id='word_1_163' title='bbox 1031 1913 1168 1947; x_wconf 88' lang='lat' dir='ltr'>ordina-</span> 
     </span>
     <span class='ocr_line' id='line_1_34' title="bbox 419 1957 1167 2006; baseline 0.008 -16"><span class='ocrx_word' id='word_1_164' title='bbox 419 1957 551 2001; x_wconf 78' lang='lat' dir='ltr'>tionum,</span> <span class='ocrx_word' id='word_1_165' title='bbox 578 1957 795 1999; x_wconf 81' lang='lat' dir='ltr'>voluntatum,</span> <span class='ocrx_word' id='word_1_166' title='bbox 824 1959 1065 2006; x_wconf 80' lang='lat' dir='ltr'>inliibitionum‚</span> <span class='ocrx_word' id='word_1_167' title='bbox 1087 1973 1167 1996; x_wconf 88' lang='lat' dir='ltr'>con—</span> 
     </span>
     <span class='ocr_line' id='line_1_35' title="bbox 419 2006 1145 2055; baseline 0.007 -16"><span class='ocrx_word' id='word_1_168' title='bbox 419 2006 598 2041; x_wconf 74' lang='lat' dir='ltr'>cessionum</span> <span class='ocrx_word' id='word_1_169' title='bbox 615 2015 645 2041; x_wconf 90' lang='lat' dir='ltr'>et</span> <span class='ocrx_word' id='word_1_170' title='bbox 659 2008 878 2043; x_wconf 86' lang='lat' dir='ltr'>mandatorum</span> <span class='ocrx_word' id='word_1_171' title='bbox 908 2009 1078 2055; x_wconf 79' lang='lat' dir='ltr'>infringere</span> <span class='ocrx_word' id='word_1_172' title='bbox 1092 2018 1145 2045; x_wconf 82' lang='lat' dir='ltr'>etc.</span> 
     </span>
    </p>
   </div>
   <div class='ocr_carea' id='block_1_8' title="bbox 419 2054 1165 2138">
    <p class='ocr_par' dir='ltr' id='par_1_10' title="bbox 419 2054 1165 2138">
     <span class='ocr_line' id='line_1_36' title="bbox 469 2054 1165 2106; baseline 0.009 -18"><span class='ocrx_word' id='word_1_173' title='bbox 469 2054 537 2090; x_wconf 89' lang='lat' dir='ltr'>Dat.</span> <span class='ocrx_word' id='word_1_174' title='bbox 561 2057 659 2090; x_wconf 81' lang='lat' dir='ltr'>Aven.</span> <span class='ocrx_word' id='word_1_175' title='bbox 684 2068 728 2091; x_wconf 88' lang='lat' dir='ltr'>vn</span> <span class='ocrx_word' id='word_1_176' title='bbox 748 2056 808 2092; x_wconf 80' lang='lat' dir='ltr'>kat.</span> <span class='ocrx_word' id='word_1_177' title='bbox 827 2059 912 2099; x_wconf 89' lang='lat' dir='ltr'>maii,</span> <span class='ocrx_word' id='word_1_178' title='bbox 929 2059 1039 2106; x_wconf 83' lang='lat' dir='ltr'>pontif.</span> <span class='ocrx_word' id='word_1_179' title='bbox 1068 2060 1165 2094; x_wconf 80' lang='lat' dir='ltr'>nostri</span> 
     </span>
     <span class='ocr_line' id='line_1_37' title="bbox 419 2115 540 2138; baseline 0.008 -1"><span class='ocrx_word' id='word_1_180' title='bbox 419 2115 500 2138; x_wconf 88' lang='lat' dir='ltr'>anno</span> <span class='ocrx_word' id='word_1_181' title='bbox 518 2115 540 2138; x_wconf 86' lang='lat'>1.</span> 
     </span>
    </p>
   </div>
   <div class='ocr_carea' id='block_1_9' title="bbox 477 2155 1106 2278">
    <p class='ocr_par' dir='ltr' id='par_1_11' title="bbox 477 2155 1106 2278">
     <span class='ocr_line' id='line_1_38' title="bbox 477 2155 1106 2199; baseline 0.008 -14"><span class='ocrx_word' id='word_1_182' title='bbox 477 2155 537 2186; x_wconf 86' lang='lat' dir='ltr'>Dat.</span> <span class='ocrx_word' id='word_1_183' title='bbox 557 2157 603 2187; x_wconf 84' lang='lat' dir='ltr'>die</span> <span class='ocrx_word' id='word_1_184' title='bbox 619 2157 657 2187; x_wconf 74' lang='lat'>25</span> <span class='ocrx_word' id='word_1_185' title='bbox 675 2159 778 2198; x_wconf 80' lang='lat' dir='ltr'>aprilis</span> <span class='ocrx_word' id='word_1_186' title='bbox 795 2159 881 2196; x_wconf 72' lang='lat'>1363,</span> <span class='ocrx_word' id='word_1_187' title='bbox 899 2164 979 2199; x_wconf 89' lang='lat' dir='ltr'>pont.</span> <span class='ocrx_word' id='word_1_188' title='bbox 997 2170 1106 2191; x_wconf 83' lang='lat' dir='ltr'>annor.</span> 
     </span>
     <span class='ocr_line' id='line_1_39' title="bbox 768 2243 820 2278; baseline 0 -1"><span class='ocrx_word' id='word_1_189' title='bbox 768 2243 820 2278; x_wconf 87' lang='grc' dir='ltr'>ΙΙΙ.</span> 
     </span>
    </p>
   </div>
   <div class='ocr_carea' id='block_1_10' title="bbox 420 2300 1170 2484">
    <p class='ocr_par' dir='ltr' id='par_1_12' title="bbox 420 2300 1170 2484">
     <span class='ocr_line' id='line_1_40' title="bbox 420 2300 1170 2348; baseline 0.007 -16"><span class='ocrx_word' id='word_1_190' title='bbox 420 2300 594 2334; x_wconf 74' lang='lat' dir='ltr'>Iurisdictt‘o</span> <span class='ocrx_word' id='word_1_191' title='bbox 615 2303 781 2335; x_wconf 80' lang='lat' dir='ltr'>camerarii</span> <span class='ocrx_word' id='word_1_192' title='bbox 801 2304 836 2336; x_wconf 89' lang='lat' dir='ltr'>S.</span> <span class='ocrx_word' id='word_1_193' title='bbox 863 2303 899 2335; x_wconf 80' lang='lat' dir='ltr'>R.</span> <span class='ocrx_word' id='word_1_194' title='bbox 924 2303 962 2336; x_wconf 78' lang='lat' dir='ltr'>E.</span> <span class='ocrx_word' id='word_1_195' title='bbox 982 2305 1170 2348; x_wconf 81' lang='lat' dir='ltr'>procedendi</span> 
     </span>
     <span class='ocr_line' id='line_1_41' title="bbox 468 2353 1168 2397; baseline 0.006 -15"><span class='ocrx_word' id='word_1_196' title='bbox 468 2357 575 2383; x_wconf 77' lang='lat' dir='ltr'>contra</span> <span class='ocrx_word' id='word_1_197' title='bbox 595 2353 714 2395; x_wconf 75' lang='lat' dir='ltr'>piratas</span> <span class='ocrx_word' id='word_1_198' title='bbox 728 2363 806 2385; x_wconf 79' lang='lat' dir='ltr'>nova</span> <span class='ocrx_word' id='word_1_199' title='bbox 826 2353 962 2396; x_wconf 65' lang='lat' dir='ltr'>pedagia</span> <span class='ocrx_word' id='word_1_200' title='bbox 984 2354 1168 2397; x_wconf 75' lang='lat' dir='ltr'>imponentes</span> 
     </span>
     <span class='ocr_line' id='line_1_42' title="bbox 469 2401 1166 2445; baseline 0.004 -13"><span class='ocrx_word' id='word_1_201' title='bbox 469 2410 561 2443; x_wconf 80' lang='lat' dir='ltr'>eaque</span> <span class='ocrx_word' id='word_1_202' title='bbox 583 2407 811 2444; x_wconf 76' lang='lat' dir='ltr'>perpetrantes,</span> <span class='ocrx_word' id='word_1_203' title='bbox 846 2412 924 2445; x_wconf 80' lang='lat' dir='ltr'>quae</span> <span class='ocrx_word' id='word_1_204' title='bbox 948 2402 981 2434; x_wconf 77' lang='lat' dir='ltr'>in</span> <span class='ocrx_word' id='word_1_205' title='bbox 1012 2402 1104 2435; x_wconf 84' lang='lat' dir='ltr'>Bulla</span> <span class='ocrx_word' id='word_1_206' title='bbox 1132 2401 1166 2436; x_wconf 93' lang='lat' dir='ltr'>In</span> 
     </span>
     <span class='ocr_line' id='line_1_43' title="bbox 469 2446 901 2484; baseline 0.005 -3"><span class='ocrx_word' id='word_1_207' title='bbox 469 2446 574 2482; x_wconf 77' lang='lat' dir='ltr'>Coena</span> <span class='ocrx_word' id='word_1_208' title='bbox 598 2447 723 2483; x_wconf 85' lang='lat' dir='ltr'>Domini</span> <span class='ocrx_word' id='word_1_209' title='bbox 750 2457 901 2484; x_wconf 81' lang='lat' dir='ltr'>vetantur.</span> 
     </span>
    </p>
   </div>
   <div class='ocr_carea' id='block_1_11' title="bbox 251 1081 370 1101">
    <p class='ocr_par' dir='ltr' id='par_1_13' title="bbox 251 1081 370 1101">
     <span class='ocr_line' id='line_1_44' title="bbox 251 1081 370 1101; baseline -0.017 0"><span class='ocrx_word' id='word_1_210' title='bbox 251 1081 370 1101; x_wconf 69' lang='lat' dir='ltr'>Exordium.</span> 
     </span>
    </p>
   </div>
   <div class='ocr_carea' id='block_1_12' title="bbox 254 1910 372 1931">
    <p class='ocr_par' dir='ltr' id='par_1_14' title="bbox 254 1910 372 1931">
     <span class='ocr_line' id='line_1_45' title="bbox 254 1910 372 1931; baseline -0.008 0"><span class='ocrx_word' id='word_1_211' title='bbox 254 1910 372 1931; x_wconf 71' lang='lat' dir='ltr'>etnusutae.</span> 
     </span>
    </p>
   </div>
   <div class='ocr_carea' id='block_1_13' title="bbox 695 2211 879 2218">
    <p class='ocr_par' dir='ltr' id='par_1_15' title="bbox 695 2211 879 2218">
     <span class='ocr_line' id='line_1_46' title="bbox 695 2211 879 2218; baseline 0 0"><span class='ocrx_word' id='word_1_212' title='bbox 695 2211 879 2218; x_wconf 95' lang='lat' dir='ltr'> </span> 
     </span>
    </p>
   </div>
   <div class='ocr_carea' id='block_1_14' title="bbox 423 2513 1167 2641">
    <p class='ocr_par' dir='ltr' id='par_1_16' title="bbox 423 2513 1167 2641">
     <span class='ocr_line' id='line_1_47' title="bbox 682 2513 898 2544; baseline 0 0"><span class='ocrx_word' id='word_1_213' title='bbox 682 2513 898 2544; x_wconf 78' lang='lat' dir='ltr'>SUMMARtttM</span> 
     </span>
     <span class='ocr_line' id='line_1_48' title="bbox 423 2560 1167 2593; baseline 0.003 -3"><span class='ocrx_word' id='word_1_214' title='bbox 423 2560 608 2591; x_wconf 61' lang='lat' dir='ltr'>Prooemium.</span> <span class='ocrx_word' id='word_1_215' title='bbox 629 2578 668 2584; x_wconf 92' lang='lat'>—-</span> <span class='ocrx_word' id='word_1_216' title='bbox 690 2562 716 2591; x_wconf 85' lang='grc'>1.</span> <span class='ocrx_word' id='word_1_217' title='bbox 735 2561 904 2592; x_wconf 83' lang='lat' dir='ltr'>Bonil&#39;acius</span> <span class='ocrx_word' id='word_1_218' title='bbox 928 2562 986 2592; x_wconf 92' lang='lat' dir='ltr'>Vlll</span> <span class='ocrx_word' id='word_1_219' title='bbox 1011 2563 1045 2592; x_wconf 84' lang='lat' dir='ltr'>ab</span> <span class='ocrx_word' id='word_1_220' title='bbox 1069 2564 1167 2593; x_wconf 73' lang='lat' dir='ltr'>eet-le-</span> 
     </span>
     <span class='ocr_line' id='line_1_49' title="bbox 463 2601 1167 2641; baseline 0.006 -12"><span class='ocrx_word' id='word_1_221' title='bbox 463 2601 590 2630; x_wconf 81' lang='lat' dir='ltr'>siasticis</span> <span class='ocrx_word' id='word_1_222' title='bbox 622 2602 743 2640; x_wconf 85' lang='lat' dir='ltr'>pedagia</span> <span class='ocrx_word' id='word_1_223' title='bbox 767 2602 917 2640; x_wconf 81' lang='lat' dir='ltr'>prohibuit</span> <span class='ocrx_word' id='word_1_224' title='bbox 948 2603 1038 2641; x_wconf 80' lang='lat' dir='ltr'>exigi:</span> <span class='ocrx_word' id='word_1_225' title='bbox 1071 2620 1108 2625; x_wconf 87' lang='lat'>-—</span> <span class='ocrx_word' id='word_1_226' title='bbox 1139 2604 1167 2633; x_wconf 62' lang='lat'>⁹2.</span> 
     </span>
    </p>
   </div>
   <div class='ocr_carea' id='block_1_15' title="bbox 458 2648 904 2685">
    <p class='ocr_par' dir='ltr' id='par_1_17' title="bbox 458 2648 904 2685">
     <span class='ocr_line' id='line_1_50' title="bbox 458 2648 904 2685; baseline 0.002 -11"><span class='ocrx_word' id='word_1_227' title='bbox 458 2648 496 2683; x_wconf 80' lang='lat' dir='ltr'>(t)</span> <span class='ocrx_word' id='word_1_228' title='bbox 512 2649 558 2676; x_wconf 79' lang='lat' dir='ltr'>Hic</span> <span class='ocrx_word' id='word_1_229' title='bbox 574 2657 622 2685; x_wconf 85' lang='lat' dir='ltr'>pro</span> <span class='ocrx_word' id='word_1_230' title='bbox 637 2651 700 2675; x_wconf 79' lang='lat' dir='ltr'>cetto</span> <span class='ocrx_word' id='word_1_231' title='bbox 718 2650 758 2676; x_wconf 89' lang='lat' dir='ltr'>vel</span> <span class='ocrx_word' id='word_1_232' title='bbox 778 2653 904 2677; x_wconf 72' lang='lat' dir='ltr'>cubiculo.</span> 
     </span>
    </p>
   </div>
   <div class='ocr_carea' id='block_1_16' title="bbox 997 278 1371 303">
    <p class='ocr_par' dir='ltr' id='par_1_18' title="bbox 997 278 1371 303">
     <span class='ocr_line' id='line_1_51' title="bbox 997 278 1371 303; baseline -0.011 0"><span class='ocrx_word' id='word_1_233' title='bbox 997 280 1183 303; x_wconf 62' lang='lat' dir='ltr'>portantum</span> <span class='ocrx_word' id='word_1_234' title='bbox 1212 278 1371 301; x_wconf 68' lang='lat' dir='ltr'>nOMANUtu</span> 
     </span>
    </p>
   </div>
   <div class='ocr_carea' id='block_1_17' title="bbox 1247 330 1964 588">
    <p class='ocr_par' dir='ltr' id='par_1_19' title="bbox 1247 330 1964 588">
     <span class='ocr_line' id='line_1_52' title="bbox 1247 330 1963 369; baseline -0.003 -8"><span class='ocrx_word' id='word_1_235' title='bbox 1247 333 1363 369; x_wconf 76' lang='lat' dir='ltr'>Atiique</span> <span class='ocrx_word' id='word_1_236' title='bbox 1394 330 1550 359; x_wconf 81' lang='lat' dir='ltr'>Pontifices</span> <span class='ocrx_word' id='word_1_237' title='bbox 1574 330 1619 358; x_wconf 77' lang='lat' dir='ltr'>liic</span> <span class='ocrx_word' id='word_1_238' title='bbox 1651 330 1817 359; x_wconf 86' lang='lat' dir='ltr'>nominatos</span> <span class='ocrx_word' id='word_1_239' title='bbox 1841 330 1963 359; x_wconf 82' lang='lat' dir='ltr'>anatlie-</span> 
     </span>
     <span class='ocr_line' id='line_1_53' title="bbox 1247 372 1962 404; baseline -0.001 0"><span class='ocrx_word' id='word_1_240' title='bbox 1247 375 1316 404; x_wconf 80' lang='lat' dir='ltr'>mati</span> <span class='ocrx_word' id='word_1_241' title='bbox 1349 373 1510 403; x_wconf 82' lang='lat' dir='ltr'>subiecere.</span> <span class='ocrx_word' id='word_1_242' title='bbox 1548 390 1587 395; x_wconf 92' lang='lat'>—</span> <span class='ocrx_word' id='word_1_243' title='bbox 1615 374 1644 402; x_wconf 88' lang='lat'>3.</span> <span class='ocrx_word' id='word_1_244' title='bbox 1676 372 1781 402; x_wconf 83' lang='lat' dir='ltr'>Multos</span> <span class='ocrx_word' id='word_1_245' title='bbox 1808 373 1879 403; x_wconf 87' lang='lat' dir='ltr'>dicit</span> <span class='ocrx_word' id='word_1_246' title='bbox 1905 373 1962 403; x_wconf 89' lang='lat' dir='ltr'>Ur-</span> 
     </span>
     <span class='ocr_line' id='line_1_54' title="bbox 1248 417 1962 456; baseline 0 -9"><span class='ocrx_word' id='word_1_247' title='bbox 1248 419 1342 448; x_wconf 83' lang='lat' dir='ltr'>banus</span> <span class='ocrx_word' id='word_1_248' title='bbox 1373 418 1418 447; x_wconf 86' lang='lat' dir='ltr'>his</span> <span class='ocrx_word' id='word_1_249' title='bbox 1442 427 1498 446; x_wconf 90' lang='lat' dir='ltr'>non</span> <span class='ocrx_word' id='word_1_250' title='bbox 1527 417 1666 453; x_wconf 79' lang='lat' dir='ltr'>obedire,</span> <span class='ocrx_word' id='word_1_251' title='bbox 1688 417 1812 446; x_wconf 86' lang='lat' dir='ltr'>adiectis</span> <span class='ocrx_word' id='word_1_252' title='bbox 1845 426 1962 456; x_wconf 87' lang='lat' dir='ltr'>quoque</span> 
     </span>
     <span class='ocr_line' id='line_1_55' title="bbox 1247 461 1964 500; baseline 0.001 -9"><span class='ocrx_word' id='word_1_253' title='bbox 1247 462 1349 500; x_wconf 80' lang='lat' dir='ltr'>poenis</span> <span class='ocrx_word' id='word_1_254' title='bbox 1373 461 1455 490; x_wconf 83' lang='lat' dir='ltr'>nullo</span> <span class='ocrx_word' id='word_1_255' title='bbox 1475 462 1504 490; x_wconf 90' lang='lat' dir='ltr'>in</span> <span class='ocrx_word' id='word_1_256' title='bbox 1525 462 1618 499; x_wconf 89' lang='lat' dir='ltr'>pretio</span> <span class='ocrx_word' id='word_1_257' title='bbox 1642 461 1762 490; x_wconf 78' lang='lat' dir='ltr'>habitis.</span> <span class='ocrx_word' id='word_1_258' title='bbox 1784 478 1823 483; x_wconf 92' lang='lat'>——</span> <span class='ocrx_word' id='word_1_259' title='bbox 1853 462 1881 491; x_wconf 73' lang='lat'>4.</span> <span class='ocrx_word' id='word_1_260' title='bbox 1910 461 1964 492; x_wconf 84' lang='lat' dir='ltr'>Ca-</span> 
     </span>
     <span class='ocr_line' id='line_1_56' title="bbox 1248 505 1963 544; baseline 0.001 -10"><span class='ocrx_word' id='word_1_261' title='bbox 1248 506 1373 535; x_wconf 83' lang='lat' dir='ltr'>mcrario</span> <span class='ocrx_word' id='word_1_262' title='bbox 1408 505 1507 543; x_wconf 83' lang='lat' dir='ltr'>itaque</span> <span class='ocrx_word' id='word_1_263' title='bbox 1541 509 1572 534; x_wconf 92' lang='lat' dir='ltr'>ut</span> <span class='ocrx_word' id='word_1_264' title='bbox 1606 510 1706 534; x_wconf 84' lang='lat' dir='ltr'>eontra</span> <span class='ocrx_word' id='word_1_265' title='bbox 1741 514 1790 535; x_wconf 87' lang='lat' dir='ltr'>eos</span> <span class='ocrx_word' id='word_1_266' title='bbox 1824 506 1963 544; x_wconf 85' lang='lat' dir='ltr'>procedat</span> 
     </span>
     <span class='ocr_line' id='line_1_57' title="bbox 1248 547 1881 588; baseline 0.002 -10"><span class='ocrx_word' id='word_1_267' title='bbox 1248 549 1385 586; x_wconf 73' lang='lat' dir='ltr'>iniungit.</span> <span class='ocrx_word' id='word_1_268' title='bbox 1408 565 1447 570; x_wconf 89' lang='lat'>—-</span> <span class='ocrx_word' id='word_1_269' title='bbox 1465 549 1493 578; x_wconf 81' lang='lat'>5.</span> <span class='ocrx_word' id='word_1_270' title='bbox 1513 547 1699 578; x_wconf 82' lang='lat' dir='ltr'>Obstantium</span> <span class='ocrx_word' id='word_1_271' title='bbox 1719 550 1881 588; x_wconf 62' lang='lat' dir='ltr'>derogatio</span> 
     </span>
    </p>
   </div>
   <div class='ocr_carea' id='block_1_18' title="bbox 1206 615 1963 790">
    <p class='ocr_par' dir='ltr' id='par_1_20' title="bbox 1206 615 1963 790">
     <span class='ocr_line' id='line_1_58' title="bbox 1206 615 1963 650; baseline 0.001 -6"><span class='ocrx_word' id='word_1_272' title='bbox 1206 616 1329 644; x_wconf 79' lang='lat' dir='ltr'>urbanus</span> <span class='ocrx_word' id='word_1_273' title='bbox 1356 615 1500 650; x_wconf 74' lang='lat' dir='ltr'>episcopus</span> <span class='ocrx_word' id='word_1_274' title='bbox 1528 622 1622 644; x_wconf 74' lang='lat' dir='ltr'>servus</span> <span class='ocrx_word' id='word_1_275' title='bbox 1646 622 1788 645; x_wconf 79' lang='lat' dir='ltr'>servorum</span> <span class='ocrx_word' id='word_1_276' title='bbox 1818 615 1874 649; x_wconf 82' lang='lat' dir='ltr'>Dei,</span> <span class='ocrx_word' id='word_1_277' title='bbox 1918 623 1963 645; x_wconf 80' lang='lat' dir='ltr'>ve-</span> 
     </span>
     <span class='ocr_line' id='line_1_59' title="bbox 1251 663 1963 701; baseline 0.004 -10"><span class='ocrx_word' id='word_1_278' title='bbox 1251 663 1367 692; x_wconf 77' lang='lat' dir='ltr'>nerabili</span> <span class='ocrx_word' id='word_1_279' title='bbox 1387 663 1474 692; x_wconf 73' lang='lat' dir='ltr'>fratri</span> <span class='ocrx_word' id='word_1_280' title='bbox 1497 664 1611 693; x_wconf 63' lang='lat' dir='ltr'>arnoldo</span> <span class='ocrx_word' id='word_1_281' title='bbox 1642 665 1845 701; x_wconf 77' lang='lat' dir='ltr'>archiepiscopo</span> <span class='ocrx_word' id='word_1_282' title='bbox 1882 666 1963 694; x_wconf 76' lang='lat' dir='ltr'>Auxi-</span> 
     </span>
     <span class='ocr_line' id='line_1_60' title="bbox 1251 713 1963 750; baseline 0.004 -10"><span class='ocrx_word' id='word_1_283' title='bbox 1251 713 1317 740; x_wconf 84' lang='lat' dir='ltr'>tauo</span> <span class='ocrx_word' id='word_1_284' title='bbox 1341 713 1493 742; x_wconf 81' lang='lat' dir='ltr'>camerario</span> <span class='ocrx_word' id='word_1_285' title='bbox 1511 714 1618 746; x_wconf 82' lang='lat' dir='ltr'>nostro,</span> <span class='ocrx_word' id='word_1_286' title='bbox 1639 713 1759 742; x_wconf 76' lang='lat' dir='ltr'>satutem</span> <span class='ocrx_word' id='word_1_287' title='bbox 1778 716 1808 743; x_wconf 79' lang='lat' dir='ltr'>et</span> <span class='ocrx_word' id='word_1_288' title='bbox 1829 714 1963 750; x_wconf 78' lang='lat' dir='ltr'>apostoli·</span> 
     </span>
     <span class='ocr_line' id='line_1_61' title="bbox 1251 761 1560 790; baseline 0.006 -2"><span class='ocrx_word' id='word_1_289' title='bbox 1251 768 1310 788; x_wconf 83' lang='lat' dir='ltr'>cam</span> <span class='ocrx_word' id='word_1_290' title='bbox 1336 761 1560 790; x_wconf 72' lang='lat' dir='ltr'>benedictionem.</span> 
     </span>
    </p>
   </div>
   <div class='ocr_carea' id='block_1_19' title="bbox 1206 818 1965 2589">
    <p class='ocr_par' dir='ltr' id='par_1_21' title="bbox 1206 818 1965 1162">
     <span class='ocr_line' id='line_1_62' title="bbox 1256 818 1961 868; baseline 0.006 -17"><span class='ocrx_word' id='word_1_291' title='bbox 1256 818 1463 865; x_wconf 83' lang='lat' dir='ltr'>Apostolatus</span> <span class='ocrx_word' id='word_1_292' title='bbox 1490 819 1647 860; x_wconf 81' lang='lat' dir='ltr'>officium,</span> <span class='ocrx_word' id='word_1_293' title='bbox 1675 820 1745 864; x_wconf 82' lang='lat' dir='ltr'>cui,</span> <span class='ocrx_word' id='word_1_294' title='bbox 1768 833 1961 868; x_wconf 87' lang='lat' dir='ltr'>quamquam</span> 
     </span>
     <span class='ocr_line' id='line_1_63' title="bbox 1208 868 1962 916; baseline 0.004 -15"><span class='ocrx_word' id='word_1_295' title='bbox 1208 868 1567 914; x_wconf 82' lang='lat' dir='ltr'>immeriti,disp0nente</span> <span class='ocrx_word' id='word_1_296' title='bbox 1582 869 1731 909; x_wconf 86' lang='lat' dir='ltr'>Domino,</span> <span class='ocrx_word' id='word_1_297' title='bbox 1744 870 1962 916; x_wconf 62' lang='lat' dir='ltr'>praesidemus,</span> 
     </span>
     <span class='ocr_line' id='line_1_64' title="bbox 1207 917 1965 965; baseline 0.003 -14"><span class='ocrx_word' id='word_1_298' title='bbox 1207 917 1360 963; x_wconf 77' lang='lat' dir='ltr'>exposcit,</span> <span class='ocrx_word' id='word_1_299' title='bbox 1385 926 1538 952; x_wconf 87' lang='lat' dir='ltr'>utcontra</span> <span class='ocrx_word' id='word_1_300' title='bbox 1555 926 1851 965; x_wconf 85' lang='lat' dir='ltr'>praesumptuosam</span> <span class='ocrx_word' id='word_1_301' title='bbox 1875 919 1965 954; x_wconf 88' lang='lat' dir='ltr'>mali-</span> 
     </span>
     <span class='ocr_line' id='line_1_65' title="bbox 1206 966 1964 1013; baseline 0.004 -13"><span class='ocrx_word' id='word_1_302' title='bbox 1206 978 1340 1011; x_wconf 85' lang='lat' dir='ltr'>gnorum</span> <span class='ocrx_word' id='word_1_303' title='bbox 1364 966 1501 1010; x_wconf 84' lang='lat' dir='ltr'>turbam,</span> <span class='ocrx_word' id='word_1_304' title='bbox 1515 967 1715 1013; x_wconf 85' lang='lat' dir='ltr'>Apostolicae</span> <span class='ocrx_word' id='word_1_305' title='bbox 1728 967 1822 1003; x_wconf 88' lang='lat' dir='ltr'>Sedis</span> <span class='ocrx_word' id='word_1_306' title='bbox 1832 977 1964 1003; x_wconf 89' lang='lat' dir='ltr'>senten-</span> 
     </span>
     <span class='ocr_line' id='line_1_66' title="bbox 1209 1016 1963 1053; baseline 0.004 -4"><span class='ocrx_word' id='word_1_307' title='bbox 1209 1016 1266 1049; x_wconf 87' lang='lat' dir='ltr'>tias</span> <span class='ocrx_word' id='word_1_308' title='bbox 1283 1023 1312 1049; x_wconf 90' lang='lat' dir='ltr'>et</span> <span class='ocrx_word' id='word_1_309' title='bbox 1331 1016 1499 1050; x_wconf 84' lang='lat' dir='ltr'>canonicas</span> <span class='ocrx_word' id='word_1_310' title='bbox 1512 1028 1574 1050; x_wconf 89' lang='lat' dir='ltr'>non</span> <span class='ocrx_word' id='word_1_311' title='bbox 1589 1018 1765 1051; x_wconf 85' lang='lat' dir='ltr'>verentium</span> <span class='ocrx_word' id='word_1_312' title='bbox 1782 1018 1963 1053; x_wconf 87' lang='lat' dir='ltr'>sanctiones</span> 
     </span>
     <span class='ocr_line' id='line_1_67' title="bbox 1207 1065 1962 1113; baseline 0.004 -15"><span class='ocrx_word' id='word_1_313' title='bbox 1207 1072 1421 1111; x_wconf 84' lang='lat' dir='ltr'>exequutores</span> <span class='ocrx_word' id='word_1_314' title='bbox 1456 1065 1592 1100; x_wconf 86' lang='lat' dir='ltr'>iustitiae</span> <span class='ocrx_word' id='word_1_315' title='bbox 1621 1067 1772 1112; x_wconf 87' lang='lat' dir='ltr'>optimos,</span> <span class='ocrx_word' id='word_1_316' title='bbox 1807 1075 1962 1113; x_wconf 88' lang='lat' dir='ltr'>quantum</span> 
     </span>
     <span class='ocr_line' id='line_1_68' title="bbox 1207 1114 1961 1162; baseline 0.004 -15"><span class='ocrx_word' id='word_1_317' title='bbox 1207 1126 1280 1148; x_wconf 89' lang='lat' dir='ltr'>cum</span> <span class='ocrx_word' id='word_1_318' title='bbox 1305 1114 1372 1148; x_wconf 89' lang='lat' dir='ltr'>Deo</span> <span class='ocrx_word' id='word_1_319' title='bbox 1395 1126 1578 1160; x_wconf 90' lang='lat' dir='ltr'>possumus,</span> <span class='ocrx_word' id='word_1_320' title='bbox 1600 1114 1741 1149; x_wconf 88' lang='lat' dir='ltr'>studiose</span> <span class='ocrx_word' id='word_1_321' title='bbox 1755 1127 1961 1162; x_wconf 82' lang='lat' dir='ltr'>apponamus.</span> 
     </span>
    </p>

    <p class='ocr_par' dir='ltr' id='par_1_22' title="bbox 1207 1162 1965 2047">
     <span class='ocr_line' id='line_1_69' title="bbox 1255 1162 1963 1210; baseline 0.004 -14"><span class='ocrx_word' id='word_1_322' title='bbox 1255 1163 1276 1209; x_wconf 63' lang='lat' dir='ltr'>S</span> <span class='ocrx_word' id='word_1_323' title='bbox 1297 1165 1327 1197; x_wconf 89' lang='grc'>1.</span> <span class='ocrx_word' id='word_1_324' title='bbox 1343 1162 1428 1197; x_wconf 88' lang='lat' dir='ltr'>Olim</span> <span class='ocrx_word' id='word_1_325' title='bbox 1444 1163 1602 1210; x_wconf 83' lang='lat' dir='ltr'>siquidem</span> <span class='ocrx_word' id='word_1_326' title='bbox 1619 1163 1720 1198; x_wconf 81' lang='lat' dir='ltr'>felicis</span> <span class='ocrx_word' id='word_1_327' title='bbox 1737 1164 1963 1199; x_wconf 84' lang='lat' dir='ltr'>recordationis</span> 
     </span>
     <span class='ocr_line' id='line_1_70' title="bbox 1208 1211 1962 1259; baseline 0.004 -14"><span class='ocrx_word' id='word_1_328' title='bbox 1208 1211 1391 1246; x_wconf 82' lang='lat' dir='ltr'>Bonifacius</span> <span class='ocrx_word' id='word_1_329' title='bbox 1413 1211 1497 1259; x_wconf 87' lang='lat' dir='ltr'>Papa</span> <span class='ocrx_word' id='word_1_330' title='bbox 1517 1211 1584 1246; x_wconf 87' lang='lat' dir='ltr'>Vllt</span> <span class='ocrx_word' id='word_1_331' title='bbox 1602 1213 1826 1259; x_wconf 81' lang='lat' dir='ltr'>praedecessor</span> <span class='ocrx_word' id='word_1_332' title='bbox 1842 1222 1962 1255; x_wconf 79' lang='lat' dir='ltr'>noster,</span> 
     </span>
     <span class='ocr_line' id='line_1_71' title="bbox 1208 1261 1964 1309; baseline 0.004 -14"><span class='ocrx_word' id='word_1_333' title='bbox 1208 1273 1263 1295; x_wconf 89' lang='lat' dir='ltr'>eos</span> <span class='ocrx_word' id='word_1_334' title='bbox 1284 1262 1338 1308; x_wconf 88' lang='lat' dir='ltr'>qui</span> <span class='ocrx_word' id='word_1_335' title='bbox 1370 1261 1409 1296; x_wconf 85' lang='lat' dir='ltr'>ab</span> <span class='ocrx_word' id='word_1_336' title='bbox 1436 1261 1589 1296; x_wconf 87' lang='lat' dir='ltr'>Ecclesiis</span> <span class='ocrx_word' id='word_1_337' title='bbox 1612 1262 1658 1297; x_wconf 89' lang='lat' dir='ltr'>vel</span> <span class='ocrx_word' id='word_1_338' title='bbox 1684 1263 1828 1309; x_wconf 86' lang='lat' dir='ltr'>personis</span> <span class='ocrx_word' id='word_1_339' title='bbox 1853 1263 1964 1298; x_wconf 87' lang='lat' dir='ltr'>eccle-</span> 
     </span>
     <span class='ocr_line' id='line_1_72' title="bbox 1207 1310 1964 1359; baseline 0.004 -15"><span class='ocrx_word' id='word_1_340' title='bbox 1207 1310 1342 1345; x_wconf 88' lang='lat' dir='ltr'>siasticis</span> <span class='ocrx_word' id='word_1_341' title='bbox 1366 1323 1422 1357; x_wconf 90' lang='lat' dir='ltr'>pro</span> <span class='ocrx_word' id='word_1_342' title='bbox 1449 1322 1559 1345; x_wconf 86' lang='lat' dir='ltr'>eorum</span> <span class='ocrx_word' id='word_1_343' title='bbox 1588 1310 1683 1346; x_wconf 90' lang='lat' dir='ltr'>rebus</span> <span class='ocrx_word' id='word_1_344' title='bbox 1711 1312 1858 1358; x_wconf 88' lang='lat' dir='ltr'>propriis,</span> <span class='ocrx_word' id='word_1_345' title='bbox 1885 1325 1964 1359; x_wconf 86' lang='lat' dir='ltr'>quas</span> 
     </span>
     <span class='ocr_line' id='line_1_73' title="bbox 1209 1360 1961 1406; baseline 0.004 -13"><span class='ocrx_word' id='word_1_346' title='bbox 1209 1372 1272 1395; x_wconf 91' lang='lat' dir='ltr'>non</span> <span class='ocrx_word' id='word_1_347' title='bbox 1292 1360 1478 1406; x_wconf 82' lang='lat' dir='ltr'>negociandi</span> <span class='ocrx_word' id='word_1_348' title='bbox 1493 1371 1588 1394; x_wconf 88' lang='lat' dir='ltr'>causa</span> <span class='ocrx_word' id='word_1_349' title='bbox 1603 1360 1761 1404; x_wconf 85' lang='lat' dir='ltr'>deferunt,</span> <span class='ocrx_word' id='word_1_350' title='bbox 1778 1369 1832 1395; x_wconf 87' lang='lat' dir='ltr'>aut</span> <span class='ocrx_word' id='word_1_351' title='bbox 1846 1361 1961 1397; x_wconf 84' lang='lat' dir='ltr'>deferri</span> 
     </span>
     <span class='ocr_line' id='line_1_74' title="bbox 1210 1408 1965 1458; baseline 0.004 -16"><span class='ocrx_word' id='word_1_352' title='bbox 1210 1408 1338 1448; x_wconf 74' lang='lat' dir='ltr'>faciunt,</span> <span class='ocrx_word' id='word_1_353' title='bbox 1354 1408 1400 1443; x_wconf 86' lang='lat' dir='ltr'>vel</span> <span class='ocrx_word' id='word_1_354' title='bbox 1416 1410 1644 1449; x_wconf 86' lang='lat' dir='ltr'>transmittunt,</span> <span class='ocrx_word' id='word_1_355' title='bbox 1662 1409 1793 1457; x_wconf 85' lang='lat' dir='ltr'>pedagia</span> <span class='ocrx_word' id='word_1_356' title='bbox 1812 1423 1868 1445; x_wconf 89' lang='lat' dir='ltr'>seu</span> <span class='ocrx_word' id='word_1_357' title='bbox 1897 1411 1965 1458; x_wconf 82' lang='lat' dir='ltr'>gui-</span> 
     </span>
     <span class='ocr_line' id='line_1_75' title="bbox 1209 1457 1963 1506; baseline 0.004 -14"><span class='ocrx_word' id='word_1_358' title='bbox 1209 1457 1309 1503; x_wconf 77' lang='lat' dir='ltr'>dacia,</span> <span class='ocrx_word' id='word_1_359' title='bbox 1331 1471 1389 1493; x_wconf 88' lang='lat' dir='ltr'>suo</span> <span class='ocrx_word' id='word_1_360' title='bbox 1411 1458 1458 1492; x_wconf 87' lang='lat' dir='ltr'>vel</span> <span class='ocrx_word' id='word_1_361' title='bbox 1480 1458 1584 1493; x_wconf 86' lang='lat' dir='ltr'>alieno</span> <span class='ocrx_word' id='word_1_362' title='bbox 1606 1459 1735 1493; x_wconf 90' lang='lat' dir='ltr'>nomine</span> <span class='ocrx_word' id='word_1_363' title='bbox 1763 1460 1889 1506; x_wconf 78' lang='lat' dir='ltr'>exigere</span> <span class='ocrx_word' id='word_1_364' title='bbox 1917 1461 1963 1495; x_wconf 82' lang='lat' dir='ltr'>vel</span> 
     </span>
     <span class='ocr_line' id='line_1_76' title="bbox 1209 1507 1963 1555; baseline 0.004 -14"><span class='ocrx_word' id='word_1_365' title='bbox 1209 1516 1408 1555; x_wconf 82' lang='lat' dir='ltr'>extorquere,</span> <span class='ocrx_word' id='word_1_366' title='bbox 1424 1507 1448 1541; x_wconf 93' lang='lat' dir='ltr'>si</span> <span class='ocrx_word' id='word_1_367' title='bbox 1467 1520 1600 1554; x_wconf 88' lang='lat' dir='ltr'>persona</span> <span class='ocrx_word' id='word_1_368' title='bbox 1619 1508 1766 1543; x_wconf 83' lang='lat' dir='ltr'>existeret</span> <span class='ocrx_word' id='word_1_369' title='bbox 1781 1509 1963 1555; x_wconf 84' lang='lat' dir='ltr'>singularis,</span> 
     </span>
     <span class='ocr_line' id='line_1_77' title="bbox 1208 1556 1963 1603; baseline 0.003 -12"><span class='ocrx_word' id='word_1_370' title='bbox 1208 1557 1442 1603; x_wconf 86' lang='lat' dir='ltr'>cuiuscumque</span> <span class='ocrx_word' id='word_1_371' title='bbox 1465 1556 1543 1592; x_wconf 83' lang='lat' dir='ltr'>foret</span> <span class='ocrx_word' id='word_1_372' title='bbox 1565 1556 1738 1603; x_wconf 86' lang='lat' dir='ltr'>dignitatis,</span> <span class='ocrx_word' id='word_1_373' title='bbox 1759 1558 1963 1601; x_wconf 84' lang='lat' dir='ltr'>conditionis,</span> 
     </span>
     <span class='ocr_line' id='line_1_78' title="bbox 1210 1605 1962 1650; baseline 0.005 -11"><span class='ocrx_word' id='word_1_374' title='bbox 1210 1605 1255 1640; x_wconf 79' lang='lat' dir='ltr'>vel</span> <span class='ocrx_word' id='word_1_375' title='bbox 1283 1614 1395 1650; x_wconf 83' lang='lat' dir='ltr'>status,</span> <span class='ocrx_word' id='word_1_376' title='bbox 1423 1607 1772 1650; x_wconf 75' lang='lat' dir='ltr'>excommunicationis,</span> <span class='ocrx_word' id='word_1_377' title='bbox 1805 1607 1830 1642; x_wconf 89' lang='lat' dir='ltr'>si</span> <span class='ocrx_word' id='word_1_378' title='bbox 1858 1616 1962 1643; x_wconf 86' lang='lat' dir='ltr'>autem</span> 
     </span>
     <span class='ocr_line' id='line_1_79' title="bbox 1209 1654 1961 1701; baseline 0.004 -12"><span class='ocrx_word' id='word_1_379' title='bbox 1209 1654 1376 1701; x_wconf 86' lang='lat' dir='ltr'>collegium</span> <span class='ocrx_word' id='word_1_380' title='bbox 1401 1655 1446 1690; x_wconf 91' lang='lat' dir='ltr'>vel</span> <span class='ocrx_word' id='word_1_381' title='bbox 1471 1655 1658 1691; x_wconf 84' lang='lat' dir='ltr'>universitas</span> <span class='ocrx_word' id='word_1_382' title='bbox 1680 1656 1829 1701; x_wconf 77' lang='lat' dir='ltr'>civitatis,</span> <span class='ocrx_word' id='word_1_383' title='bbox 1856 1659 1961 1701; x_wconf 78' lang='lat' dir='ltr'>castri,</span> 
     </span>
     <span class='ocr_line' id='line_1_80' title="bbox 1208 1704 1960 1752; baseline 0.003 -13"><span class='ocrx_word' id='word_1_384' title='bbox 1208 1717 1262 1739; x_wconf 90' lang='lat' dir='ltr'>seu</span> <span class='ocrx_word' id='word_1_385' title='bbox 1291 1705 1350 1739; x_wconf 90' lang='lat' dir='ltr'>loci</span> <span class='ocrx_word' id='word_1_386' title='bbox 1379 1704 1509 1739; x_wconf 86' lang='lat' dir='ltr'>alterius</span> <span class='ocrx_word' id='word_1_387' title='bbox 1536 1706 1782 1752; x_wconf 89' lang='lat' dir='ltr'>cuiuscumque,</span> <span class='ocrx_word' id='word_1_388' title='bbox 1805 1706 1960 1742; x_wconf 84' lang='lat' dir='ltr'>interdicti</span> 
     </span>
     <span class='ocr_line' id='line_1_81' title="bbox 1208 1754 1962 1801; baseline 0.004 -13"><span class='ocrx_word' id='word_1_389' title='bbox 1208 1755 1381 1789; x_wconf 87' lang='lat' dir='ltr'>sententias</span> <span class='ocrx_word' id='word_1_390' title='bbox 1409 1754 1569 1789; x_wconf 87' lang='lat' dir='ltr'>incurrere</span> <span class='ocrx_word' id='word_1_391' title='bbox 1598 1754 1693 1789; x_wconf 89' lang='lat' dir='ltr'>voluit</span> <span class='ocrx_word' id='word_1_392' title='bbox 1721 1756 1789 1801; x_wconf 84' lang='lat' dir='ltr'>ipso</span> <span class='ocrx_word' id='word_1_393' title='bbox 1817 1754 1910 1799; x_wconf 80' lang='lat' dir='ltr'>tacto,</span> <span class='ocrx_word' id='word_1_394' title='bbox 1932 1765 1962 1791; x_wconf 87' lang='lat' dir='ltr'>et</span> 
     </span>
     <span class='ocr_line' id='line_1_82' title="bbox 1207 1803 1964 1851; baseline 0.004 -14"><span class='ocrx_word' id='word_1_395' title='bbox 1207 1803 1292 1850; x_wconf 87' lang='lat' dir='ltr'>quod</span> <span class='ocrx_word' id='word_1_396' title='bbox 1308 1803 1346 1838; x_wconf 87' lang='lat' dir='ltr'>ab</span> <span class='ocrx_word' id='word_1_397' title='bbox 1359 1804 1688 1839; x_wconf 80' lang='lat' dir='ltr'>excommunicatione</span> <span class='ocrx_word' id='word_1_398' title='bbox 1702 1804 1859 1851; x_wconf 83' lang='lat' dir='ltr'>praedicta</span> <span class='ocrx_word' id='word_1_399' title='bbox 1874 1805 1964 1840; x_wconf 84' lang='lat' dir='ltr'>abso-</span> 
     </span>
     <span class='ocr_line' id='line_1_83' title="bbox 1209 1853 1964 1889; baseline 0.003 -2"><span class='ocrx_word' id='word_1_400' title='bbox 1209 1853 1359 1888; x_wconf 88' lang='lat' dir='ltr'>lutionem</span> <span class='ocrx_word' id='word_1_401' title='bbox 1387 1853 1433 1887; x_wconf 81' lang='lat' dir='ltr'>vel</span> <span class='ocrx_word' id='word_1_402' title='bbox 1457 1853 1612 1888; x_wconf 88' lang='lat' dir='ltr'>interdicti</span> <span class='ocrx_word' id='word_1_403' title='bbox 1632 1853 1856 1888; x_wconf 86' lang='lat' dir='ltr'>relaxationem</span> <span class='ocrx_word' id='word_1_404' title='bbox 1880 1855 1964 1889; x_wconf 90' lang='lat' dir='ltr'>obti-</span> 
     </span>
     <span class='ocr_line' id='line_1_84' title="bbox 1209 1902 1963 1949; baseline 0.003 -13"><span class='ocrx_word' id='word_1_405' title='bbox 1209 1914 1283 1936; x_wconf 85' lang='lat' dir='ltr'>nere</span> <span class='ocrx_word' id='word_1_406' title='bbox 1312 1914 1374 1937; x_wconf 89' lang='lat' dir='ltr'>non</span> <span class='ocrx_word' id='word_1_407' title='bbox 1399 1911 1539 1949; x_wconf 87' lang='lat' dir='ltr'>possent,</span> <span class='ocrx_word' id='word_1_408' title='bbox 1561 1902 1662 1937; x_wconf 89' lang='lat' dir='ltr'>donec</span> <span class='ocrx_word' id='word_1_409' title='bbox 1693 1911 1800 1937; x_wconf 82' lang='lat' dir='ltr'>exacta</span> <span class='ocrx_word' id='word_1_410' title='bbox 1825 1904 1963 1949; x_wconf 87' lang='lat' dir='ltr'>plenarie</span> 
     </span>
     <span class='ocr_line' id='line_1_85' title="bbox 1208 1951 1963 1998; baseline 0.003 -13"><span class='ocrx_word' id='word_1_411' title='bbox 1208 1951 1422 1991; x_wconf 83' lang='lat' dir='ltr'>restituerent,</span> <span class='ocrx_word' id='word_1_412' title='bbox 1444 1960 1473 1985; x_wconf 88' lang='lat' dir='ltr'>et</span> <span class='ocrx_word' id='word_1_413' title='bbox 1496 1951 1534 1986; x_wconf 86' lang='lat' dir='ltr'>de</span> <span class='ocrx_word' id='word_1_414' title='bbox 1557 1952 1806 1998; x_wconf 81' lang='lat' dir='ltr'>transgressione</span> <span class='ocrx_word' id='word_1_415' title='bbox 1833 1953 1963 1988; x_wconf 77' lang='lat' dir='ltr'>satista-</span> 
     </span>
     <span class='ocr_line' id='line_1_86' title="bbox 1208 2007 1563 2047; baseline -0.006 -12"><span class='ocrx_word' id='word_1_416' title='bbox 1208 2008 1316 2035; x_wconf 85' lang='lat' dir='ltr'>cercnt</span> <span class='ocrx_word' id='word_1_417' title='bbox 1335 2007 1563 2047; x_wconf 85' lang='lat' dir='ltr'>competenter.</span> 
     </span>
    </p>

    <p class='ocr_par' dir='ltr' id='par_1_23' title="bbox 1206 2049 1962 2589">
     <span class='ocr_line' id='line_1_87' title="bbox 1256 2049 1962 2096; baseline 0.004 -13"><span class='ocrx_word' id='word_1_418' title='bbox 1256 2050 1276 2096; x_wconf 67' lang='lat' dir='ltr'>S</span> <span class='ocrx_word' id='word_1_419' title='bbox 1297 2053 1331 2084; x_wconf 76' lang='lat'>2.</span> <span class='ocrx_word' id='word_1_420' title='bbox 1345 2049 1391 2084; x_wconf 89' lang='lat' dir='ltr'>Ac</span> <span class='ocrx_word' id='word_1_421' title='bbox 1405 2049 1521 2084; x_wconf 85' lang='lat' dir='ltr'>deinde</span> <span class='ocrx_word' id='word_1_422' title='bbox 1544 2061 1598 2096; x_wconf 89' lang='lat' dir='ltr'>per</span> <span class='ocrx_word' id='word_1_423' title='bbox 1615 2049 1784 2085; x_wconf 89' lang='lat' dir='ltr'>nonnullos</span> <span class='ocrx_word' id='word_1_424' title='bbox 1800 2049 1962 2086; x_wconf 85' lang='lat' dir='ltr'>Romanos</span> 
     </span>
     <span class='ocr_line' id='line_1_88' title="bbox 1207 2098 1962 2147; baseline 0.003 -15"><span class='ocrx_word' id='word_1_425' title='bbox 1207 2098 1392 2143; x_wconf 75' lang='lat' dir='ltr'>Pontifices,</span> <span class='ocrx_word' id='word_1_426' title='bbox 1415 2098 1674 2145; x_wconf 85' lang='lat' dir='ltr'>praedecessores</span> <span class='ocrx_word' id='word_1_427' title='bbox 1689 2109 1824 2139; x_wconf 83' lang='lat' dir='ltr'>nostrOS,</span> <span class='ocrx_word' id='word_1_428' title='bbox 1846 2108 1877 2134; x_wconf 89' lang='lat' dir='ltr'>et</span> <span class='ocrx_word' id='word_1_429' title='bbox 1904 2113 1962 2147; x_wconf 88' lang='lat' dir='ltr'>po-</span> 
     </span>
     <span class='ocr_line' id='line_1_89' title="bbox 1206 2147 1961 2195; baseline 0.004 -14"><span class='ocrx_word' id='word_1_430' title='bbox 1206 2156 1325 2183; x_wconf 86' lang='lat' dir='ltr'>stremo</span> <span class='ocrx_word' id='word_1_431' title='bbox 1348 2160 1403 2195; x_wconf 86' lang='lat' dir='ltr'>per</span> <span class='ocrx_word' id='word_1_432' title='bbox 1425 2160 1494 2189; x_wconf 87' lang='lat' dir='ltr'>nos,</span> <span class='ocrx_word' id='word_1_433' title='bbox 1510 2147 1541 2183; x_wconf 91' lang='lat' dir='ltr'>in</span> <span class='ocrx_word' id='word_1_434' title='bbox 1565 2160 1676 2182; x_wconf 85' lang='lat' dir='ltr'>onmes</span> <span class='ocrx_word' id='word_1_435' title='bbox 1699 2149 1826 2195; x_wconf 82' lang='lat' dir='ltr'>piratas,</span> <span class='ocrx_word' id='word_1_436' title='bbox 1848 2161 1961 2184; x_wconf 86' lang='lat' dir='ltr'>cursa-</span> 
     </span>
     <span class='ocr_line' id='line_1_90' title="bbox 1207 2197 1961 2242; baseline 0.003 -11"><span class='ocrx_word' id='word_1_437' title='bbox 1207 2198 1269 2232; x_wconf 91' lang='lat' dir='ltr'>rios</span> <span class='ocrx_word' id='word_1_438' title='bbox 1305 2206 1334 2231; x_wconf 89' lang='lat' dir='ltr'>et</span> <span class='ocrx_word' id='word_1_439' title='bbox 1373 2197 1567 2232; x_wconf 87' lang='lat' dir='ltr'>latrunculos</span> <span class='ocrx_word' id='word_1_440' title='bbox 1603 2197 1758 2242; x_wconf 79' lang='lat' dir='ltr'>marinos,</span> <span class='ocrx_word' id='word_1_441' title='bbox 1785 2205 1816 2232; x_wconf 85' lang='lat' dir='ltr'>et</span> <span class='ocrx_word' id='word_1_442' title='bbox 1849 2210 1961 2234; x_wconf 89' lang='lat' dir='ltr'>omnes</span> 
     </span>
     <span class='ocr_line' id='line_1_91' title="bbox 1208 2246 1961 2293; baseline 0.004 -13"><span class='ocrx_word' id='word_1_443' title='bbox 1208 2246 1356 2285; x_wconf 83' lang='lat' dir='ltr'>fautores,</span> <span class='ocrx_word' id='word_1_444' title='bbox 1372 2254 1582 2293; x_wconf 86' lang='lat' dir='ltr'>receptatores</span> <span class='ocrx_word' id='word_1_445' title='bbox 1599 2254 1629 2281; x_wconf 88' lang='lat' dir='ltr'>et</span> <span class='ocrx_word' id='word_1_446' title='bbox 1641 2246 1825 2282; x_wconf 78' lang='lat' dir='ltr'>defensores</span> <span class='ocrx_word' id='word_1_447' title='bbox 1839 2259 1961 2292; x_wconf 80' lang='lat' dir='ltr'>eorum,</span> 
     </span>
     <span class='ocr_line' id='line_1_92' title="bbox 1208 2296 1962 2344; baseline 0.001 -14"><span class='ocrx_word' id='word_1_448' title='bbox 1208 2304 1239 2330; x_wconf 86' lang='lat' dir='ltr'>et</span> <span class='ocrx_word' id='word_1_449' title='bbox 1267 2296 1396 2342; x_wconf 86' lang='lat' dir='ltr'>insuper</span> <span class='ocrx_word' id='word_1_450' title='bbox 1423 2296 1452 2330; x_wconf 93' lang='lat' dir='ltr'>in</span> <span class='ocrx_word' id='word_1_451' title='bbox 1481 2308 1592 2330; x_wconf 89' lang='lat' dir='ltr'>omnes</span> <span class='ocrx_word' id='word_1_452' title='bbox 1620 2296 1699 2335; x_wconf 77' lang='lat' dir='ltr'>ittos,</span> <span class='ocrx_word' id='word_1_453' title='bbox 1727 2296 1780 2344; x_wconf 88' lang='lat' dir='ltr'>qui</span> <span class='ocrx_word' id='word_1_454' title='bbox 1808 2296 1838 2331; x_wconf 86' lang='lat' dir='ltr'>iu</span> <span class='ocrx_word' id='word_1_455' title='bbox 1872 2298 1962 2332; x_wconf 86' lang='lat' dir='ltr'>terris</span> 
     </span>
     <span class='ocr_line' id='line_1_93' title="bbox 1208 2345 1960 2392; baseline 0.001 -13"><span class='ocrx_word' id='word_1_456' title='bbox 1208 2345 1274 2379; x_wconf 88' lang='lat' dir='ltr'>suis</span> <span class='ocrx_word' id='word_1_457' title='bbox 1297 2357 1374 2379; x_wconf 90' lang='lat' dir='ltr'>nova</span> <span class='ocrx_word' id='word_1_458' title='bbox 1399 2345 1528 2392; x_wconf 85' lang='lat' dir='ltr'>pedagia</span> <span class='ocrx_word' id='word_1_459' title='bbox 1552 2345 1740 2392; x_wconf 86' lang='lat' dir='ltr'>imponunt:</span> <span class='ocrx_word' id='word_1_460' title='bbox 1764 2358 1801 2380; x_wconf 87' lang='lat' dir='ltr'>ac</span> <span class='ocrx_word' id='word_1_461' title='bbox 1819 2345 1912 2380; x_wconf 86' lang='lat' dir='ltr'>etiam</span> <span class='ocrx_word' id='word_1_462' title='bbox 1930 2347 1960 2381; x_wconf 86' lang='lat' dir='ltr'>in</span> 
     </span>
     <span class='ocr_line' id='line_1_94' title="bbox 1210 2394 1961 2440; baseline 0.004 -13"><span class='ocrx_word' id='word_1_463' title='bbox 1210 2394 1290 2433; x_wconf 89' lang='lat' dir='ltr'>illos,</span> <span class='ocrx_word' id='word_1_464' title='bbox 1312 2395 1365 2440; x_wconf 89' lang='lat' dir='ltr'>qui</span> <span class='ocrx_word' id='word_1_465' title='bbox 1392 2407 1502 2440; x_wconf 68' lang='lat' dir='ltr'>equOs‘,</span> <span class='ocrx_word' id='word_1_466' title='bbox 1517 2407 1614 2438; x_wconf 77' lang='lat' dir='ltr'>arma,</span> <span class='ocrx_word' id='word_1_467' title='bbox 1639 2394 1770 2439; x_wconf 75' lang='lat' dir='ltr'>ferrum,</span> <span class='ocrx_word' id='word_1_468' title='bbox 1790 2395 1961 2440; x_wconf 82' lang='lat' dir='ltr'>lignamina</span> 
     </span>
     <span class='ocr_line' id='line_1_95' title="bbox 1210 2443 1961 2491; baseline 0.004 -15"><span class='ocrx_word' id='word_1_469' title='bbox 1210 2443 1255 2477; x_wconf 88' lang='lat' dir='ltr'>vel</span> <span class='ocrx_word' id='word_1_470' title='bbox 1272 2443 1329 2477; x_wconf 89' lang='lat' dir='ltr'>alia</span> <span class='ocrx_word' id='word_1_471' title='bbox 1345 2443 1501 2489; x_wconf 82' lang='lat' dir='ltr'>prohibita</span> <span class='ocrx_word' id='word_1_472' title='bbox 1520 2443 1666 2478; x_wconf 81' lang='lat' dir='ltr'>deserunt</span> <span class='ocrx_word' id='word_1_473' title='bbox 1687 2444 1866 2485; x_wconf 82' lang='lat' dir='ltr'>Saracenis,</span> <span class='ocrx_word' id='word_1_474' title='bbox 1888 2445 1961 2491; x_wconf 87' lang='lat' dir='ltr'>qui-</span> 
     </span>
     <span class='ocr_line' id='line_1_96' title="bbox 1210 2492 1960 2540; baseline 0.005 -15"><span class='ocrx_word' id='word_1_475' title='bbox 1210 2493 1267 2525; x_wconf 81' lang='lat' dir='ltr'>bus</span> <span class='ocrx_word' id='word_1_476' title='bbox 1294 2492 1482 2527; x_wconf 82' lang='lat' dir='ltr'>christianos</span> <span class='ocrx_word' id='word_1_477' title='bbox 1511 2493 1712 2539; x_wconf 86' lang='lat' dir='ltr'>impugnant:</span> <span class='ocrx_word' id='word_1_478' title='bbox 1742 2502 1900 2540; x_wconf 86' lang='lat' dir='ltr'>praeterea</span> <span class='ocrx_word' id='word_1_479' title='bbox 1929 2495 1960 2529; x_wconf 88' lang='lat' dir='ltr'>in</span> 
     </span>
     <span class='ocr_line' id='line_1_97' title="bbox 1209 2541 1962 2589; baseline 0.004 -15"><span class='ocrx_word' id='word_1_480' title='bbox 1209 2553 1319 2575; x_wconf 88' lang='lat' dir='ltr'>omnes</span> <span class='ocrx_word' id='word_1_481' title='bbox 1344 2541 1424 2581; x_wconf 74' lang='lat' dir='ltr'>illos,</span> <span class='ocrx_word' id='word_1_482' title='bbox 1447 2542 1499 2589; x_wconf 88' lang='lat' dir='ltr'>qui</span> <span class='ocrx_word' id='word_1_483' title='bbox 1519 2542 1557 2576; x_wconf 87' lang='lat' dir='ltr'>ad</span> <span class='ocrx_word' id='word_1_484' title='bbox 1576 2542 1692 2577; x_wconf 80' lang='lat' dir='ltr'>Setlem</span> <span class='ocrx_word' id='word_1_485' title='bbox 1710 2543 1821 2589; x_wconf 83' lang='lat' dir='ltr'>Apost.</span> <span class='ocrx_word' id='word_1_486' title='bbox 1837 2543 1962 2578; x_wconf 84' lang='lat' dir='ltr'>venien-</span> 
     </span>
    </p>
   </div>
   <div class='ocr_carea' id='block_1_20' title="bbox 1210 2611 1961 2678">
    <p class='ocr_par' dir='ltr' id='par_1_24' title="bbox 1210 2611 1961 2678">
     <span class='ocr_line' id='line_1_98' title="bbox 1245 2611 1961 2646; baseline 0.003 -9"><span class='ocrx_word' id='word_1_487' title='bbox 1245 2611 1284 2645; x_wconf 87' lang='lat' dir='ltr'>(t)</span> <span class='ocrx_word' id='word_1_488' title='bbox 1300 2612 1398 2638; x_wconf 82' lang='lat' dir='ltr'>Otunes</span> <span class='ocrx_word' id='word_1_489' title='bbox 1416 2612 1456 2637; x_wconf 79' lang='lat' dir='ltr'>hic</span> <span class='ocrx_word' id='word_1_490' title='bbox 1482 2613 1601 2646; x_wconf 79' lang='lat' dir='ltr'>expressi</span> <span class='ocrx_word' id='word_1_491' title='bbox 1625 2613 1851 2640; x_wconf 84' lang='lat' dir='ltr'>excommunicari</span> <span class='ocrx_word' id='word_1_492' title='bbox 1876 2613 1961 2641; x_wconf 89' lang='lat' dir='ltr'>solent</span> 
     </span>
     <span class='ocr_line' id='line_1_99' title="bbox 1210 2651 1613 2678; baseline 0.002 -2"><span class='ocrx_word' id='word_1_493' title='bbox 1210 2659 1236 2676; x_wconf 84' lang='lat' dir='ltr'>in</span> <span class='ocrx_word' id='word_1_494' title='bbox 1254 2651 1325 2677; x_wconf 84' lang='lat' dir='ltr'>Bulla</span> <span class='ocrx_word' id='word_1_495' title='bbox 1344 2652 1374 2676; x_wconf 82' lang='lat' dir='ltr'>In</span> <span class='ocrx_word' id='word_1_496' title='bbox 1392 2653 1476 2678; x_wconf 77' lang='lat' dir='ltr'>coena</span> <span class='ocrx_word' id='word_1_497' title='bbox 1496 2653 1613 2677; x_wconf 72' lang='lat' dir='ltr'>Domini.</span> 
     </span>
    </p>
   </div>
   <div class='ocr_carea' id='block_1_21' title="bbox 1979 275 2162 302">
    <p class='ocr_par' dir='ltr' id='par_1_25' title="bbox 1979 275 2162 302">
     <span class='ocr_line' id='line_1_100' title="bbox 1979 275 2162 302; baseline -0.005 0"><span class='ocrx_word' id='word_1_498' title='bbox 1979 276 2028 302; x_wconf 79' lang='lat' dir='ltr'>An.</span> <span class='ocrx_word' id='word_1_499' title='bbox 2051 275 2162 302; x_wconf 66' lang='lat'><strong>01365</strong></span> 
     </span>
    </p>
   </div>
   <div class='ocr_carea' id='block_1_22' title="bbox 2004 827 2136 847">
    <p class='ocr_par' dir='ltr' id='par_1_26' title="bbox 2004 827 2136 847">
     <span class='ocr_line' id='line_1_101' title="bbox 2004 827 2136 847; baseline 0 0"><span class='ocrx_word' id='word_1_500' title='bbox 2004 827 2136 847; x_wconf 63' lang='lat' dir='ltr'>Prooemium.</span> 
     </span>
    </p>
   </div>
   <div class='ocr_carea' id='block_1_23' title="bbox 1978 1172 2164 1291">
    <p class='ocr_par' dir='ltr' id='par_1_27' title="bbox 1978 1172 2164 1291">
     <span class='ocr_line' id='line_1_102' title="bbox 1984 1172 2161 1195; baseline -0.006 -1"><span class='ocrx_word' id='word_1_501' title='bbox 1984 1174 2103 1195; x_wconf 72' lang='lat' dir='ltr'>Bonitactus</span> <span class='ocrx_word' id='word_1_502' title='bbox 2115 1172 2161 1193; x_wconf 71' lang='lat' dir='ltr'>Vll!</span> 
     </span>
     <span class='ocr_line' id='line_1_103' title="bbox 1978 1204 2162 1225; baseline -0.005 0"><span class='ocrx_word' id='word_1_503' title='bbox 1978 1205 2002 1225; x_wconf 80' lang='lat' dir='ltr'>ab</span> <span class='ocrx_word' id='word_1_504' title='bbox 2027 1204 2162 1225; x_wconf 71' lang='lat' dir='ltr'>ecclesiasti-</span> 
     </span>
     <span class='ocr_line' id='line_1_104' title="bbox 1978 1236 2164 1262; baseline -0.011 -6"><span class='ocrx_word' id='word_1_505' title='bbox 1978 1238 2008 1256; x_wconf 77' lang='lat' dir='ltr'>cis</span> <span class='ocrx_word' id='word_1_506' title='bbox 2018 1236 2105 1262; x_wconf 69' lang='lat' dir='ltr'>pedagia</span> <span class='ocrx_word' id='word_1_507' title='bbox 2116 1240 2164 1261; x_wconf 84' lang='lat' dir='ltr'>pro-</span> 
     </span>
     <span class='ocr_line' id='line_1_105' title="bbox 1978 1266 2128 1291; baseline -0.02 -3"><span class='ocrx_word' id='word_1_508' title='bbox 1978 1266 2044 1288; x_wconf 73' lang='lat' dir='ltr'>hibuit</span> <span class='ocrx_word' id='word_1_509' title='bbox 2060 1266 2128 1291; x_wconf 75' lang='lat' dir='ltr'>exigi:</span> 
     </span>
    </p>
   </div>
   <div class='ocr_carea' id='block_1_24' title="bbox 1974 2058 2162 2209">
    <p class='ocr_par' dir='ltr' id='par_1_28' title="bbox 1974 2058 2162 2209">
     <span class='ocr_line' id='line_1_106' title="bbox 1988 2058 2162 2087; baseline 0 -7"><span class='ocrx_word' id='word_1_510' title='bbox 1988 2059 2072 2087; x_wconf 75' lang='lat' dir='ltr'>Aliique</span> <span class='ocrx_word' id='word_1_511' title='bbox 2086 2058 2162 2080; x_wconf 83' lang='lat' dir='ltr'>Ponti-</span> 
     </span>
     <span class='ocr_line' id='line_1_107' title="bbox 1975 2090 2162 2111; baseline -0.005 0"><span class='ocrx_word' id='word_1_512' title='bbox 1975 2090 2026 2111; x_wconf 83' lang='lat' dir='ltr'>fices</span> <span class='ocrx_word' id='word_1_513' title='bbox 2042 2091 2075 2110; x_wconf 78' lang='lat' dir='ltr'>hic</span> <span class='ocrx_word' id='word_1_514' title='bbox 2092 2091 2162 2110; x_wconf 88' lang='lat' dir='ltr'>nomi—</span> 
     </span>
     <span class='ocr_line' id='line_1_108' title="bbox 1974 2120 2161 2141; baseline -0.005 0"><span class='ocrx_word' id='word_1_515' title='bbox 1974 2124 2037 2141; x_wconf 76' lang='lat' dir='ltr'>natos</span> <span class='ocrx_word' id='word_1_516' title='bbox 2069 2120 2161 2140; x_wconf 71' lang='lat' dir='ltr'>anatlie-</span> 
     </span>
     <span class='ocr_line' id='line_1_109' title="bbox 1975 2152 2162 2173; baseline 0 -1"><span class='ocrx_word' id='word_1_517' title='bbox 1975 2153 2025 2172; x_wconf 75' lang='lat' dir='ltr'>mati</span> <span class='ocrx_word' id='word_1_518' title='bbox 2060 2152 2162 2173; x_wconf 79' lang='lat' dir='ltr'>subiece-</span> 
     </span>
     <span class='ocr_line' id='line_1_110' title="bbox 1974 2182 2052 2209; baseline -0.013 -6"><span class='ocrx_word' id='word_1_519' title='bbox 1974 2187 1997 2203; x_wconf 76' lang='lat' dir='ltr'>re</span> <span class='ocrx_word' id='word_1_520' title='bbox 2013 2182 2052 2209; x_wconf 87' lang='lat' dir='ltr'>(l).</span> 
     </span>
    </p>
   </div>
   <div class='ocr_carea' id='block_1_25' title="bbox 2247 841 2274 2967">
    <p class='ocr_par' dir='ltr' id='par_1_29' title="bbox 2247 841 2274 2967">
     <span class='ocr_line' id='line_1_111' title="bbox 2247 841 2274 2967; baseline 0 0"><span class='ocrx_word' id='word_1_521' title='bbox 2247 841 2274 2967; x_wconf 95' lang='lat' dir='ltr'> </span> 
     </span>
    </p>
   </div>
  </div>
 </body>
</html>
