2274 3265
125 258 175 284 An.
193 257 222 283 C.
245 258 310 284 1500

120 841 220 861 notorum
252 842 302 859 viti*

119 872 178 891 rantra
207 872 300 891 basilica.

145 2396 262 2417 Exordium.

165 813 218 830 utres
247 810 289 835 Apu
298 822 302 824 >
321 807 325 812 ”

923 259 1114 283 ΒΟΝΙΡΑΕΙΓΒ
1137 260 1194 282 tht
1219 260 1265 281 ΙΨ.

324 314 353 347 iu
373 313 514 360 quolibet
535 326 618 348 anno
637 314 810 349 centesimo
839 322 998 353 secuturo,
1034 313 1070 347 ad

323 362 466 398 basilicas
493 363 576 409 ipsas
602 363 827 398 accedentibus
868 370 1071 417 reverenter,

323 424 394 447 vere
418 412 652 459 poenitentibus
675 420 704 447 et
726 412 903 456 confessis,
936 411 981 445 vet
1016 412 1069 458 qni

323 462 393 496 vere
427 462 633 508 poenitebunt
680 470 709 496 et
744 461 1002 501 confitebuntur,
1039 461 1069 495 in

322 510 502 546 huiusmodi
540 511 694 557 praesenti
720 518 749 545 et
787 511 929 557 quolibet
962 518 1071 545 cente-

320 561 402 595 simo
425 568 574 595 secuturo
595 560 699 603 annis,
721 572 783 594 non
812 561 913 595 solum
943 560 1068 606 plenam

319 618 349 644 et
377 610 554 656 largiorem,
585 610 646 644 imo
671 609 887 656 plenissimam
925 610 1067 644 omnium

319 671 449 694 suorum
473 658 687 693 concedemus
710 666 740 694 et
771 659 977 694 concedimus
1017 672 1069 694 ve-

321 709 403 743 niam
433 715 648 755 peccatorum.

368 762 382 801 ἓ
418 759 449 792 5.
474 756 667 798 Statuentcs,
697 757 803 804 utqui
833 757 988 793 voluerint
1016 758 1069 793 liu·

320 806 456 841 rusmodi
485 806 701 853 indulgentiae
729 818 744 841 a
770 807 859 841 nobis
899 820 1069 843 concessae

319 856 384 890 fieri
424 855 602 902 participes,
638 856 663 890 si
698 856 812 891 fuerint
846 856 992 897 Romani,
1030 857 1067 892 ad

318 906 424 939 minus
446 905 572 952 triginta
588 905 714 948 diebus,
730 909 845 950 seu(l)
863 906 1069 953 interpolatis

316 962 346 989 et
373 954 483 989 saltem
507 955 604 988 semel
630 955 658 988 in
684 955 744 989 die:
769 955 793 990 si
819 968 889 990 vero
913 957 1068 1003 peregrini

318 1004 432 1038 fuerint
454 1011 507 1037 aut
534 1004 686 1045 forenses,
710 1004 804 1039 simili
834 1006 926 1040 modo
956 1005 1069 1040 diebus

316 1053 498 1100 quindecim
535 1053 573 1087 ad
594 1053 736 1088 basilicas
759 1054 883 1089 casdem
907 1055 1068 1090 accedant.

316 1103 546 1149 Unusquisque
570 1110 673 1137 tamen
705 1103 775 1150 plus
810 1104 1005 1145 merebitur,
1039 1112 1070 1139 et

316 1152 544 1198 indulgentiam
568 1152 730 1188 efficacius
757 1161 982 1200 consequetur,
1016 1154 1067 1200 qui

315 1201 461 1236 basilicas
490 1202 574 1248 ipsas
595 1202 732 1248 amplius
771 1210 802 1237 et
827 1202 971 1237 (lerotitrs
1009 1203 1071 1237 fre-

315 1250 490 1297 quentabit.
518 1250 604 1285 Nulli
622 1264 696 1297 ergo
719 1260 772 1285 etc.

365 1299 480 1334 Datum
504 1300 624 1335 Romae
653 1299 736 1347 apud
778 1301 811 1335 S.
853 1301 980 1336 Petrum
999 1329 1006 1342 ,

316 1349 375 1384 kal.
401 1349 515 1390 martii,
539 1358 627 1396 pont.
652 1350 749 1384 nostri
779 1362 861 1385 anno
890 1363 934 1385 vr.

333 1411 394 1440 Dat.
411 1411 457 1441 die
473 1411 511 1441 23
528 1411 670 1441 februarii
691 1412 775 1449 1300,
797 1413 899 1451 pontis.
917 1423 993 1443 anno
1010 1423 1047 1445 vr.

1048 1306 1069 1337 8

314 1621 435 1654 Erectio
462 1621 569 1654 Stadii
593 1622 744 1665 qeneralr's
773 1623 803 1654 r'n
846 1622 966 1656 cir-itate
1003 1623 1071 1656 Fir-

364 1681 468 1708 mano,
491 1671 671 1714 provinciae
699 1671 860 1704 Mar-clune
882 1673 989 1706 Status
1007 1674 1069 1705 Ec-

362 1720 531 1758 clesiastici,
566 1732 634 1753 cunt
668 1721 852 1764 privilegiis,
891 1723 1002 1765 qratt'is
1043 1730 1068 1756 et

366 1769 492 1801 indultis
514 1769 622 1803 Stratis
642 1770 857 1803 Bononiensis.

585 1848 798 1879 StolslAttlt'M

313 1916 479 1946 Exordium.
503 1933 540 1937 —
568 1917 590 1945 1.
608 1916 812 1946 Firmanorum
841 1926 953 1957 preces.
981 1936 1019 1941 —
1041 1920 1068 1949 ζ),

354 1961 482 1999 Erigitur
500 1961 635 1990 Studium
656 1971 721 1991 cum
743 1963 904 2001 privilegiis
924 1964 957 1993 ad
979 1965 1069 1995 instar

355 2005 448 2035 studii
483 2005 687 2035 Bononiensis.
720 2024 759 2028 —
785 2007 811 2036 3.
842 2007 1004 2046 Magistcria
1042 2015 1069 2040 et

354 2050 452 2079 laurea
477 2050 653 2080 conserenda
679 2060 729 2089 per
761 2052 942 2091 epist-opum.
973 2071 1011 2076 —-
1040 2056 1066 2085 4,,

354 2094 561 2124 Laureatorum
587 2095 748 2134 privilegia.

357 2170 509 2199 Bonifacius
529 2171 670 2206 episcopus
694 2179 790 2200 servus
809 2179 950 2201 servorum
966 2173 1021 2206 Dei.

448 2221 481 2248 ad
504 2223 666 2256 perpetuam
696 2222 736 2250 rei
764 2222 931 2251 memoriam.

364 2292 395 2327 ln
420 2305 587 2340 supremae
615 2293 774 2339 dignitatis
796 2294 988 2341 apostolicae
1000 2308 1067 2343 spe·

313 2343 382 2377 cula
409 2343 538 2398 superni
566 2342 804 2390 dispensatione
838 2345 960 2379 consilii
996 2345 1066 2380 licet

313 2393 461 2427 immeriti
485 2393 659 2433 constituti,
679 2393 716 2427 arl
738 2406 900 2429 unirersas
923 2394 1065 2430 fidelium

313 2443 458 2488 regiones
482 2442 572 2476 nobis
608 2442 741 2477 creditas
779 2455 954 2490 eorumque
993 2458 1067 2492 pro-

313 2492 414 2527 l'ectus
449 2500 479 2526 et
501 2492 666 2526 commoda
692 2500 850 2538 tamquam
877 2493 1065 2529 universalis

312 2540 417 2588 gregis
443 2541 592 2575 dominici
617 2550 732 2587 pastor,
756 2543 943 2578 commissae
975 2544 1065 2578 nobis

293 2589 537 2637 ‘speculationis
565 2591 676 2631 aciem,
704 2598 858 2637 quantum
895 2593 986 2627 nobis
1025 2606 1063 2629 ex

348 2652 387 2687 (1)
406 2652 563 2679 Addendum
584 2652 670 2679 forsan
692 2662 728 2677 er
758 2655 822 2682 ‘sk-im
827 2673 832 2686 ,
850 2662 903 2679 ser«.

1752 253 1816 285 137

1114 315 1176 348 alto
1221 314 1432 360 permittitur,
1458 316 1683 361 intendentes,
1721 316 1867 352 fidelibus

1116 362 1192 409 ipsis
1219 362 1256 397 ad
1285 364 1500 410 quaerendum
1541 365 1698 401 literarum
1738 367 1865 405 studia.

1114 423 1270 458 perqnae
1306 412 1403 447 divini
1444 414 1581 449 nominis
1615 427 1751 462 suaeque
1796 417 1864 451 [idei

1113 461 1285 495 catholicae
1307 463 1410 496 cultus
1434 463 1642 509 protenditur
1667 465 1783 500 institia
1811 479 1866 500 co-

1114 510 1200 555 litur,
1225 518 1285 545 tam
1311 511 1433 557 publica
1458 524 1551 558 quam
1582 514 1696 559 privata
1735 527 1784 550 res
1811 528 1865 562 gc-

1114 560 1193 594 ritur
1236 560 1353 595 utiliter
1373 588 1380 601 ,
1423 561 1634 609 omnibusque
1676 565 1865 610 prosperitas

1113 609 1268 644 hnmanae
1312 610 1506 645 conditionis
1548 621 1690 657 augetur
1731 613 1864 648 libenter

1112 658 1232 694 favores
1260 659 1415 705 gratiosos
1435 659 1660 707 impendimus,
1688 669 1718 696 et
1754 675 1866 709 oppor-

1113 718 1206 743 tunae
1228 709 1461 744 commoditatis
1483 709 1598 745 auxilia
1622 710 1816 746 liberaliter'
1811 725 1866 746 rm-

1114 758 1277 805 pcrtimur.

1160 812 1174 850 ξ
1204 810 1230 841 l.
1269 807 1350 842 Cum
1395 807 1500 854 itaque
1543 820 1645 855 nuper
1687 822 1742 855 pro
1777 818 1863 856 parte

1112 857 1298 892 dilectorum
1323 856 1458 891 liliorum
1483 858 1729 900 communitatis,
1747 868 1777 893 et
1805 859 1864 894 lio-

1113 906 1232 940 minum
1256 905 1390 941 ciiitatis
1430 914 1555 941 nostrae
1577 906 1754 949 Firmanue,
1790 921 1865 955 pro-

1114 956 1230 990 vinciae
1248 955 1405 990 Marclriae
1421 955 1649 997 Anconitanae
1666 958 1862 1005 propositum

1112 1004 1205 1039 fuerit
1232 1017 1337 1040 coram
1365 1005 1468 1046 nobis,
1490 1006 1574 1053 quod
1609 1006 1668 1052 ipsr
1704 1019 1766 1042 non
1812 1020 1863 1042 so·

1113 1054 1175 1088 lum
1196 1053 1235 1088 ad
1258 1054 1424 1089 utilitatem
1448 1063 1477 1089 et
1498 1056 1736 1102 prosperitatem
1758 1056 1864 1092 liuius-

1113 1103 1195 1137 morli
1219 1103 1411 1150 reipublicae
1433 1116 1468 1138 ac
1492 1105 1666 1140 incolarum
1689 1113 1862 1141 castrorum

1112 1160 1142 1187 et
1171 1160 1322 1187 ter-rarum
1346 1152 1390 1187 eis
1417 1152 1645 1198 subiectarum,
1677 1154 1733 1189 sed
1770 1155 1863 1190 etiam

1112 1201 1244 1236 aliarum
1279 1201 1414 1249 partium
1454 1202 1624 1238 vicinarum
1666 1203 1864 1239 laudabiliter

1113 1251 1348 1306 intendentes,
1342 1264 1372 1285 ru
1388 1251 1512 1286 cititate
1525 1251 1686 1292 Firmana,
1706 1261 1862 1300 tamquam

1114 1300 1143 1334 in
1174 1300 1337 1347 insigniori
1366 1299 1435 1335 loco
1458 1308 1488 1335 et
1515 1301 1613 1347 magis
1634 1302 1672 1336 ad
1696 1301 1755 1337 lroc
1777 1315 1863 1337 com-

1114 1349 1209 1384 modo
1231 1357 1261 1384 et
1288 1350 1412 1393 idoneo,
1440 1350 1556 1397 cuique
1578 1351 1657 1386 aeris
1681 1350 1761 1397 viget
1783 1359 1863 1386 tem-

1114 1399 1229 1446 peries,
1244 1398 1426 1435 victualium
1446 1399 1583 1440 ubertas,
1606 1407 1864 1448 caeterarumque

1113 1460 1218 1483 rerum
1241 1448 1279 1483 ad
1303 1449 1477 1483 humanum
1509 1461 1600 1483 usum
1639 1450 1862 1496 pertinentium

1112 1498 1201 1544 copia
1250 1499 1426 1545 reperitur,
1469 1498 1650 1533 desiderent
1692 1499 1863 1546 plurimum

1113 1547 1177 1581 lieri
1201 1555 1230 1582 et
1257 1548 1393 1582 ordinari
1419 1560 1474 1594 per
1501 1547 1617 1582 Sedern
1644 1547 1862 1595 Apostolicam

1112 1596 1260 1631 Studium
1284 1597 1442 1643 generale,
1471 1597 1500 1631 in
1536 1597 1675 1644 qnalibet
1706 1597 1789 1632 licita
1816 1598 1862 1633 sa-

1111 1646 1240 1688 cultate‚
1265 1654 1298 1681 ut
1325 1646 1441 1681 ibidem
1471 1646 1548 1681 tides
1589 1647 1655 1693 ipsa
1696 1647 1862 1691 dilatetur,

1111 1696 1296 1731 erudiantur
1318 1696 1489 1743 simplices,
1525 1696 1669 1743 aequitas
1710 1705 1862 1737 servetur,

1113 1745 1219 1780 iudicii
1242 1746 1343 1792 vigeat
1370 1746 1460 1790 ratio,
1482 1745 1701 1781 illuminentur
1727 1754 1862 1790 mentes,

1112 1804 1141 1831 et
1169 1795 1347 1830 intellectus
1369 1795 1536 1830 hominum
1565 1795 1772 1831 illustrentur.

1160 1850 1175 1888 ς’
1197 1847 1229 1879 2.
1259 1845 1323 1880 Nos
1346 1845 1529 1893 praemissa⁷
1553 1854 1582 1881 et
1597 1846 1690 1881 etiam
1715 1846 1860 1881 eximiam

1113 1895 1183 1929 {idei
1211 1903 1241 1930 et
1278 1895 1454 1931 devotionis
1490 1896 1727 1937 constantiam,
1767 1909 1860 1943 quarn

1112 1945 1168 1991 ipsi
1199 1945 1354 1986 lromines,
1377 1955 1406 1981 et
1428 1946 1639 1980 communitas
1660 1945 1698 1981 ad
1738 1959 1795 1980 nos
1833 1954 1862 1981 et

1110 2003 1250 2029 sanctam
1276 1995 1449 2030 Romanam
1478 1995 1667 2033 Ecclesiam,
1702 1994 1862 2042 fidemque

1111 2045 1295 2080 catholicam
1319 2057 1427 2092 gerere
1453 2045 1708 2091 dignoscuntur,
1744 2052 1861 2079 attente

1111 2094 1357 2138 considerantes,
1388 2095 1516 2130 ferventi
1541 2094 1699 2129 desiderio
1734 2094 1861 2129 induci-

1112 2157 1192 2184 mur,
1215 2144 1301 2191 quod
1324 2144 1430 2179 civitas
1460 2145 1526 2191 ipsa
1548 2144 1750 2178 scientiarum
1774 2156 1862 2178 orue-

1111 2202 1160 2228 tnr
1179 2194 1375 2235 muneribus,
1399 2194 1439 2229 ita
1460 2201 1491 2228 ut
1515 2194 1596 2228 viros
1619 2192 1769 2240 producat
1784 2205 1860 2227 cou—

1110 2244 1170 2278 silii
1195 2244 1373 2279 maturitate
1400 2243 1601 2289 conspicuos,
1631 2242 1778 2276 virtutum
1810 2254 1859 2276 re-

1110 2294 1239 2328 dimitos
1262 2293 1435 2333 ornatibus,
1463 2305 1498 2327 ac
1526 2292 1722 2326 diversarum
1754 2290 1858 2326 facul—

1110 2352 1207 2377 tatum
1231 2342 1435 2388 dignitatibus
1462 2342 1612 2396 eruditos,
1648 2341 1688 2375 de
1723 2353 1856 2387 quorum

1110 2392 1304 2439 plenitudine
1340 2391 1486 2426 hauriant
1522 2390 1658 2425 unitersi
1696 2389 1856 2425 literarum

1108 2442 1272 2490 cupientes
1313 2440 1410 2475 imbui
1440 2439 1649 2474 documentis
1686 2439 1726 2474 lis
1766 2439 1858 2485 igitur

1109 2492 1268 2532 omnibus
1291 2498 1321 2525 et
1345 2490 1526 2537 pr·acsertim
1556 2489 1726 2524 idoneitate
1759 2489 1858 2524 dictae

1107 2541 1253 2585 civitatis,
1275 2552 1376 2587 qnae.
1369 2539 1405 2574 ad
1422 2538 1658 2594 multiplicanda
1681 2550 1775 2574 sanae
1797 2538 1859 2573 do-

1108 2591 1226 2625 ctrinae
1249 2590 1367 2625 semina
1395 2597 1425 2624 et
1446 2589 1585 2635 germina
1613 2587 1760 2623 salutaria
1784 2600 1857 2635 pro-

1107 2639 1286 2674 ducendum
1313 2639 1411 2684 magis
1433 2650 1570 2684 congrua
1594 2646 1625 2673 et
1653 2638 1856 2672 accommoda

1883 263 1932 289 An.
1951 262 1978 289 C.
1999 263 2066 288 ¹303
