2274 3265
107 261 159 284 Au.
177 257 205 283 C.
222 257 289 284 1276

118 579 252 601 Commendat
267 586 289 601 so

106 611 195 631 fidelium
218 613 290 638 preci-

935 253 1088 276 Nicomus
1110 253 1145 275 ΙΙΙ
1169 254 1218 275 1³1¹.

305 310 403 346 solius
426 311 634 346 sufficientiae
658 310 819 358 plenitudo
848 317 972 345 nostros
996 308 1056 343 sus-

305 364 370 399 ficii
391 366 542 412 supplere
574 365 733 405 defectus,
757 363 877 398 debiles
906 363 1055 398 humeros

306 426 390 453 tanto
416 419 611 454 subiecimus
639 418 743 457 oneri,
779 428 837 451 nec
870 417 1055 464 expavimus

305 485 417 508 manus
444 485 601 521 exponere
623 470 826 506 immensitati
849 469 976 504 laboris.

352 526 533 567 Caeterum,
572 526 644 573 quia
684 537 779 572 supra
819 525 898 558 vires
933 532 1055 558 nostras

304 592 374 615 csse
415 580 629 627 conspicimus
671 587 853 626 susceptum
891 577 1054 617 officium,

305 634 447 681 illudque
468 633 525 669 soli
550 642 673 681 portare
701 632 894 679 nequimus,
931 631 1054 665 oratio-

304 701 378 722 num
401 698 571 723 vestrarum
595 687 741 734 suffragia
765 686 927 721 humiliter
945 687 1058 735 implo-

305 741 411 781 randa,
435 749 464 776 et
488 754 541 776 vos
563 742 592 775 in
616 749 735 788 partem
760 741 970 776 solicitudinis
986 755 1056 777 evo-

302 804 387 830 catos
410 795 634 830 collaborando
665 794 845 839 nobiscum,
872 795 1055 841 diligentius

301 849 501 896 exequamini
526 849 694 883 commissa
720 849 806 883 vobis
847 848 958 890 officia,
998 850 1055 884 de-

301 904 460 938 crevimus
482 902 703 937 exhortandos.
739 902 874 949 Ideoque
898 904 1055 939 universi-

301 965 394 991 tatem
423 964 556 991 vestram
580 968 748 991 monemus
776 964 805 990 et
836 956 1001 991 hortamur
1024 957 1053 991 in

299 1009 450 1051 Domino,
481 1023 536 1045 vos
576 1010 783 1045 nibilominus
823 1019 967 1056 rogantes
1003 1011 1055 1044 in-

300 1073 430 1106 stanter,
457 1072 614 1111 quatenus
652 1077 759 1111 preces
788 1064 935 1105 humiles,
963 1065 1055 1099 dero-

301 1131 347 1157 tas
387 1132 417 1157 et
456 1123 584 1158 sedulas
623 1123 805 1169 frequenter
841 1123 976 1157 fundatis
1014 1121 1052 1156 ad

301 1180 484 1222 Dominum,
508 1189 541 1215 ut
568 1192 622 1215 sua
648 1181 759 1227 pietate
785 1188 922 1214 nostram
948 1179 1052 1214 insuf-

301 1239 470 1274 ficientiam
511 1239 668 1286 suppleat,
701 1238 893 1273 debilitatem
924 1238 1052 1278 sulciat3

301 1296 465 1344 nobisque,
492 1297 574 1343 quod
615 1305 661 1331 est
706 1309 890 1341 onerosum,
926 1296 1052 1341 leviget,

299 1355 384 1401 quod
413 1355 583 1390 obscurum
611 1368 687 1390 suae
715 1355 866 1390 claritatis
901 1355 972 1389 luce
1004 1367 1053 1389 re-

300 1413 391 1455 velet,
413 1421 443 1448 et
464 1425 574 1460 aspera
602 1420 761 1447 convertat
790 1413 819 1446 in
846 1412 949 1459 plana:
989 1413 1053 1446 sic-

299 1484 360 1519 que
385 1480 453 1507 vota
477 1480 584 1506 nostra
608 1470 841 1518 praeveniendo
880 1470 1054 1504 clementer

299 1530 427 1577 aspiret,
449 1538 478 1564 et
505 1529 753 1564 misericorditer
780 1528 960 1563 adiuvando
995 1528 1054 1562 be—

300 1589 416 1635 nignus
443 1596 661 1636 prosequatur,
704 1587 789 1634 quod
826 1586 911 1620 zelus
947 1594 1054 1620 noster

300 1659 424 1694 semper
452 1648 482 1681 in
525 1647 625 1694 ipsius
661 1645 869 1693 beneplacitis
910 1645 1052 1685 ferveat,

300 1717 517 1752 necunquam
545 1706 577 1740 in
605 1705 729 1739 illorum
766 1705 953 1739 executione
989 1712 1054 1738 tor-

300 1772 417 1811 pescat;
441 1776 494 1798 vos
528 1776 666 1811 quoque,
706 1776 787 1810 quos
823 1763 861 1797 de
904 1762 1053 1809 gregibus

300 1823 481 1870 diligentiae
520 1830 640 1857 vestrae
678 1822 856 1856 commissis
890 1822 1055 1869 pastoralis

300 1880 390 1916 officii
413 1892 486 1915 cura
509 1880 657 1924 solicitat,
691 1880 735 1913 sic
769 1880 937 1925 diligenter
976 1878 1052 1912 illud

300 1938 452 1974 studeatis
479 1938 622 1985 implere,
666 1937 750 1985 quod
787 1950 859 1972 cuin
897 1937 1054 1971 discussio

300 1998 479 2042 veneri17et
502 1998 600 2032 exacti
625 1997 747 2031 fueritis
790 2009 845 2043 pro
884 1996 945 2029 illis
982 1996 1056 2030 red-

299 2054 374 2089 dere
396 2056 562 2099 rationem,
586 2067 648 2089 non
677 2055 779 2089 solum
802 2054 884 2088 illam
915 2066 986 2088 cum
1010 2065 1057 2088 se-

301 2115 433 2149 curitate
451 2114 600 2157 reddatis,
623 2114 678 2148 sed
702 2122 731 2147 et
755 2114 910 2159 exigentis
934 2125 1055 2147 merea-

302 2173 377 2206 mini
400 2173 543 2218 gratiam
565 2180 595 2206 et
628 2171 751 2205 interim
788 2172 817 2204 in
853 2171 965 2205 vestris
994 2171 1056 2205 Ec-

303 2231 534 2278 clesiarumque
561 2238 736 2264 vestrarum
775 2230 921 2276 negotiis,
958 2242 1056 2277 super

303 2289 419 2336 quibus
442 2289 572 2336 potestis
611 2289 648 2323 ad
688 2301 745 2323 nos
774 2302 845 2324 cum
888 2289 1055 2324 securitate

305 2359 478 2388 recurrere,
515 2347 713 2394 Apostolicae
749 2347 843 2382 Sedis
883 2347 1054 2395 propitium

304 2407 422 2441 sentire
444 2405 592 2440 favorem.

353 2465 469 2500 Datum
498 2464 640 2505 viterbii,
664 2464 756 2499 nonis
779 2465 929 2507 octobris,
976 2477 1057 2512 pon-

306 2525 441 2559 tificatus
462 2524 561 2558 nostri
590 2535 673 2558 anno
696 2524 807 2569 primo.

334 2586 436 2616 Datum
456 2586 502 2616 die
527 2587 540 2615 7
561 2585 689 2615 octobris
707 2595 782 2614 anno
805 2585 918 2615 Domini
939 2585 1024 2617 1276,

564 2634 663 2673 pontif.
683 2643 759 2664 anno
781 2643 799 2664 1.

1754 242 1798 274 59

1331 309 1356 356 N
1363 309 1539 358 lCOLAUS
1573 310 1616 358 ΙΙΙ

1298 394 1402 424 ΡΑΡΑ
1439 395 1648 425 CLxxxvlti

1208 459 1299 491 Anno
1326 458 1458 491 Domini
1484 458 1741 492 MCCLXXVH.

1100 545 1268 621 Nicotaus
1290 586 1331 620 Ill
1368 587 1495 621 natione
1531 587 1720 625 Romanus,
1758 596 1848 622 antea

1098 634 1233 669 Ioannes
1255 635 1426 670 Caietanus
1450 636 1488 669 de
1524 636 1658 676 Ursinis,
1681 636 1849 671 cardinalis

1098 685 1252 719 diaconus
1272 684 1306 719 S.
1330 684 1446 719 Nicolai
1476 686 1504 718 in
1528 684 1661 720 Carcere
1691 685 1848 725 Tulliano,

1098 733 1218 768 electus
1253 742 1300 768 est
1340 734 1470 768 Viterbii
1509 734 1663 768 Summus
1704 734 1848 770 Pontifex

1098 783 1147 817 die
1167 785 1213 817 25
1237 784 1417 818 novembris
1444 785 1548 825 1277,
1572 783 1755 830 Romaeque
1777 796 1847 819 eon-

1097 842 1239 868 serratus
1261 832 1313 867 die
1336 834 1381 866 26
1404 832 1583 867 decembris
1605 833 1676 867 anni
1694 833 1846 868 eiusdem.

1098 881 1185 916 Sedit
1208 883 1237 916 in
1257 882 1438 928 pontificatu
1462 894 1476 915 a
1499 881 1549 916 die
1571 882 1733 916 electionis
1748 894 1847 916 annos

1099 945 1135 971 ιι,
1159 944 1243 966 men.
1268 944 1310 970 ix,
1336 943 1398 965 uno
1426 930 1477 965 die
1501 931 1616 965 minus:
1645 943 1847 965 aconsecra-

1098 981 1181 1015 tione
1208 993 1308 1015 annos
1330 992 1367 1024 117
1391 991 1476 1014 men.
1502 992 1572 1022 vur,
1614 980 1740 1015 duobus
1779 979 1846 1014 die-

1098 1030 1156 1064 bus
1198 1030 1354 1075 exceptis,
1384 1029 1612 1075 imperantibus
1652 1030 1681 1063 in
1717 1031 1846 1064 Oriente

1096 1079 1251 1113 Micliaele
1286 1078 1484 1125 Palaeol0g0,
1519 1078 1547 1112 in
1575 1077 1747 1113 Occidente
1781 1077 1848 1112 Ro-

1097 1129 1217 1175 dulpbo
1269 1139 1341 1173 rege
1378 1127 1604 1162 Romanorum.
1643 1126 1729 1161 Obiit
1763 1127 1846 1172 apud

1096 1177 1265 1212 Surianum
1290 1180 1337 1220 (1)
1355 1176 1404 1210 die
1429 1178 1475 1210 ⁶22
1490 1176 1626 1222 augusti,
1640 1188 1722 1210 anno
1741 1177 1846 1210 1280.

1096 1226 1222 1272 Corpus
1245 1225 1377 1259 Romam
1403 1225 1586 1259 translatum
1612 1224 1783 1260 tumulatur
1817 1225 1846 1258 iu

1097 1275 1222 1310 basilica
1246 1274 1282 1308 B.
1314 1274 1394 1308 Petri
1419 1275 1448 1307 in
1487 1274 1605 1320 capella
1642 1272 1678 1307 B.
1716 1273 1846 1308 Nicolai.

1097 1324 1222 1359 Vacavit
1248 1323 1339 1357 sedes
1362 1335 1444 1357 rnen.
1470 1334 1514 1356 vr.

1454 1472 1476 1506 l.

1097 1548 1279 1593 Encycli'cae
1307 1548 1434 1581 Nicolai
1458 1548 1563 1581 literae
1584 1548 1687 1581 desua
1712 1548 1745 1580 in
1759 1547 1850 1582 Sum-

1145 1610 1228 1631 mum
1258 1598 1435 1642 Pontificem
1466 1598 1606 1630 eleccione
1645 1598 1687 1630 ad
1728 1596 1850 1631 Galliae

1143 1648 1299 1692 praelatos
1324 1647 1379 1690 (2).

1366 1716 1580 1746 SUMMARIUM

1099 1779 1242 1818 Specialis
1266 1779 1315 1809 Dei
1339 1779 1374 1808 de
1396 1779 1526 1808 Ecclesia
1559 1787 1627 1807 cura
1652 1782 1678 1807 et
1707 1779 1849 1808 custodia:

1135 1841 1174 1845 —
1197 1825 1235 1852 Ac
1254 1823 1425 1862 praesertim
1449 1823 1518 1851 sede
1537 1827 1672 1852 vacante:
1693 1839 1732 1845 —-
1749 1822 1784 1853 Ut
1802 1823 1850 1852 de-

1139 1868 1236 1897 functo
1261 1867 1368 1897 Ioanne
1392 1866 1458 1902 xxi,
1480 1867 1646 1896 cardinales
1672 1867 1707 1896 de
1730 1876 1851 1897 succes-

1139 1922 1203 1941 sore
1216 1912 1352 1950 eligendo
1369 1912 1531 1941 tractarint.
1544 1928 1583 1933 —
1598 1910 1678 1941 Diem
1696 1911 1850 1941 electionis

1138 1966 1209 1986 suae
1229 1956 1383 1994 significat.
1403 1972 1441 1976 —
1460 1954 1494 1984 Ut
1511 1955 1630 1984 iuvitius
1649 1955 1849 1994 pontificatum

1138 2001 1301 2038 acceperit:
1333 2017 1371 2021 —
1395 1999 1481 2038 Spem
1509 1999 1539 2028 in
1561 1998 1651 2028 Deum
1683 1998 1850 2028 coniecerit.

1137 2061 1176 2066 -
1199 2043 1372 2073 Praesulum
1391 2053 1442 2082 pro
1467 2052 1497 2072 se
1516 2043 1552 2072 ad
1574 2042 1665 2072 Deum
1685 2051 1787 2081 preces
1805 2051 1851 2072 ex-

1140 2089 1241 2127 poscit.
1258 2104 1295 2109 -
1312 2087 1350 2116 De
1369 2087 1559 2126 portitoribus
1578 2087 1729 2116 literarum
1749 2086 1851 2116 liuius-

1138 2133 1229 2162 modi.

1098 2194 1221 2223 Nicotaus
1240 2195 1381 2230 opiscopus
1401 2200 1496 2222 servus
1520 2199 1659 2222 servorum
1686 2192 1743 2225 Dei,
1775 2198 1850 2221 vene-

1143 2240 1277 2268 rabilibus
1317 2239 1463 2271 fratribus,
1493 2237 1693 2273 archiepiscopo
1725 2237 1850 2265 senonen.

1144 2286 1174 2313 et
1201 2284 1333 2320 episcopis
1360 2291 1390 2312 ao
1421 2283 1532 2311 dilectis
1555 2282 1621 2310 filiis
1648 2281 1794 2310 abbatibus
1820 2287 1851 2309 ac

1144 2329 1206 2358 aliis
1225 2329 1405 2357 Ecclesiarum
1422 2327 1558 2363 praetatis
1576 2334 1624 2362 per
1634 2327 1761 2355 senonen.
1789 2332 1850 2361 pro·

1130 2371 1259 2403 'vinciam
1287 2372 1457 2405 constitutis.
1481 2372 1600 2401 salutem
1619 2372 1648 2400 et
1672 2370 1851 2406 apostoticam

1143 2419 1364 2448 benedictionem.

1148 2484 1326 2518 Immensae
1352 2482 1440 2516 Deus
1464 2481 1640 2528 potentiae,
1667 2480 1719 2527 qui
1762 2491 1853 2514 mun-

1099 2532 1174 2568 dum
1199 2545 1253 2579 per
1280 2544 1313 2566 se
1342 2531 1493 2574 condidit,
1516 2543 1571 2577 per
1598 2542 1631 2565 se
1670 2530 1761 2576 regit;
1792 2540 1851 2564 nec

1134 2595 1172 2629 (Ι)
1188 2595 1347 2625 Surianum,
1368 2600 1415 2618 arx
1432 2592 1493 2618 olim
1511 2591 1622 2623 munita,
1650 2598 1734 2625 prope
1760 2589 1849 2616 Viter-

1099 2635 1179 2662 bium.
1220 2634 1259 2667 (2)
1278 2634 1317 2659 Ex
1342 2634 1446 2668 Regest.
1467 2632 1551 2659 Vatic.

1867 254 1914 279 Αιι.
1935 253 2043 283 c.1277
