2274 3265
213 293 261 319 An.
280 293 307 317 ti.
326 291 390 317 ¹272

224 503 271 527 Sed,
292 503 344 529 quod
355 507 392 528 pe-

213 536 243 554 ius
258 536 298 557 est,
314 534 344 552 eis
362 538 393 552 ar-

213 572 250 589 ma,
267 568 391 590 caeteraque

213 602 224 615 a
272 595 392 615 christianis

212 629 310 653 quaestus
332 631 393 645 causa

213 657 331 677 ministrari,

238 1927 300 1953 Quam
337 1927 406 1947 durius

225 1958 249 1978 ab
260 1958 298 1977 hoe
308 1957 406 1977 Saraceni

225 1990 326 2013 uniam,
341 1991 407 2014 expo-

226 2022 262 2040 nit.

458 280 499 312 12

405 346 509 380 dinem
534 344 629 377 virtus
652 352 821 389 paucorum
851 339 988 374 fidelium
1012 347 1085 372 tunc
1108 337 1147 371 ti-

407 394 557 429 mentium
578 392 748 427 Dominum
771 391 949 434 superabat.

455 445 474 491 §
500 447 532 477 2.
561 442 638 476 lllud
672 449 775 474 autem
813 438 960 473 horribile
994 436 1097 471 scelus
1119 442 1148 468 et

407 491 579 528 execrabile
605 491 722 525 crimen
755 488 887 523 occurrit
910 487 1019 522 merito
1041 497 1148 531 repro-

408 542 557 580 bandum,
570 540 652 587 quod
666 538 806 573 nonnulli
820 536 1046 571 maledictionis
1054 535 1149 568 alum-

409 592 451 632 ni,
482 591 548 625 solo
576 590 701 625 nomine
729 587 901 627 christiani,
922 595 1042 620 terrena
1061 584 1150 617 dum-

409 649 499 679 taxat,
527 652 586 674 non
611 638 755 674 coelestia
778 638 935 683 sapientes
957 642 986 669 et
1013 633 1150 667 inniten—

408 700 453 724 tes
489 688 673 737 perniciosis
707 687 865 721 lucrorum
893 684 1017 722 studiis,
1054 691 1085 716 ut
1120 682 1149 715 in

410 740 613 786 voluptuosae
642 738 719 771 vitae
754 735 892 769 faecibus
919 734 1011 768 latius
1037 732 1151 765 debac-

409 790 552 827 clientur,
589 785 786 824 victualibus,
815 783 924 826 armis,
951 782 1029 817 vasis
1058 793 1152 815 nava-

410 839 489 872 libus
515 846 543 871 et
570 837 640 871 aliis
668 834 861 875 necessariis,
888 845 979 867 causa
1015 830 1150 865 (lumitati

410 894 568 933 quaestus,
604 884 719 919 Christi
746 884 893 917 muniunt
927 880 1081 922 inimicos,
1120 886 1151 912 ut

410 937 447 971 ad
472 935 736 982 impugnationem
761 932 829 966 fidei
849 939 876 965 et
896 930 1152 970 christianorum,

411 998 445 1019 ac
471 985 583 1019 Terrae
605 984 736 1017 Sanctae
771 980 1004 1026 depressionem
1041 976 1152 1010 robore

413 1034 529 1068 fortiori
557 1034 602 1067 sic
630 1031 739 1064 muniti
762 1036 964 1074 consurgant,
991 1038 1026 1060 ac
1054 1037 1152 1072 pona-

413 1092 463 1117 tur
477 1081 698 1116 inextricabilis
717 1078 834 1113 macula
855 1080 883 1111 in
898 1076 993 1122 gloria
1017 1074 1152 1109 nominis

412 1131 581 1166 christiani.
610 1129 646 1163 Hi
670 1136 743 1163 sunt
766 1128 877 1173 ingrati
901 1125 966 1163 lilii,
993 1125 1046 1171 qui
1077 1136 1153 1170 poe-

413 1194 480 1215 nam
505 1191 646 1214 meruere
669 1178 795 1212 doloris.
822 1176 859 1210 Hi
882 1183 967 1218 sunt,
995 1174 1046 1221 qui
1070 1172 1151 1220 apud

414 1232 513 1276 ipsum
543 1229 786 1274 Redeniptorem
816 1225 879 1260 sore
907 1232 1066 1258 merentur
1088 1222 1154 1256 odi-

414 1280 501 1317 biles,
528 1287 559 1312 ut
581 1277 619 1312 ab
641 1278 685 1311 eis
708 1276 815 1310 faciem
841 1273 1048 1309 miserationis
1070 1284 1155 1307 aver-

414 1337 464 1363 tat.
493 1327 531 1362 Hi
557 1326 693 1374 profecto
721 1337 780 1360 non
804 1324 905 1358 solum
931 1332 1075 1370 percepta
1099 1321 1154 1356 be-

415 1378 523 1412 neficia
541 1389 600 1411 non
617 1375 797 1417 attendunt,
815 1385 920 1408 verum
938 1373 1029 1406 etiarn
1047 1379 1152 1405 contra

416 1426 659 1473 Redemptorem
681 1424 825 1459 eumdem
852 1421 1051 1468 probabiliter
1073 1433 1154 1455 con-

414 1476 531 1522 spirare
558 1474 717 1514 videntur,
740 1473 814 1507 dum
844 1472 953 1506 l'oedus
969 1483 1039 1505 cum
1057 1470 1156 1517 ipsius

418 1524 557 1559 hostibus
580 1524 687 1558 ineunt
706 1531 735 1557 et
757 1523 785 1556 in
809 1522 875 1555 eius
891 1528 1104 1566 contemptum
1125 1519 1157 1553 il-

418 1575 456 1609 lis
479 1574 548 1608 talia
580 1573 730 1619 praesidia
757 1571 1004 1606 subministrant.
1028 1569 1155 1603 Utinam

418 1631 447 1658 et
473 1624 496 1657 si
521 1635 581 1657 non
604 1623 745 1656 timorem
776 1621 820 1654 vel
851 1632 986 1654 amorem
1016 1619 1154 1652 divinum

418 1672 624 1714 attenderent,
650 1680 701 1706 aut
723 1670 746 1704 si
769 1670 806 1703 de
830 1669 953 1703 vitando
977 1668 1076 1702 dictae
1096 1676 1158 1702 ter-

421 1734 470 1755 rae
492 1720 659 1767 dispendio
683 1732 741 1753 non
767 1726 946 1766 pensarent·,
975 1717 1082 1751 saltem
1104 1718 1157 1763 ip—

420 1782 471 1805 sos
497 1782 605 1815 graves
632 1769 763 1803 iniuriae
791 1775 984 1805 coercerent,
1012 1778 1091 1812 quae
1111 1767 1159 1800 ‹li-

421 1820 479 1853 ctis
505 1827 535 1852 et
561 1819 646 1852 factis
683 1819 711 1852 in
747 1816 915 1851 barbaricis
951 1816 1089 1862 partibus
1116 1816 1159 1850 eis

422 1876 451 1902 et
479 1868 508 1901 in
532 1868 607 1914 ipsis
630 1867 814 1901 christianae
843 1865 984 1911 religioni
1008 1865 1160 1911 multipli-

423 1918 498 1951 citer
521 1916 705 1950 inferuntur.
728 1915 811 1949 Inter
829 1915 903 1949 alias
926 1926 1060 1961 natuque
1079 1926 1160 1948 con—

423 1966 578 2003 fusiones,
613 1978 689 2012 tinas
718 1965 746 1998 in
771 1964 910 2011 partibus
933 1964 992 1997 illis
1020 1964 1162 2009 pseudo-

423 2015 580 2049 christiani
606 2015 770 2061 rccipiunt,
798 2014 869 2048 illuc
893 2013 1092 2047 mercimonia
1112 2013 1162 2047 de-

424 2072 571 2113 screntes,
606 2071 629 2103 si
670 2070 708 2103 de
745 2069 900 2116 aliquibus
934 2068 1164 2114 gravaminibus

422 2132 670 2172 conquerantur,
699 2124 755 2157 liae
782 2136 836 2157 eos
861 2122 1007 2169 probrosa
1032 2135 1164 2169 respon-

422 2181 510 2213 sione
528 2178 672 2212 Saraceni
689 2177 902 2212 confundunt:
927 2176 959 2210 Si
981 2189 1164 2211 erueremus

425 2233 510 2268 vobis
537 2232 669 2267 alterum
689 2232 864 2274 oculorum,
886 2230 923 2265 ad
947 2243 1003 2264 nos
1026 2243 1097 2265 cum
1123 2244 1165 2265 rc-

425 2288 509 2334 liquo
539 2286 696 2323 rediretis:
735 2295 823 2332 prout
851 2285 942 2319 iidem
980 2293 1166 2320 mercatores

426 2341 515 2375 nobis
541 2354 577 2375 eo
601 2350 740 2386 tempore
769 2340 796 2373 in
815 2340 942 2385 regione
960 2338 1073 2373 Terrae
1089 2339 1167 2373 San-

425 2404 490 2430 ctae
529 2395 722 2430 morantibus
762 2394 940 2440 expressius
982 2394 1164 2427 retulerunt.

426 2450 570 2497 Cumque
593 2451 770 2497 frequenter
802 2449 924 2483 eveniat
958 2461 1012 2495 per
1043 2448 1167 2482 hostili-

427 2505 498 2538 tatis
524 2505 683 2544 incnrsus,
711 2504 794 2551 ‹piod
822 2516 856 2538 ex
881 2503 1059 2538 christianis
1089 2503 1169 2537 viros

427 2566 457 2592 et.
479 2558 640 2596 mulieres,
668 2570 702 2592 ac
730 2559 878 2593 lactentes
902 2558 993 2592 etiam
1024 2557 1168 2604 parrulos

429 2612 572 2647 Saraceni
602 2612 727 2659 praefati
762 2613 901 2660 capiunt,
924 2620 954 2647 et
982 2619 1089 2659 captos
1111 2610 1169 2646 sub

430 2678 585 2700 carcerum
614 2667 782 2700 arctationc
810 2665 995 2705 detrudunt,
1020 2677 1171 2700 nonnun—

967 282 1150 305 BULLARIUM
1178 280 1267 303 ROMA
1273 280 1339 302 mm

1188 348 1282 383 quam
1313 333 1482 369 infantibus
1505 345 1520 367 a
1545 338 1679 366 matrum
1710 329 1872 369 uberibus,
1903 338 1933 363 ιιι

1191 385 1320 419 materni
1348 384 1436 418 lactis
1462 389 1586 417 careant
1614 380 1745 427 pabulo,
1770 380 1933 425 separatis.

1238 435 1311 481 5¹5.
1347 433 1487 478 Contigit
1512 431 1585 465 olim
1618 429 1655 464 ad
1692 428 1853 464 cuiusdam
1887 428 1934 462 in-

1190 484 1332 518 stantiam
1360 482 1464 516 militis
1499 479 1677 518 christiani,
1713 478 1843 524 gratiam
1874 478 1935 512 ha—

1192 533 1293 568 bentis
1316 533 1345 566 in
1374 531 1472 566 oculis
1495 529 1641 568 Soldani,
1676 526 1830 574 praesidio
1858 527 1937 561 Bar-

1192 583 1336 617 barorum
1362 589 1548 628 procurante
1570 577 1775 613 nihilominus
1800 577 1935 623 quodam

1192 645 1227 666 ex
1258 631 1403 666 fratribus
1437 630 1556 664 ordinis
1590 628 1723 662 Sanctae
1759 626 1938 665 Trinitatis,

1192 681 1243 728 qni
1278 681 1314 715 ad
1351 679 1489 726 captivos
1526 676 1706 713 huiusmodi
1736 675 1939 711 redimendos

1192 738 1264 764 sunt
1290 730 1466 777 specialiter
1488 727 1640 774 deputati,
1663 726 1746 773 quod
1771 725 1853 760 idem
1873 725 1938 759 Sol-

1193 780 1293 813 ‹lanus
1321 779 1468 812 mulieres
1490 790 1562 812 cum
1587 776 1724 824 parvulis
1755 775 1833 813 suis,
1861 788 1940 822 quos

1193 829 1326 863 carceris
1360 828 1504 873 angustia
1538 825 1713 863 cruciabat,
1748 824 1816 859 aliis
1841 832 1940 859 aetate

1195 878 1347 923 provectis
1366 889 1381 910 a
1398 877 1494 922 gratia
1510 875 1702 910 liberationis
1723 873 1869 914 exclusis,
1886 886 1941 920 per

1193 939 1265 959 suas
1293 927 1395 960 literas
1423 924 1545 959 liberari
1574 923 1750 963 mandavit;
1778 923 1831 957 sed
1867 935 1939 958 cum

1193 975 1371 1009 detentores
1398 987 1520 1016 eorum,
1556 972 1672 1007 habitis
1701 972 1881 1007 huiusmodi
1903 973 1936 1006 li-

1195 1025 1282 1067 teris,
1310 1023 1437 1059 eosdem
1467 1023 1598 1056 liberare
1621 1021 1766 1068 parvulos
1802 1022 1940 1068 denega-

1196 1082 1274 1118 rent,
1298 1080 1489 1108 memoratus
1511 1071 1681 1114 Soldanus,
1704 1070 1741 1104 ad
1769 1083 1862 1117 quem
1886 1072 1943 1105 lia-

1195 1124 1277 1158 bitus
1300 1131 1346 1158 est
1369 1134 1524 1161 recursus,
1549 1119 1783 1167 requirentibus
1801 1132 1873 1154 eum
1894 1133 1944 1154 su-

1196 1186 1250 1220 per
1273 1173 1332 1206 hoc
1348 1184 1494 1218 expresse
1509 1169 1682 1217 respondit,
1705 1181 1738 1203 se
1761 1169 1941 1204 mandatum

1195 1234 1378 1261 revocasse,
1419 1220 1502 1267 quod
1541 1220 1656 1254 fecerat
1694 1218 1733 1252 de
1775 1218 1945 1265 praedictis

1197 1271 1353 1319 parvulis,
1390 1278 1422 1304 ut
1457 1269 1655 1317 praedicitur,
1690 1267 1877 1308 liberandis,
1906 1281 1944 1302 ne

1197 1333 1250 1368 per
1279 1321 1382 1368 ipsos,
1416 1332 1497 1367 quos
1533 1317 1664 1353 reddere
1689 1324 1809 1363 poterat
1832 1330 1945 1364 prove-

1195 1371 1274 1405 ctior
1308 1378 1393 1404 aetas
1426 1368 1617 1415 armigeros,
1654 1374 1759 1413 posset
1795 1379 1944 1413 processu

1197 1420 1346 1466 temporis
1382 1417 1574 1465 impugnari,
1606 1416 1688 1451 sicut
1734 1415 1815 1450 idem
1852 1416 1945 1450 frater

1198 1469 1288 1503 nobis
1315 1476 1389 1502 tunc
1418 1469 1448 1502 in
1479 1467 1619 1514 partibus
1641 1465 1743 1500 dictae
1767 1473 1865 1499 terrae
1887 1465 1944 1500 de-

1197 1518 1344 1565 gentibus
1376 1517 1482 1552 retulit
1515 1517 1581 1550 viva
1611 1527 1695 1550 voce.
1723 1515 1756 1549 Si
1791 1526 1865 1560 ergo
1889 1527 1945 1549 no-

1198 1568 1333 1602 minatus
1362 1567 1520 1602 Soldanus
1554 1564 1747 1600 crudelitatis
1778 1564 1946 1599 acerbitate

1198 1618 1359 1659 devictus,
1387 1615 1471 1663 quod
1500 1615 1538 1649 de
1568 1614 1715 1661 praefatis
1750 1614 1887 1660 parvulis
1909 1626 1947 1648 ex

1199 1667 1332 1715 quadam
1361 1666 1553 1700 humanitate
1592 1670 1810 1703 concesserat,
1849 1663 1948 1698 deue-

1199 1717 1281 1763 gavit
1304 1715 1428 1749 tandein
1456 1714 1591 1757 efficere,
1628 1724 1666 1746 ne
1688 1712 1726 1747 ad
1759 1712 1950 1759 impugnan-

1200 1766 1275 1800 dum
1315 1765 1417 1811 ipsum
1453 1770 1681 1809 consurgerent
1719 1761 1748 1795 in
1791 1761 1949 1804 futurum,

1201 1827 1293 1862 quam
1322 1814 1406 1859 gravi
1441 1811 1611 1860 opprobrio
1638 1810 1849 1846 christianitas
1885 1811 1951 1858 ipsa

1204 1864 1406 1910 respergitur,
1429 1874 1500 1896 cum
1530 1861 1609 1895 vinci
1638 1872 1696 1895 nos
1718 1872 1734 1894 a
1759 1860 1874 1907 pietate
1891 1873 1950 1895 non

1204 1914 1355 1960 patimur,
1395 1911 1503 1947 sedin
1530 1923 1587 1945 nos
1622 1911 1775 1957 metipsos
1809 1909 1953 1945 acerbius

1203 1963 1377 1997 saevientes
1404 1961 1465 1996 illis
1488 1960 1632 1995 hostibus
1659 1972 1745 1994 arma
1773 1968 1879 1994 nostra
1902 1961 1955 1995 de-

1206 2013 1345 2057 scrimus,
1368 2013 1483 2060 quibus
1498 2020 1604 2048 contra
1628 2011 1790 2046 Christum
1807 2018 1837 2045 et
1860 2010 1952 2046 sidem

1205 2066 1272 2100 eius
1300 2065 1410 2100 fortius
1433 2063 1640 2098 muniuntur?
1667 2061 1705 2096 Et
1727 2060 1855 2108 quidem
1881 2074 1955 2107 gra-

1207 2116 1298 2155 viter,
1324 2127 1381 2149 nec
1415 2114 1545 2153 mirum,
1580 2112 1685 2147 dolere
1721 2110 1954 2158 compellimur,

1206 2165 1280 2199 dum
1311 2177 1494 2211 pensamus,
1522 2162 1605 2210 quod
1627 2168 1751 2196 renatos
1767 2161 1851 2195 fonte
1870 2160 1955 2206 Bap-

1207 2215 1338 2249 tismatis
1374 2227 1428 2261 per
1462 2221 1522 2248 tam
1567 2211 1755 2246 miserabilis
1797 2210 1955 2245 caecitatis

1207 2265 1332 2299 devium
1356 2264 1539 2299 oberrantes
1566 2261 1621 2296 Dei
1647 2260 1781 2295 turbatio
1816 2272 1876 2294 uon
1905 2260 1957 2294 dc-

1207 2315 1321 2360 tcrrctl,
1358 2315 1521 2360 gehennae
1550 2321 1648 2347 terror
1681 2311 1720 2346 ab
1752 2322 1857 2345 errore
1894 2323 1954 2344 non

1210 2372 1342 2409 revocat,
1366 2363 1537 2411 ignominia
1558 2363 1657 2397 famae
1680 2374 1742 2397 non
1767 2360 1904 2405 retrahit,
1920 2373 1956 2394 ac

1209 2416 1349 2449 eiusdem
1364 2414 1475 2449 iniuria
1493 2413 1562 2448 lidei
1579 2424 1640 2447 non
1653 2412 1837 2460 compescit.
1853 2410 1956 2452 Unde,

1209 2465 1291 2511 quod
1315 2465 1391 2499 tales
1406 2462 1608 2498 inverecundi
1632 2469 1662 2497 et
1679 2461 1766 2509 impii
1782 2460 1955 2497 christiani,

1210 2527 1289 2561 quos
1315 2521 1457 2549 excaecat
1485 2513 1566 2548 foedi
1594 2512 1670 2547 lucri
1701 2510 1868 2557 cupiditas,
1902 2522 1956 2544 sna

1213 2577 1271 2599 non
1294 2573 1366 2598 sunt
1390 2564 1548 2611 impietate
1575 2562 1773 2608 consumpti,
1807 2559 1871 2595 sola
1899 2560 1958 2594 ιιιί-

1212 2614 1325 2649 seratio
1346 2614 1505 2658 caelestis,
1542 2621 1574 2648 ut
1609 2610 1818 2660 poenitentiae
1853 2609 1956 2645 locuni

1214 2663 1384 2710 indulgeat,
1407 2671 1563 2711 operatur.
1588 2662 1665 2697 Nam
1686 2661 1774 2695 aliter
1788 2659 1959 2695 subsisten-

1952 273 1999 298 An.
2021 272 2048 298 C.
2066 271 2132 298 1272

1964 434 2046 454 Factum
2067 434 2133 460 quod-

1951 466 1995 485 dam
2012 464 2076 485 refert
2085 464 2134 484 Sol-

1951 496 2005 516 dani.

1968 1522 2026 1548 Quod
2035 1532 2080 1548 cum
2093 1527 2148 1548 chri-

1961 1557 2076 1578 stianorum
2112 1558 2146 1579 la-

1962 1592 2001 1612 eti}
2017 1589 2107 1610 confert.
