2274 3265
212 291 259 315 An.
278 288 305 314 C,
329 289 393 314 iiiia

233 593 378 615 Ξιιθῐικιςηιιθιιε

212 625 307 645 designat
326 621 396 642 Evelo*

213 661 253 674 ςΙιΙς

236 1872 324 1896 ¹&iniqua
339 1874 406 1889 novae

225 1900 334 1926 metropoli
354 1905 407 1919 con-

224 1934 289 1952 firmat
319 1930 406 1956 privile-

223 1969 261 1986 pia.

246 2562 273 2582 [ie
294 2562 413 2582 ohedientia

232 2599 277 2612 eius
308 2592 415 2618 ‹irrhiopi-

233 2629 296 2649 stopo
313 2623 415 2643 oxhttwn-

233 2657 263 2674 da.

458 278 528 309 (560
986 285 1171 307 ιιυιιιηιιιιιιιιι

410 355 488 385 rere,
514 343 598 382 iura,
627 340 858 373 iurisdictiones
880 346 909 372 et
932 347 1052 372 caetera
1076 350 1161 372 exer-

408 404 492 431 cere,
512 390 729 424 administrare
753 401 787 422 ac
805 388 915 434 exequi
933 387 1064 429 valeant,
1081 400 1160 432 quae

410 438 640 486 metropolitani
665 439 694 471 iii
718 450 826 471 coi-uin
857 436 1048 474 civitatibus,
1073 437 1162 469 dioe-

411 489 535 524 cesibus
558 496 651 534 atque.
682 487 852 533 provinciis
874 486 912 519 de
939 486 1005 518 iure.
1031 486 1159 531 possint.

459 540 532 584 §5⁴
562 536 606 571 Ac
635 537 726 570 etiam
758 535 885 569 seientia
921 543 949 568 et
980 534 1162 568 auctoritate

413 587 557 635 praelatis
572 586 610 620 de
629 585 813 620 eoruiiiileiii
832 584 959 618 fratrum
985 591 1161 617 nostrorum

411 637 543 672 consilio
571 643 694 669 nostras
723 634 801 668 filias
829 633 1050 679 praedilectus,
1076 632 1162 666 Prae

413 686 546 720 mislien.
569 712 577 728 ,
620 684 844 718 (Itwtniensvni
866 710 873 725 ,
927 683 1137 716 (Iiimeueceu.
1156 707 1162 718 ,

413 735 659 769 Woldiiniirieu.
677 761 684 772 ,
713 733 859 766 Cereten.
878 759 884 769 ,
907 731 1069 777 Kyowien.
1102 730 1163 763 Ee-

412 785 523 819 clesias
547 793 573 818 et
598 796 704 817 earum
729 780 925 828 ipiaiiilihet,
963 780 1163 825 ipsarumque

412 835 579 880 episcopos
606 840 667 865 tam
698 838 899 877 praesentes,
926 841 1020 875 ipiaiii
1044 828 1095 874 «pii
1120 827 1164 861 eis

414 896 468 929 pro
492 892 634 928 tempore
659 893 791 927 praeesse
814 878 994 922 eontigerit,
1017 885 1046 911 et
1069 889 1165 923 quas-

413 944 550 975 cumque
566 931 640 964 alias
657 932 686 963 in
705 929 845 975 partibus
862 928 921 961 illis
936 926 1110 960 secundum
1130 926 1166 959 ri-

415 990 464 1015 tus
483 980 675 1014 Graecorum
698 979 837 1012 xiveiites
854 976 1023 1015 Ecclesias,
1038 987 1164 1008 earum-

413 1043 473 1077 que
505 1029 673 1075 episcopos
695 1040 766 1060 euni
802 1037 909 1059 earum
940 1033 969 1058 et
998 1023 1166 1057 cuiuslibet

414 1082 550 1124 ipsarum
566 1076 743 1111 civitatibus
761 1083 789 1109 et
812 1073 1022 1112 dioecesibus,
1047 1072 1167 1106 iuribus

414 1137 441 1162 et
472 1127 670 1174 pertinentiis
704 1124 856 1159 universis
888 1123 945 1170 ipsi
984 1122 1165 1168 Lcopolieu.

414 1177 585 1219 Ecclesiae,
610 1184 757 1221 tauquam
782 1174 919 1220 ipsarum
950 1171 1114 1218 metropoli
1139 1180 1165 1205 et

414 1226 652 1273 archiepiscopo
670 1224 855 1270 Leopolien.
876 1234 930 1268 pro
948 1230 1090 1267 tempore
1104 1221 1168 1254 exi-

415 1277 507 1309 stenti
534 1287 588 1321 pro
613 1287 723 1308 eoruiu
744 1271 963 1317 suffraganeis,
986 1278 1079 1317 atque
1101 1283 1168 1316 pro-

417 1326 528 1366 vincia,
557 1325 666 1357 harum
690 1323 770 1357 serie
786 1321 990 1356 deceruimus
1015 1327 1168 1366 perpetuo

417 1373 482 1408 sore
517 1381 546 1407 et
582 1385 650 1407 esse
690 1371 848 1405 subiectos
876 1377 968 1415 atque
997 1368 1166 1409 subiectas,

417 1432 447 1456 et
474 1422 660 1456 subiicimiis
696 1433 750 1467 per
786 1428 982 1466 praesentes:
1018 1418 1057 1451 ita
1085 1418 1168 1464 quod

418 1472 455 1505 de
479 1480 601 1505 caetero
629 1471 665 1503 ad
696 1470 744 1503 illa
774 1468 878 1502 omnia
907 1475 937 1502 et
964 1467 1088 1513 singula
1125 1475 1169 1500 te-

420 1529 553 1555 neantur
570 1528 598 1554 et
626 1519 743 1553 astricti
767 1519 828 1551 sint
855 1516 976 1551 eisdem
1002 1516 1168 1562 metropoli

419 1579 446 1603 et
474 1569 712 1615 archiepiscopo
736 1566 917 1613 Leopolien.
947 1578 1002 1610 pro
1030 1573 1170 1611 tempore

419 1619 575 1661 existenti,
599 1618 635 1651 ad
664 1629 744 1663 quae
767 1615 953 1660 suffraganei
982 1614 1029 1648 sui
1060 1622 1170 1648 metro-

420 1668 575 1714 politanae
612 1666 771 1700 Ecclesiae
800 1672 894 1710 atque
929 1663 1171 1709 metropolitano

421 1725 566 1750 tenentur
599 1715 836 1761 archiepiscopo
865 1712 1040 1748 secundum
1075 1724 1171 1746 cano-

420 1778 506 1800 nicas
533 1773 721 1799 sanctiones.

469 1815 535 1861 Sss.
559 1814 690 1848 Necnon
714 1812 798 1859 quod
822 1811 1090 1857 archiepiscopus,
1116 1811 1174 1844 Ee-

421 1865 513 1898 clesia
536 1872 563 1897 et
587 1863 759 1909 capitulum
784 1860 1171 1907 Leopolieii.huiusmodi,

422 1915 474 1961 qui
498 1921 570 1947 sunt
587 1926 642 1960 pro
659 1921 813 1959 tempore,
828 1911 865 1945 (lc
877 1918 1000 1945 caetero
1023 1909 1171 1943 omuibus

424 1964 604 2010 privilegiis¹
627 1960 883 2008 exemptionibus
900 1988 907 2000 ,
940 1960 1047 2005 gratiis
1066 1972 1100 1993 ac
1125 1960 1169 1993 in-

423 2014 519 2047 dultis
547 2013 727 2058 apostolicis
754 2019 783 2045 et
815 2010 884 2044 aliis
915 2009 1172 2056 quibuscumque

425 2063 582 2110 potiantur
614 2072 643 2096 et
681 2061 862 2107 gaudeant,
896 2058 1012 2106 quibus
1040 2059 1078 2093 iile
1107 2059 1173 2093 iure

424 2112 681 2159 metropolitanae
706 2110 865 2145 Ecclesiae
885 2118 915 2143 et
942 2109 1172 2155 archiepiscopi

423 2171 583 2196 eteorum
608 2160 743 2208 capitula
773 2168 915 2206 possunt,
943 2166 971 2191 et
1007 2171 1087 2205 quae
1118 2171 1174 2204 po—

425 2220 525 2246 terant
548 2211 639 2245 etiani
673 2218 743 2244 ante
771 2209 961 2243 erectionem
990 2216 1019 2241 et
1043 2208 1174 2242 transla-

425 2262 542 2295 tionem
566 2259 748 2294 huiusmodi
772 2258 1045 2304 archiepiscopus,
1070 2257 1176 2292 Eccle-

425 2313 467 2344 sia
491 2320 519 2345 et
543 2309 716 2356 capitulum
735 2309 881 2343 Kahtien.
900 2307 1092 2350 huiusmodi,
1109 2320 1174 2341 nee-

426 2373 487 2394 non
509 2360 642 2406 prael'ata
673 2358 860 2406 parochialis
884 2357 1025 2392 Ecclesia
1055 2357 1089 2390 B.
1116 2357 1177 2391 Ma-

428 2411 489 2445 riae
519 2409 702 2456 Leopolien.
720 2436 727 2448 ,
750 2421 784 2442 ac
812 2417 936 2447 rector,
966 2407 1020 2453 qui
1054 2408 1081 2441 ei
1121 2420 1176 2454 pio

426 2468 566 2506 tempore
590 2467 729 2505 praeerat.

477 2509 496 2553 ἓ
520 2511 550 2542 7.
580 2508 737 2554 Quodque
757 2507 862 2541 cuncti
887 2505 1090 2552 suffraganei,
1113 2505 1178 2539 cle-

431 2559 483 2592 rici
512 2566 541 2591 et
578 2558 645 2591 laici
680 2557 862 2603 Leopolien.
903 2556 989 2601 prius
1029 2554 1177 2588 Kalitien.

432 2608 607 2654 provinciae
633 2606 876 2652 archiepiscopis
903 2604 1100 2652 Leopolien.,
1125 2605 1178 2650 qui

431 2664 521 2690 erunt
547 2669 601 2703 pro
630 2664 781 2703 tempore,
806 2663 964 2701 tamquam
995 2653 1180 2701 metropoli-

1201 281 1361 303 ROMANUM

1204 336 1285 370 tanis
1312 345 1423 368 eorum
1447 332 1572 367 debitos
1601 332 1838 374 obedientiam,
1870 344 1958 365 reve-

1205 384 1336 419 rentiam
1360 390 1389 416 et
1419 381 1555 415 honores
1577 380 1763 423 exhibeant,
1793 380 1875 415 sicut
1906 393 1956 414 ai·—

1204 431 1416 479 chiepiscopis
1429 430 1590 467 Kalitien..
1606 430 1658 476 qui
1675 429 1799 463 fuerunt
1817 441 1872 475 pro
1886 436 1956 463 tein-

1206 496 1291 529 poi'e,
1315 480 1464 515 exhibere
1483 479 1635 513 haetenus
1654 486 1899 517 consueverunt,
1922 492 1957 510 ai:

1204 533 1297 566 etiam
1327 530 1517 564 debuerunt.

1255 582 1275 625 g
1302 584 1333 614 8.
1363 579 1400 612 Et
1427 578 1511 625 quod
1536 577 1641 611 nullus
1665 577 1762 623 ipsius
1785 577 1871 623 prius
1894 576 1958 610 Ka-

1207 631 1301 664 litieii.
1327 628 1558 662 Eucti-stamen
1576 626 1760 673 metropolis
1789 627 1958 672 possessio-

1207 692 1262 713 nes
1283 678 1416 716 aul'ei·i·e,
1444 684 1497 709 aut
1524 676 1641 710 ablatas
1670 676 1804 709 retinere
1826 688 1880 710 seu
1904 688 1932 709 iii
1952 695 1960 701 -

1208 740 1319 770 nuere,
1345 735 1397 760 aut
1433 727 1535 772 ipsum
1572 725 1865 771 arehiepiscopum,
1896 724 1959 759 Ec·

1208 777 1335 811 elesiarii
1358 783 1388 809 et
1407 774 1581 822 capitulum
1598 774 1781 821 Leopolieii.
1802 773 1960 820 aliquibus

1209 826 1361 860 molestiis
1384 825 1510 869 fatigare
1539 836 1593 858 seu
1624 823 1806 870 pertin-hare
1832 836 1961 869 praesu—

1210 883 1287 909 niat:
1324 874 1378 908 sed
1413 874 1516 907 omnia
1553 873 1597 907 eis
1630 874 1749 919 integra
1777 881 1807 906 et
1846 872 1961 906 illibata

1208 932 1372 958 serventur
1394 935 1518 961 eorum.
1549 936 1604 969 pro
1632 935 1767 968 quorum
1797 921 1962 967 guberna-

1210 974 1294 1007 tione
1327 985 1363 1006 ae,
1399 972 1651 1007 substentatione
1686 983 1836 1005 concessa
1869 980 1962 1014 sunt,

1211 1022 1319 1057 usibus
1346 1021 1538 1056 omnimodis
1574 1021 1733 1067 perpetuis
1763 1020 1963 1066 temporibus

1211 1072 1382 1118 profutura,
1396 1070 1490 1105 Sedis
1512 1070 1712 1116 Apostolicae
1730 1069 1855 1104 licentia
1878 1083 1963 1104 seni-

1212 1134 1265 1168 per
1288 1121 1382 1155 salva.

1259 1172 1278 1217 3
1305 1174 1337 1204 9.
1363 1169 1551 1203 Huiusmodi
1570 1177 1600 1202 et
1622 1167 1692 1203 aliis
1713 1168 1893 1215 privilegiis,
1917 1169 1964 1202 Ιιιι-

1210 1220 1306 1253 doliis
1332 1228 1362 1253 et
1384 1217 1645 1253 concessionibus
1660 1217 1779 1252 eisdem
1803 1217 1964 1256 Kalitieii.‚

1211 1269 1409 1316 Leopolien.,
1438 1268 1650 1305 Premislien..
1689 1266 1869 1304 Chelinen..
1903 1268 1965 1300 Ca-

1213 1331 1403 1357 iiieiiecen.,
1444 1317 1719 1357 Woldiniiirieii.,
1753 1316 1900 1351 Cereteii.
1936 1325 1965 1349 et

1212 1368 1378 1415 Ryovieii.,
1401 1376 1430 1402 et
1445 1367 1515 1401 aliis
1530 1366 1669 1401 Ecclesis
1683 1365 1874 1412 supradietis
1892 1378 1965 1400 eou-

1213 1418 1330 1460 cessis,
1352 1429 1431 1463 quae
1453 1424 1579 1462 possent
1595 1414 1815 1462 praesentibus
1828 1415 1966 1458 obviare,

1214 1479 1275 1501 non
1300 1465 1497 1500 obstantibus
1524 1464 1792 1512 quibuscumque.

1262 1521 1277 1558 ᾗ
1298 1517 1349 1549 10.
1368 1515 1524 1549 Volumus
1546 1522 1649 1548 autem
1670 1521 1857 1555 statuenteS,
1880 1513 1965 1560 quod

1213 1565 1237 1598 si
1257 1577 1337 1611 quae
1360 1577 1396 1599 ex
1421 1564 1632 1607 Premislien.,
1654 1562 1834 1603 Chelmen.,
1857 1562 1967 1597 Came-

1215 1626 1338 1653 necen„
1369 1613 1630 1651 Woldimurieu„
1652 1611 1798 1646 Cercien.
1826 1619 1856 1646 et
1882 1611 1968 1659 Kyo-

1216 1664 1310 1705 vien„
1324 1675 1378 1697 seu
1392 1662 1460 1695 aliis
1482 1661 1659 1696 seeundum
1677 1661 1754 1695 ritus
1772 1660 1966 1695 Graecorum

1217 1711 1394 1746 viventibus
1420 1711 1571 1746 Ecclesiis
1586 1710 1777 1757 supradictis
1792 1710 1884 1744 alicui
1902 1723 1967 1744 me-

1216 1761 1328 1807 tropoli
1356 1761 1601 1795 christianorum
1630 1759 1771 1794 subiecta
1800 1760 1968 1802 existeret,

1215 1810 1318 1857 quoad
1363 1810 1538 1844 subiectam
1563 1822 1656 1843 unam
1681 1822 1736 1844 seu
1773 1809 1880 1856 plures
1908 1809 1970 1843 Ee-

1216 1860 1329 1893 elesias
1340 1873 1487 1906 praesens
1500 1859 1665 1894 concessio
1681 1871 1736 1905 pro
1750 1858 1970 1905 suffraganeis,

1216 1910 1348 1943 caeteris
1377 1918 1479 1943 tamen
1515 1910 1544 1943 iu
1573 1922 1630 1943 suo
1657 1908 1769 1943 robore
1793 1907 1970 1951 duraturis,

1218 1960 1335 1993 nullius
1363 1960 1473 1994 existat
1502 1958 1657 1993 efficaciae
1682 1958 1726 1992 vel
1752 1958 1875 1992 valoris.

1265 2016 1280 2053 ,ξ
1309 2012 1360 2043 11.
1391 2009 1606 2043 Decernentcs
1628 2021 1665 2042 ex
1690 2021 1774 2042 nunc
1797 2007 1918 2042 irritum
1942 2016 1973 2041 et

1218 2060 1310 2094 inane
1332 2060 1355 2093 si
1376 2072 1468 2093 secus
1490 2071 1586 2105 super
1615 2059 1652 2092 iis
1674 2071 1689 2092 a
1713 2070 1873 2105 quoquam
1897 2070 1969 2104 qua-

1219 2110 1262 2143 vis
1277 2109 1462 2144 auctoritate
1479 2109 1615 2143 scienter
1630 2108 1677 2143 vel
1696 2109 1879 2154 ignoranter
1901 2120 1974 2141 con—

1218 2163 1319 2209 tigerit
1344 2163 1502 2197 attentari.

1266 2223 1282 2261 g'
1311 2219 1362 2251 12.
1390 2217 1474 2252 Nulli
1495 2229 1569 2262 ergo
1591 2216 1721 2250 omnino
1746 2216 1910 2249 hominum
1934 2215 1973 2249 li«

1218 2280 1284 2306 ceat
1307 2272 1388 2307 hane
1410 2272 1554 2319 paginam
1593 2278 1770 2305 nostrorum
1793 2269 1973 2310 erectionis,

1219 2326 1443 2365 decorationis,
1472 2325 1696 2364 translationis,
1728 2325 1975 2363 statiiti,c0nsti-

1221 2382 1364 2425 tutionis,
1387 2380 1593 2415 subiectionis
1615 2388 1645 2414 et
1669 2379 1838 2414 voluntatis
1862 2378 1976 2414 infrin-

1220 2453 1293 2486 gere
1316 2448 1368 2473 etc.

1274 2494 1386 2528 Datum
1413 2494 1531 2528 Romae
1555 2492 1636 2539 apud
1656 2492 1808 2527 Sanctum
1834 2491 1976 2530 Petrum,

1222 2550 1334 2595 quinto
1363 2548 1509 2582 kalendas
1537 2546 1738 2595 septembris,
1773 2546 1977 2593 pontificatus

1225 2604 1320 2637 nostri
1345 2615 1428 2636 :iuno
1451 2603 1551 2636 tertio.

1266 2660 1327 2689 Dat.
1345 2660 1391 2689 die
1408 2660 1445 2688 028
1463 2660 1581 2698 augusti
1604 2659 1686 2695 1419,
1702 2663 1779 2697 pont.
1796 2667 1873 2687 auno
1889 2666 1928 2687 ιιι.
1959 2672 1962 2676 -

1974 277 2023 302 An.
2042 275 2070 300 C.
2091 275 2156 301 11112

1988 577 2100 604 Leopiilieii
2123 572 2159 597 Eis.

1974 610 2052 630 iste-i'iio
2069 610 2159 629 consinii

1974 642 2113 660 iiiileiiiiiitati,

1985 1176 2122 1197 obstantibus
2131 1177 2166 1195 de-

1980 1210 2046 1231 rogat.

2020 2217 2138 2238 clausulae.
