2274 3265
235 280 284 305 An.
307 279 417 307 01539

241 880 309 899 Renelt
327 880 418 899 ιιιιῑιιΙΊ-

233 912 268 930 diti
286 917 328 930 sni·
353 916 417 935 sure—

232 941 321 961 rioribus
345 941 367 959 de
386 941 415 960 ιι-

233 976 302 991 rentur

249 1429 275 1449 De
293 1434 341 1448 cura
360 1429 394 1448 infr

235 1466 312 1480 ntorum

483 267 549 298 444

431 333 478 367 sui
519 332 630 378 prioris
664 342 719 365 seu
759 330 1023 366 administratoris
1063 331 1183 366 licentia

431 380 570 428 speciali.
594 379 657 421 Qui
682 392 753 415 vero
769 381 960 415 eontrarium
978 380 1120 419 fecerint,
1135 392 1184 414 re—

430 430 530 477 gulari
558 429 743 464 subiaceant
777 429 975 475 disciplinae.
1006 430 1044 464 Ut
1079 437 1183 464 autem

432 481 506 515 liaee
533 478 690 513 efficacius
712 478 931 519 observentur,
946 479 1113 518 antistiteS,
1130 478 1184 512 al)-

432 529 528 568 bates,
550 536 579 563 et
606 529 718 563 caeteri
747 528 931 563 eorumdem
960 529 1183 563 canonicorum

430 578 621 625 superiores,
644 589 766 612 necnon
783 578 846 618 alii,
868 579 921 625 qui
940 578 977 612 ad
997 576 1184 612 visitandum

436 641 490 675 per
510 640 565 662 eos
591 627 705 661 luerint
735 627 893 672 deputati,
915 639 1012 674 quum
1031 626 1186 673 prioratus

431 676 765 713 &administrationes
792 675 971 710 huiusmodi
1003 675 1185 718 visitabunt,

431 730 515 761 cirea
539 725 588 760 illa
617 725 782 767 servanda,
807 733 837 759 et
857 738 917 759 non
940 737 1008 759 serr
1013 734 1060 758 ιιιιι
1080 724 1184 758 corri-

431 775 552 822 genda,
581 787 687 809 emam
717 774 849 808 lrabeant
877 774 1072 820 diligentem.

481 825 501 872 ,ξ
531 826 587 858 32
626 823 858 870 Prmaecipimus
903 822 986 869 qnod
1024 821 1186 857 canonicis

435 873 593 919 religionis
616 873 783 919 praelatae
806 872 1070 918 qualiacumque
1066 884 1093 904 ιιι
1121 871 1184 916 ipsa

434 923 586 968 religione
616 922 803 956 anctoritate
842 921 935 955 Sedis
972 920 1186 967 apostolicae,

435 971 480 1006 iel
503 973 675 1017 legatorum
701 971 800 1017 ipsius
825 970 975 1004 btnelicii
994 970 1185 1005 obtinentts,

432 1020 580 1055 obediant
603 1019 820 1066 superioribus
838 1020 904 1053 suis
923 1019 1083 1065 religionis
1098 1019 1186 1053 eius-

432 1070 516 1110 dem,
540 1070 743 1116 ipsorumque
771 1068 893 1103 subsint
918 1068 1185 1106 correctionibus,

432 1117 695 1157 ordinationibus,
738 1118 958 1164 punitionibus
992 1127 1020 1152 et
1062 1118 1187 1152 statutis

432 1181 466 1203 ac
494 1167 656 1202 beneficiis
685 1167 864 1201 huiusmodi
894 1180 931 1202 ex
954 1168 1058 1202 causis
1087 1167 1186 1201 ratio—

433 1216 591 1252 nabilibus
615 1216 740 1263 privari,
764 1225 792 1250 et
815 1216 854 1251 ab
870 1217 929 1251 illis
950 1217 1087 1252 arnoxeri
1114 1230 1187 1263 pos-

433 1268 507 1310 sint,
530 1265 798 1313 quemadmodum
824 1275 963 1312 possent,
986 1267 1011 1300 si
1037 1266 1114 1301 foret
1133 1279 1187 1313 per

434 1316 612 1362 superiores
624 1328 699 1349 suos
712 1315 750 1349 de
762 1315 836 1361 ipsis
846 1315 1186 1362 beneticiisprovisum.

483 1364 502 1411 S
519 1367 575 1399 55.
592 1364 698 1406 Quum
717 1364 861 1410 expediat
885 1364 1017 1398 infirmis
1034 1364 1073 1399 de
1093 1365 1187 1399 domo

399 1426 488 1448 K.seu
521 1413 589 1449 loco
629 1425 770 1459 congruo
805 1413 974 1459 provideri,
1006 1413 1188 1455 statuimus,

434 1463 518 1510 quod
556 1463 585 1496 in
622 1462 784 1501 Ecclesiis,
823 1463 1020 1497 monasteriis
1046 1472 1074 1497 et
1111 1463 1187 1497 locis

434 1513 500 1547 aliis
521 1511 784 1546 conventualibus
807 1512 968 1558 religionis
984 1512 1139 1556 eiusdem,
1159 1513 1186 1545 in

433 1562 550 1608 quibus
571 1569 654 1596 certa
682 1560 798 1594 (lomus
824 1573 880 1595 seu
911 1561 999 1595 locus
1039 1562 1186 1615 ιΙιῚηιιι-ιιι

435 1611 480 1645 vel
503 1610 671 1657 deputatus
695 1622 755 1644 non
785 1610 877 1644 fuerit
901 1622 956 1657 pro
980 1610 1125 1651 infirmis,
1155 1624 1187 1654 rr,

433 1660 469 1694 ad
499 1672 581 1706 quos
619 1659 649 1693 id
679 1659 874 1705 pertinuerit,
911 1659 1027 1706 quibus
1062 1660 1100 1694 ad
1129 1659 1187 1694 lioc

433 1717 601 1757 suppetent
638 1708 811 1747 facultates,
844 1709 975 1743 domum
998 1721 1053 1743 seu
1083 1709 1187 1743 locum

433 1758 612 1794 huiusmodi
653 1757 863 1792 sufficientem
890 1758 972 1792 iuxta
1009 1767 1124 1793 statum
1158 1766 1189 1793 et

433 1807 594 1843 facultates
621 1808 780 1851 locorum,
808 1808 998 1854 quantocius
1021 1808 1188 1843 commode

434 1859 498 1893 lieri
519 1858 643 1904 poterit,
666 1858 817 1904 deputare
840 1870 893 1892 seu
919 1867 1102 1892 construere
1136 1866 1188 1892 te—

433 1917 577 1948 neantur,
617 1907 736 1942 eisdem
773 1907 906 1941 infirmis
933 1907 1126 1942 sullicienter
1148 1907 1186 1942 de

434 1959 531 1997 lectis,
561 1957 767 1997 victualibus,
795 1965 970 2001 SOt'ttht'e,
999 1958 1131 1992 medicis
1159 1966 1188 1992 ct

433 2009 527 2045 iebus
550 2008 793 2043 medicinalibus
834 2017 861 2042 et
889 2008 957 2043 aliis
992 2008 1187 2055 quibuslibet

433 2058 842 2106 necessariisprovidendo,
856 2059 892 2092 ad
907 2072 987 2105 quat
1011 2058 1186 2105 peragenda

431 2119 461 2145 et
485 2108 672 2156 complenda
702 2120 757 2156 per
779 2108 959 2155 superiores
981 2121 1056 2142 snos
1080 2121 1187 2142 imme-

431 2159 542 2199 diatos,
566 2167 595 2193 et
620 2171 674 2205 per
697 2157 911 2205 praesidentes
945 2171 980 2192 ac
1013 2158 1188 2192 risitatores

431 2218 458 2243 et
478 2221 587 2243 eorum
611 2207 784 2255 quemlibet
813 2208 997 2242 auctoritate
1016 2207 1187 2254 apostolica

432 2271 485 2304 per
507 2270 673 2292 censuram
701 2257 945 2292 ecclesiasticam
978 2265 1008 2291 et
1035 2256 1092 2290 alia
1129 2270 1187 2303 op-

433 2315 564 2354 portuna
581 2306 717 2342 remedia
738 2307 978 2354 compellantur.
997 2305 1057 2341 Ubi
1081 2313 1185 2340 auten}

432 2357 700 2393 administratores
727 2370 848 2400 eorum,
871 2357 923 2405 qui
953 2356 990 2391 ad
1013 2356 1185 2404 praemissa

433 2417 591 2447 tenentur,
614 2408 804 2442 sufficientes
823 2408 860 2442 ad
877 2420 910 2442 ea
929 2408 1106 2454 peragenda
1124 2420 1184 2442 non

433 2457 596 2492 habuerint
625 2458 799 2496 facultates,
829 2458 858 2491 in
898 2458 1001 2493 annali
1036 2457 1186 2505 capitulo,

435 2508 478 2542 rel
503 2520 557 2554 per
570 2508 719 2542 maiorem
737 2516 855 2554 partem
881 2508 981 2554 ipsius
1002 2508 1186 2542 auctoritate

433 2556 603 2603 apostoliea
620 2557 795 2597 ordinetur,
811 2558 894 2604 quod
914 2557 1187 2592 administratores

435 2606 615 2641 huiusmodi
639 2607 831 2642 sufficientes
858 2607 895 2642 ad
927 2607 987 2642 lroc
1016 2607 1187 2642 reddantur

435 2667 491 2701 per
518 2656 745 2702 assignationes
768 2657 971 2703 pensionum,
996 2665 1088 2703 prout
1108 2656 1185 2692 inl'ra

1023 274 1208 298 BUL!..UUUM
1251 272 1412 295 numanum

1232 331 1262 362 in
1291 328 1350 362 alio
1382 339 1455 361 casu
1479 327 1540 361 sub
1570 326 1692 360 rubrica
1732 328 1778 360 De
1804 328 1986 363 victualibus

1227 387 1251 411 et
1268 379 1338 411 aliis
1354 377 1576 410 ministrandis.

1276 428 1296 468 ,ξ
1319 428 1375 459 52.
1393 425 1506 467 *Quum
1530 425 1569 459 sit
1591 437 1767 460 consonum
1798 425 1919 465 rationi,
1950 434 1981 461 ut

1228 477 1407 509 obtinentes
1430 474 1593 514 beneficia,
1631 474 1772 528 ipsorum
1800 486 1895 509 onera
1925 474 1983 509 de-

1229 525 1264 558 li«
1269 533 1320 558 ιιιιι
1337 532 1545 578 'supporfftaim
1560 523 1741 563 statuimus,
1761 523 1877 570 quod
1873 536 1902 557 ιιι
1919 536 1983 559 mo-

1229 573 1384 617 misteriis,
1414 572 1603 620 prioratibus
1643 581 1670 607 et
1706 572 1777 607 aliis
1821 572 1984 608 benefieiis

1228 601 1484 670 quiliusctin‘rque
1498 622 1656 668 religionis
1669 622 1825 665 eiusdem,
1842 622 1984 668 personis

1228 671 1484 719 quibuscumque
1503 679 1587 706 extra
1606 672 1774 718 praelatam
1800 671 1982 718 religionem

1228 722 1462 768 cuiuscumque
1490 720 1553 755 sint
1587 721 1764 768 dignitatis,
1788 720 1907 766 gradus
1929 733 1983 755 seu

1230 770 1486 816 praeeminentiae
1525 770 1658 813 (etiamsi
1702 769 1817 804 suerint
1859 778 1984 804 sanctae

1230 819 1389 854 Romanae
1410 819 1569 853 Ecclesiae
1585 819 1768 862 cardinales)
1790 819 1912 854 collatis
1929 831 1983 854 seu

1229 868 1469 911 commendatis,
1494 868 1539 902 rel
1563 868 1602 904 de
1625 878 1749 904 caetero
1782 868 1986 903 conserendis

1228 932 1282 953 sen
1302 917 1576 962 commendandis,
1591 926 1634 953 tot
1648 917 1790 953 canonici
1805 926 1985 957 teneantur,

1229 976 1304 1013 quot
1333 968 1361 1001 in
1389 967 1434 1002 eis
1457 975 1639 1002 tenerentur
1667 968 1691 1001 si
1726 979 1780 1014 per
1814 967 1985 1002 canonicos

1230 1017 1391 1062 regulares
1422 1017 1624 1060 monasteria,
1654 1017 1809 1063 prioratus
1837 1025 1867 1050 et
1895 1016 1987 1051 bene-

1231 1066 1298 1100 licia
1323 1065 1506 1100 huiusmodi
1536 1075 1732 1112 regerentur.
1760 1065 1797 1099 Et
1824 1065 1909 1112 quod
1938 1066 1986 1099 ni-

1231 1115 1404 1150 lrilominns
1419 1115 1573 1150 canonico
1590 1116 1619 1149 in
1634 1115 1756 1150 eisdem
1774 1114 1986 1154 monasteriis,

1231 1165 1422 1211 pr·ioiatibus
1444 1173 1474 1199 et
1514 1164 1679 1200 benefieiis
1701 1163 1916 1199 committatur
1944 1164 1986 1205 id,

1229 1214 1314 1260 quod
1353 1226 1449 1260 supra
1490 1214 1536 1248 rel
1577 1215 1659 1249 circa
1699 1214 1778 1248 alios
1817 1213 1989 1248 canonicos

1232 1263 1306 1297 inibi
1337 1263 1512 1298 residentes
1535 1263 1664 1298 liaberet
1705 1275 1853 1298 exercere
1885 1262 1989 1297 admi—

1232 1313 1378 1347 riistrffrtor
1400 1313 1589 1353 canonicus,
1612 1314 1636 1348 si
1669 1321 1817 1360 praeesset
1856 1312 1988 1352 eisdem,

1230 1372 1383 1408 quantum
1407 1361 1445 1395 ad
1474 1375 1521 1403 ea,
1549 1375 1630 1409 quae
1671 1363 1831 1410 pertinent
1852 1361 1890 1396 ad
1930 1374 1987 1396 re-

1232 1412 1370 1457 regulam
1395 1424 1450 1445 seu
1467 1411 1667 1458 disciplinam
1694 1411 1739 1446 vel
1755 1410 1988 1445 observantiam

1231 1461 1426 1507 regularem:
1443 1468 1472 1495 et
1487 1460 1572 1508 quod
1590 1460 1723 1507 quilibet
1740 1459 1988 1507 praedictorum,

1232 1510 1412 1544 huiusmodi
1442 1511 1644 1554 monasteria,
1668 1510 1826 1557 prioratus
1848 1516 1879 1544 et
1896 1509 1990 1544 bene-

1232 1559 1300 1594 licia
1322 1559 1561 1606 rpromodoliliet
1584 1559 1774 1603 obtinentes,
1809 1558 1846 1593 ad
1872 1571 1990 1605 procu-

1233 1609 1368 1644 rationes
1403 1617 1433 1642 et
1472 1608 1531 1643 alia
1567 1608 1727 1655 quaelibet
1763 1620 1872 1653 onera,
1912 1608 1989 1655 ipsis

1232 1657 1442 1699 monasteriis,
1471 1658 1659 1704 prioratibus
1685 1666 1713 1692 et
1739 1657 1900 1692 beneficiis
1939 1658 1988 1692 in-

1231 1707 1425 1748 cumbentia,
1469 1707 1697 1754 supportanda,
1725 1706 1931 1754 persolvenda
1958 1715 1988 1742 et

1231 1756 1394 1791 reddenda
1429 1757 1547 1803 integre
1566 1757 1630 1791 sint
1652 1757 1811 1791 adstricti:
1837 1756 1988 1805 quodque

1230 1806 1267 1840 ad
1289 1807 1364 1841 llaec
1387 1815 1415 1841 et
1439 1806 1496 1841 alia
1513 1806 1694 1852 supradicta
1709 1807 1893 1841 auctoritate
1915 1819 1989 1854 apo-

1231 1857 1339 1890 stoliea
1372 1869 1427 1903 per
1467 1869 1632 1892 censuram
1671 1857 1917 1892 eeclesiasticam
1959 1865 1988 1891 et

1230 1905 1306 1940 alias
1342 1906 1488 1953 compelli
1526 1906 1649 1941 valeant
1686 1919 1740 1954 per
1773 1907 1986 1953 capitulorum

1232 1956 1470 2002 provincialium
1494 1957 1722 2003 praesidentes,
1750 1965 1779 1991 et
1814 1956 1988 2004 quemlibet

1231 2007 1428 2051 eorumdem,
1446 2015 1536 2054 prout
1561 2020 1615 2054 per
1634 2007 1814 2054 superiores
1829 2019 1904 2042 suos
1920 2020 1987 2054 pos-

1230 2067 1301 2093 sent
1324 2066 1353 2093 et
1381 2057 1533 2092 deberent
1557 2057 1703 2104 compelli
1725 2057 1870 2091 canonici
1894 2069 1984 2104 regu-

1231 2108 1322 2147 lares,
1337 2108 1362 2142 si
1374 2115 1545 2155 prseessent
1572 2107 1782 2149 monasteriis,
1797 2106 1988 2152 prioratibus

1230 2166 1259 2191 et
1311 2157 1472 2192 benefieiis
1515 2156 1715 2196 memoratis,
1759 2157 1817 2190 nisi
1870 2156 1987 2190 luerint

1230 2207 1262 2242 S.
1287 2207 1325 2241 R.
1344 2207 1379 2241 E.
1404 2205 1591 2245 cardinates,
1611 2218 1690 2252 qnos
1713 2205 1863 2241 nolumus
1878 2205 1985 2241 talium

1230 2255 1504 2303 compulsionibus
1531 2255 1705 2290 subiacere.

1278 2306 1298 2350 ,Ε
1321 2310 1378 2340 55.
1408 2305 1633 2346 prohibemus,
1658 2318 1696 2339 ne
1719 2305 1861 2340 canonici
1889 2316 1984 2351 regu-

1231 2356 1309 2390 lares
1342 2356 1372 2389 in
1410 2355 1560 2390 Ecclesiis
1596 2354 1840 2398 cathedralibus,
1875 2367 1984 2389 mona-

1229 2408 1332 2443 steriis
1371 2419 1426 2441 seu
1456 2406 1530 2441 loeis
1552 2405 1622 2441 aliis
1649 2405 1918 2441 conventualibus
1934 2417 1984 2440 re-

1231 2458 1354 2503 ligionis
1387 2457 1530 2492 eiusdem
1566 2464 1691 2491 teneant
1745 2463 1796 2490 aut
1845 2456 1984 2490 nutriant

1230 2520 1328 2555 equos
1355 2519 1408 2541 sen
1445 2507 1522 2542 alias
1555 2506 1747 2548 erectiones,
1785 2518 1861 2540 neve
1891 2506 1985 2541 sami-

1231 2557 1322 2591 liares
1348 2570 1402 2591 sen
1440 2557 1607 2591 servitores
1630 2555 1763 2591 lrabeant
1797 2555 1985 2597 saeculares,

1232 2607 1289 2641 nisi
1327 2606 1445 2641 ratione
1479 2606 1682 2653 dignitatum,
1719 2604 1893 2640 ol'lieiorum
1937 2604 1983 2640 vel

1229 2656 1542 2691 administrationum
1561 2667 1701 2692 suarum,
1717 2666 1798 2702 quae
1817 2654 1983 2701 gesserint,

2004 272 2052 298 Αιι.
2071 271 2100 298 C.
2120 272 2186 299 ¹559

2009 437 2036 458 De
2050 444 2066 455 ¹⁷¹
2139 444 2187 457 rea-

1999 475 2048 488 nonr
2044 474 2084 488 ico
2175 480 2184 482 -

1998 506 2055 520 mero
2073 507 2092 519 in
2092 476 2146 525 mrim
2143 499 2186 518 ιιι-Ι

1998 530 2033 550 bet
2054 536 2100 549 mon
2118 534 2148 549 -ιι
2139 537 2170 550 ιι

1959 573 1964 579 .
1997 560 2081 581 alento.

2013 2311 2041 2332 De
2073 2313 2186 2332 §ssrwlmi-

1999 2343 2037 2363 hus
2076 2347 2186 2363 monaste-

2000 2375 2086 2396 riorum.
2108 2373 2185 2394 Eccle-

2000 2406 2084 2429 siaiuni,
2101 2409 2143 2426 etc⁴
