2274 3265
87 262 137 289 An.
155 262 183 289 C.
207 264 270 290 1538

108 518 268 540 Paenitentiam

85 549 130 569 aliis
155 550 268 571 fatuitates

85 586 132 600 Suae
152 587 269 601 commujt-

85 615 132 630 rare
153 617 194 630 nnn
217 618 267 636 pns-

85 644 139 660 finnt.

95 1555 122 1575 De
155 1554 266 1575 contessa.—

81 1588 119 1607 riis
138 1592 158 1605 in
181 1587 266 1604 adiuto-

83 1623 133 1638 rium
159 1617 264 1636 admissis.

98 2095 126 2116 De
148 2096 223 2121 sigillis
245 2102 254 2114 a

85 2127 157 2146 literas
173 2126 270 2150 sigillan-

888 267 1085 290 nnxnntc'rts
1107 269 1154 290 xit
1183 269 1228 290 PP.

285 318 408 357 cedere.
431 331 548 366 eosque
567 321 675 354 audire
692 330 721 355 et
740 322 902 368 expedire,

285 375 350 401 tum
374 368 411 402 ad
450 381 559 403 eorum
593 369 728 404 officium
758 372 910 417 pertinet,
944 380 1034 406 tene-

284 427 386 450 antur.

333 465 353 512 3
384 469 436 500 15.
460 466 640 503 Districtius
662 470 753 503 etiam
778 468 971 510 inhibemus,
995 481 1033 503 ne

284 514 358 548 dicti
392 515 631 552 poenitentiarii
662 525 846 564 potestatem
882 518 1032 552 audiendi

283 564 512 603 consessiones,
535 567 580 600 eis
609 567 682 601 dicti
705 566 795 600 officii
820 567 938 601 ratione
961 580 1035 600 con-

283 625 417 657 cessam,
451 615 638 660 generaliter
667 616 713 650 rel
748 616 925 662 specialiter
955 616 1031 650 iufra

282 660 457 697 Romanam
481 663 608 698 Curiam
626 665 670 698 rel
687 673 784 703 extra,
804 665 871 699 aliis
893 666 1035 699 commit-

283 718 368 749 tant;
398 724 455 746 nec
485 714 576 747 etiam
607 715 815 759 poenitentias
849 715 1031 760 imponendi

283 773 337 794 seu
357 760 560 807 dispensandi
579 771 762 807 potestatem
786 765 830 798 eis
852 776 1032 798 concessam

282 811 491 853 committant,
515 812 572 845 nisi
591 812 620 846 in
635 813 762 847 casibus·
778 814 823 847 eis
838 812 1033 852 confessatis,

282 867 374 904 prout
402 860 431 893 in
461 860 523 894 illis
549 861 588 895 de
616 862 845 896 consuetudine
875 862 952 896 dicti
985 863 1034 897 ol'-

282 907 343 942 ficii
367 918 612 949 consueverunt,
638 924 692 957 per
714 924 823 946 eorum
853 912 960 946 literas
988 912 1033 946 siv

281 956 356 1002 gillo
383 957 475 993 officii
503 959 654 1003 sigillatas
681 961 878 995 committere
905 960 944 995 ab
975 974 1034 995 an-

282 1007 379 1052 tiquo.
403 1006 467 1042 Sed
489 1008 539 1042 nbi
559 1008 638 1043 sorte
651 1021 741 1043 casus
757 1009 931 1049 accederet,
949 1011 1032 1057 quod

282 1063 386 1090 tantus
415 1059 652 1103 peregrinorum
676 1071 862 1102 concursus,
886 1066 1033 1105 tantaque

282 1104 453 1140 multitudo
501 1119 555 1140 seu
609 1120 754 1154 pressura
804 1107 1032 1142 confluentium

282 1154 473 1195 immineret,
497 1163 529 1190 ut
551 1156 626 1191 dicti
655 1156 891 1191 Poenitentiarii
916 1156 953 1190 ad
977 1170 1034 1191 ex—

281 1203 473 1248 peditionem
496 1217 606 1239 eorum
630 1205 773 1240 sufficere
799 1218 859 1240 non
884 1205 1033 1248 vaterem,

281 1251 415 1287 babeant
439 1266 603 1289 recursum
627 1255 663 1288 ad
693 1255 842 1289 maiorem
867 1254 1034 1289 Poeniten·

280 1302 406 1336 tiarium
431 1303 660 1349 supradictum,
685 1304 750 1349 qni,
773 1304 904 1337 durante
919 1302 968 1337 illa
983 1316 1034 1337 ne-

280 1352 424 1386 cessitate
459 1353 498 1386 de
527 1353 648 1387 idoneis
685 1353 944 1396 consessoribus,
979 1354 1032 1399 qui

280 1399 380 1434 dictos
415 1401 682 1437 Poenitentiarios
721 1403 750 1436 in
787 1403 825 1436 iis
860 1402 1033 1445 adiuvent,

281 1459 373 1495 prout
400 1450 460 1485 sibi
486 1451 667 1490 videbitur,
704 1453 826 1486 studeat
858 1451 1033 1498 providere.

329 1501 348 1547 g
388 1502 440 1535 16.
467 1501 658 1536 Huiusmodi
695 1509 797 1536 autem
838 1501 1035 1536 consessores

280 1559 311 1584 et
332 1550 492 1585 adiutores
518 1550 734 1585 confessiones
761 1551 901 1590 audiant,
929 1550 1034 1585 absol-

282 1607 364 1642 vant,
396 1600 595 1647 dispensent,
625 1601 836 1647 poenitentias
871 1601 1035 1646 imponant

281 1649 310 1682 in
331 1649 458 1684 casibus
474 1658 594 1684 tantum
617 1651 736 1684 eisdem
759 1650 934 1684 minoribus
953 1649 1036 1684 Poe-

282 1699 466 1734 nitentiariis
495 1700 667 1742 concessis,
691 1708 721 1734 ct
744 1701 774 1734 in
802 1699 872 1733 loco
895 1712 948 1733 seu
984 1713 1036 1734 ec-

280 1748 373 1783 clesia
396 1749 434 1783 ad
451 1748 625 1783 sedendum
642 1749 760 1784 eis-dem
782 1749 1037 1783 poenitentiariis·

282 1797 452 1844 deputatis,
488 1811 502 1832 a
529 1799 645 1845 quibus
681 1800 774 1832 etiam
812 1798 894 1831 idem
937 1798 1037 1833 maior

283 1846 548 1882 Poenitentiarius
564 1848 692 1894 recipiat
711 1849 935 1890 iuramentum,
950 1847 1035 1894 quod

283 1898 314 1931 in
332 1898 389 1932 hoc
401 1896 479 1931 bene
491 1905 520 1931 et
535 1896 892 1937 lidelitcrseliabebunt,
907 1904 938 1930 et
951 1897 1034 1943 qnod

284 1946 361 1980 nibil
387 1947 512 1992 penitus
541 1960 596 1993 pro
627 1946 797 1993 praedictis
829 1945 1037 1991 expediendis

286 1995 435 2042 recipient
457 2008 472 2029 a
495 2008 710 2042 quocumque.

334 2044 354 2091 S
377 2048 432 2078 17.
461 2044 639 2080 Statuimus
665 2046 796 2090 insuper
818 2052 848 2078 et
870 2044 961 2078 etiam
985 2058 1038 2078 or-

284 2093 443 2132 dinamus,
466 2094 549 2140 quod
578 2094 709 2140 quilibet
737 2094 894 2128 dictorum
920 2093 1037 2127 Poeni-

286 2143 500 2177 tentiariorum
525 2144 662 2190 sigillum
693 2143 868 2188 proprium,
890 2155 952 2189 quo
977 2143 1038 2176 uti-

287 2201 335 2226 tur
356 2192 394 2226 ad
416 2192 522 2227 literas
543 2193 617 2227 dicti
641 2192 731 2226 officii
755 2192 815 2226 sub
830 2204 888 2227 suo
911 2201 939 2226 et
963 2192 1037 2225 dicti

285 2241 378 2276 officii
402 2242 530 2276 nomine
549 2241 745 2287 sigillandas,
768 2241 893 2275 duobus
915 2241 1039 2275 clericis

286 2291 511 2325 communibus
538 2290 575 2325 ad
605 2291 664 2325 lioc
691 2290 870 2336 specialiter
905 2290 1039 2336 deputa-

286 2340 337 2383 tis,
352 2340 396 2373 vel
414 2341 620 2385 imposterum
635 2340 836 2385 deputandis,
866 2340 1037 2373 tenendum

285 2398 315 2423 et
338 2389 587 2424 conservandum
615 2391 755 2434 assignet
785 2401 839 2434 pro
863 2388 1040 2434 sigillandis

286 2437 421 2473 celerius
443 2439 539 2472 literis
561 2438 747 2474 antedictis:
765 2438 914 2484 quodque
928 2438 1040 2483 sigillis

286 2487 403 2533 quibus·
441 2487 514 2521 dicti
554 2487 792 2522 Poenitentiarii
840 2496 969 2521 utuntur
1010 2488 1039 2520 in

287 2536 389 2570 officio
411 2536 594 2583 supradicto
618 2536 722 2570 nullae
745 2536 822 2571 aliae
841 2536 961 2578 literae,
982 2536 1040 2570 nisi

287 2585 362 2619 dicti
386 2585 494 2624 officii,
518 2586 707 2632 sigillentur.
723 2585 840 2620 Poterit
859 2594 962 2620 tamen
987 2598 1043 2620 eo-

288 2647 356 2668 rum
385 2634 532 2681 quilibet,
554 2635 578 2669 si
604 2634 686 2674 velit,
710 2634 794 2668 aliud
824 2635 953 2669 alterius
981 2636 1041 2669 im-

1708 262 1778 294 419

925 335 1033 368 quan-
1080 324 1251 366 pressionis
1270 332 1301 358 et
1323 324 1440 360 formae
1473 326 1532 360 sub
1554 327 1681 361 nomine
1701 328 1828 374 proprio

1075 371 1213 415 sigillum
1239 372 1352 407 babere
1377 386 1432 419 pro
1459 374 1526 409 aliis
1549 377 1613 409 suis
1650 376 1746 411 literis
1777 376 1828 410 si—

1075 421 1233 465 gillandis.

1124 470 1144 515 g
1184 472 1236 504 18.
1266 470 1416 506 lurabunt
1450 474 1544 507 etiam
1573 474 1646 508 dicti
1690 475 1828 508 minores
1855 483 2029 505 unctionem-

1842 514 1928 540 putandi
1948 515 1972 534 nd
1984 512 2029 536 *hu-

1841 545 2029 566 immolemini-

1077 579 1150 613 pore
1179 568 1306 607 fuerint,
1331 571 1414 604 iuxta
1452 571 1582 605 sormam
1608 571 1739 606 inferius
1770 585 1828 606 an-
1843 576 1992 597 ‘⁸⁰⁶⁸‘¹“*¹¹“

1076 517 1325 559 poenitentiarii,
1347 522 1400 566 qui
1419 534 1502 556 nunc
1525 530 1595 556 sunt
1624 531 1652 556 et
1677 535 1732 569 pro
1748 531 1827 557 tem-

1076 623 1225 650 notatam.
1254 617 1386 652 Nostrae
1420 627 1522 653 tamen
1547 621 1732 655 intentionis
1772 634 1826 655 sen

1076 665 1246 700 voluntatis
1279 668 1398 710 existit,
1426 668 1511 714 qnod
1542 670 1639 704 maior
1660 669 1829 704 Poeniten-

1076 715 1185 749 tiarius
1214 716 1391 761 praedictus
1419 717 1531 752 debeat
1556 718 1585 751 in
1615 718 1699 752 dicto
1727 718 1828 754 officio

1076 763 1340 800 poenitentiariae
1368 766 1469 801 dictos
1502 767 1581 801 duos
1608 766 1740 802 clericos
1772 780 1828 814 pro

1077 813 1224 848 tenendis
1270 823 1301 849 et
1339 815 1567 850 conservandis
1604 816 1696 850 dictis
1733 816 1828 863 sigil-

1077 862 1113 897 lis
1146 870 1176 898 et
1211 864 1308 898 literis
1349 865 1538 911 sigillandis,
1570 864 1764 900 sufficientes
1797 874 1829 901 et

1077 912 1206 947 idoneos
1235 921 1265 947 et
1289 913 1398 948 fideles
1441 927 1558 961 ponere
1589 924 1619 949 et
1654 916 1827 952 instituere:

1075 974 1110 995 ac
1133 963 1222 996 ctiam
1252 962 1435 1007 destituere,
1457 971 1487 998 et
1508 964 1731 999 destitutorum
1759 964 1828 1000 loco

1075 1011 1153 1045 alios
1191 1011 1363 1057 subrogare
1403 1012 1532 1060 quando
1557 1022 1586 1047 et
1619 1015 1744 1060 quoties
1783 1015 1829 1048 eis

1076 1060 1233 1094 videbitur
1254 1061 1418 1106 expedire,
1444 1075 1459 1096 a
1483 1062 1600 1109 quibus
1625 1063 1718 1098 etiam
1743 1062 1827 1097 idem

1076 1110 1174 1143 maior
1212 1109 1479 1146 Poenitentiarius
1514 1112 1640 1158 recipiet
1670 1113 1829 1146 iuramen-

1076 1166 1141 1191 tum
1167 1160 1250 1192 iuxta
1279 1158 1423 1202 formam,
1458 1171 1538 1207 quae
1568 1160 1698 1195 inferius
1725 1163 1830 1195 conti-

1076 1216 1178 1241 netur.
1201 1205 1240 1241 Hi
1255 1217 1357 1242 antem
1381 1209 1444 1243 duo
1466 1209 1571 1244 clerici
1596 1223 1652 1256 pro
1674 1209 1829 1245 ducendis

1075 1256 1234 1302 aliquibus
1262 1256 1386 1292 clericis
1413 1257 1571 1292 desectum
1595 1270 1651 1293 seu
1674 1259 1828 1294 maculam

1076 1305 1104 1337 in
1137 1305 1279 1339 membro
1307 1306 1415 1353 aliquo
1445 1307 1638 1353 patientibus
1664 1307 1701 1342 ad
1731 1319 1830 1355 prae-

1075 1354 1207 1388 sentiam
1219 1354 1395 1401 aliquorum
1406 1355 1613 1391 cardinalium
1628 1365 1753 1391 sanctae
1767 1356 1832 1392 Ro-

1077 1415 1187 1437 manae
1208 1403 1371 1439 Ecca-siae
1388 1418 1443 1450 pro
1466 1406 1662 1452 inspectione
1684 1414 1714 1440 et
1730 1407 1834 1441 consi-

1076 1452 1236 1487 deratione
1260 1453 1402 1489 defectus
1443 1466 1497 1490 seu
1527 1455 1669 1490 maculae
1702 1455 1832 1500 praedi·-

1076 1512 1216 1541 ctornm,
1260 1504 1304 1537 vel
1348 1504 1440 1538 etiam
1483 1517 1539 1550 pro
1581 1504 1652 1539 aliis
1691 1506 1833 1551 personis

1077 1551 1231 1587 ducendis
1257 1553 1293 1587 ad
1318 1553 1394 1587 alias
1425 1554 1575 1588 ecclesias
1602 1554 1748 1591 civitatis,
1778 1566 1832 1588 seu

1077 1601 1150 1644 loci,
1187 1603 1218 1636 in
1259 1615 1319 1648 qua
1355 1602 1497 1637 Romana
1537 1602 1631 1637 Curia
1674 1603 1834 1647 residebit,

1079 1664 1141 1686 non
1166 1653 1319 1698 recipient
1342 1665 1357 1685 a
1380 1652 1513 1698 singulis
1549 1652 1628 1687 ultra
1661 1653 1835 1687 taxationes

1080 1714 1134 1747 per
1161 1713 1217 1736 uns
1252 1714 1348 1747 snper
1376 1701 1436 1736 boc
1463 1701 1641 1736 ordinatas:
1679 1701 1732 1736 ubi
1762 1714 1834 1737 vero

1078 1759 1184 1785 essent
1207 1751 1385 1786 notabiliter
1410 1763 1576 1797 pauperes,
1600 1750 1679 1785 nihil
1700 1751 1835 1797 recipia-

1079 1809 1128 1833 tur
1150 1800 1188 1835 ab
1216 1801 1262 1833 eis
1285 1801 1315 1834 in
1343 1801 1471 1835 casibus
1497 1799 1698 1847 supradictis.

1127 1850 1147 1897 S
1177 1852 1232 1885 19.
1257 1849 1381 1884 Rursus
1399 1850 1567 1885 statuimus
1583 1857 1612 1883 et
1635 1849 1834 1892 ordinamus,
1850 1862 2035 1920 &magiam

1888 1900 1901 1913 l⁴
1943 1899 1962 1913 '⁴¹⁷
1980 1908 1983 1911 .

1079 1899 1162 1945 quod
1186 1899 1355 1945 scriptores
1377 1898 1479 1933 dictae
1499 1898 1764 1933 Poenitentiariae
1782 1899 1833 1933 di-

1079 1947 1280 1982 stributorem
1319 1948 1520 1995 petitionum,
1543 1956 1572 1982 et
1595 1948 1687 1982 etiam
1728 1949 1835 1983 litera-

1081 2009 1169 2037 rum,
1209 2010 1304 2044 quem
1343 1997 1494 2032 duxerint
1530 1997 1733 2041 eligendum,
1764 2006 1836 2032 ante

1079 2058 1174 2093 qnam
1199 2046 1316 2093 aliquid
1340 2046 1521 2084 distribuat,
1552 2045 1664 2080 saciant
1684 2058 1738 2092 per
1765 2058 1837 2081 cor-

1081 2105 1219 2130 rectores
1242 2095 1432 2141 praedictos,
1462 2095 1509 2130 rel
1537 2095 1646 2129 saltem
1677 2107 1776 2130 unum
1798 2107 1836 2130 ex

1081 2150 1125 2183 eis
1139 2149 1300 2196 praedicto
1312 2150 1420 2184 maiori
1436 2149 1684 2184 poenitentiario
1693 2161 1837 2195 praesen-

1081 2203 1154 2237 tari:
1183 2215 1198 2237 a
1224 2216 1286 2250 quo
1311 2205 1404 2238 etiam
1433 2203 1516 2237 idem
1546 2203 1643 2237 maior
1664 2201 1838 2238 poeniten-

1082 2257 1189 2291 tiarius
1229 2257 1391 2303 corporale
1439 2256 1571 2303 recipiat
1623 2256 1835 2291 iuramentum

1083 2311 1166 2344 iuxta
1187 2310 1319 2345 formam
1338 2310 1470 2345 inferius
1484 2317 1675 2343 annotatam.
1695 2308 1837 2351 Quilibet

1083 2374 1185 2399 antem
1209 2365 1364 2399 dictorum
1398 2365 1588 2411 scriptorum
1625 2364 1654 2396 in
1685 2363 1769 2398 bono
1808 2372 1838 2399 et

1083 2418 1251 2453 sufficienti
1286 2431 1478 2465 pergameno
1514 2426 1544 2452 et
1580 2417 1677 2451 forma
1712 2417 1837 2452 decenti

1084 2473 1189 2507 literas
1216 2473 1358 2507 ciusdem
1387 2472 1478 2506 officii
1507 2472 1566 2505 sibi
1593 2470 1778 2506 distributas
1799 2470 1838 2506 de

1085 2527 1164 2560 bona
1200 2535 1229 2561 et
1252 2539 1313 2561 non
1348 2526 1488 2560 cursoria
1521 2526 1620 2566 litera,
1650 2526 1718 2560 sine
1752 2524 1837 2560 omni

1085 2590 1230 2628 suspecta
1268 2593 1386 2622 rasura,
1413 2580 1556 2615 celeriter
1582 2579 1722 2614 scribere
1761 2591 1839 2626 pro-

1085 2635 1223 2673 curabit,
1247 2643 1276 2668 et
1293 2634 1502 2669 nihilominus
1521 2634 1734 2667 iuramentum
1755 2644 1840 2679 praeae

1844 270 1895 296 An.
1913 269 1941 295 C.
1961 270 2026 296 1353
