2274 3265
232 267 279 291 Au.
302 265 327 290 c.
345 264 412 291 ¹5¹5

476 255 546 286 254

427 319 535 354 stolica
575 317 690 363 scripta
724 316 811 350 vobis
839 314 1060 362 praecipiendo
1082 326 1172 349 man-

426 369 547 411 dantes,
569 373 727 413 quatenus
754 364 990 412 quartodecimo
1017 364 1076 399 kat.
1094 364 1172 399 iunii

427 418 539 451 l'estum
576 415 720 451 eiusdem
754 413 944 450 confessoris
984 414 1095 449 devote
1138 425 1172 448 ac

425 466 609 503 solemniter
631 464 797 500 celebretis
818 472 849 498 et
875 463 992 499 faciatis
1014 476 1029 498 a
1062 463 1172 497 vestris

424 515 560 550 subditis
574 514 737 554 celebrari,
751 522 784 549 nt
799 514 867 549 eius
883 515 930 561 pia
948 512 1171 548 intercessione

425 574 455 600 et
478 564 529 599 liic
555 577 571 600 a
600 565 701 599 noxiis
724 564 840 610 protegi
864 573 892 598 et
921 563 951 597 iu
975 562 1080 596 futuro
1093 574 1173 596 sem-

426 614 547 661 piterna
569 614 719 661 consequi
747 613 861 659 gaudia
889 612 1026 646 valeatis.
1058 611 1170 644 Amen.

520 808 701 859 tottNNtiS
723 807 803 857 xxi
831 806 952 856 dictus
979 803 1071 854 xxti

684 895 777 926 PAPA
809 893 911 926 CXCVI

564 963 654 996 Anno
676 960 807 994 Domini
828 959 863 992 M
868 958 976 992 CCCX
982 958 1035 992 Vl.

424 1045 570 1120 Iacobus
597 1082 636 1118 de
668 1081 768 1121 Ossa,
803 1093 858 1117 seu
887 1080 926 1116 de
954 1080 1059 1120 Eusa,
1087 1087 1172 1126 patre

425 1133 589 1173 arnaldo,
626 1131 852 1176 caturcensis,
880 1138 970 1165 antea
1003 1130 1173 1177 episcopus

425 1182 652 1219 Foroiuliensis
675 1182 704 1216 in
728 1180 907 1217 Provincia,
935 1192 1007 1214 mox
1029 1179 1173 1213 Aveuio—

425 1233 552 1277 nensis,
583 1231 784 1279 postmodum
809 1229 842 1264 S.
873 1228 911 1264 R.
935 1229 971 1264 E.
1006 1228 1173 1263 cardinalis

426 1283 621 1325 Portuensis‚
649 1281 769 1316 electus
789 1288 836 1314 est
858 1278 1005 1326 Lugduni
1022 1279 1051 1312 in
1074 1277 1173 1313 Sum-

426 1344 511 1367 mum
537 1330 720 1367 Pontificem
744 1330 794 1364 die
819 1334 836 1364 7
859 1341 944 1375 aug..
967 1340 1049 1363 anno
1066 1329 1172 1371 1516,

425 1392 453 1415 et
481 1381 597 1416 ibidem
615 1389 784 1415 coronatus
798 1388 844 1413 est
867 1378 918 1413 die
940 1380 961 1413 5
984 1376 1173 1425 septembris

425 1432 497 1465 anni
525 1430 666 1466 eiusdem
686 1438 716 1464 et
730 1429 863 1464 loannes
878 1427 966 1463 xxlt
988 1426 1170 1475 appellatus.

424 1480 511 1515 Sedit
540 1481 570 1515 in
605 1479 788 1527 pontificatu
821 1490 920 1513 annos
941 1489 1042 1517 xvnr,
1069 1488 1169 1511 mens.

426 1543 498 1566 vero
519 1542 551 1565 iv
580 1534 636 1574 (1),
654 1527 884 1577 imperantibus
905 1528 934 1561 in
957 1525 1172 1561 Orienteduo-

426 1581 485 1615 bus
518 1579 717 1614 Andronicis.
753 1577 841 1613 Obiit
868 1577 1033 1611 Avenione
1066 1576 1116 1610 die
1152 1579 1173 1609 4

424 1629 612 1676 septembris
636 1631 742 1667 4334,
769 1636 800 1662 et
824 1626 967 1673 sepultus
989 1633 1037 1660 est
1054 1626 1084 1659 in
1114 1636 1174 1659 ec-

425 1679 518 1714 clesia
551 1677 719 1713 cathedrali
753 1676 790 1712 Β.
831 1676 947 1710 Mariae
993 1676 1031 1709 de
1062 1674 1172 1709 Donis.

425 1727 552 1763 Vacavit
574 1727 666 1762 sedes
691 1726 761 1761 dies
787 1738 831 1761 xv
854 1729 908 1770 (Ξ).

513 1795 658 1830 Schisma
682 1794 880 1842 trigesimum
908 1791 1092 1826 secundum.

475 1862 533 1897 Die
563 1861 750 1897 duodecima
774 1860 846 1895 maii
869 1861 962 1894 1328
994 1858 1175 1894 Ludovicus

426 1912 566 1947 Bavarus
592 1924 609 1946 a
636 1910 753 1945 Ioanne
787 1909 870 1956 Papa
894 1908 1175 1943 anathematizatus

428 1962 520 1996 Petro
538 1960 744 2008 Raynalducii
772 1959 811 1994 de
835 1959 910 1993 Vico
933 1958 1097 1995 Corbario,
1113 1970 1174 1993 na-

428 2014 512 2046 tione
528 2011 696 2057 Aprutin0‚
710 2009 831 2044 ordinis
852 2008 1025 2050 Minorum7
1048 2020 1175 2042 romana

429 2061 517 2107 plebe
543 2059 684 2095 confusis
715 2059 842 2094 vocibus
878 2058 1082 2105 approbante.
1109 2056 1176 2091 Ro-

429 2123 496 2145 mae
519 2111 549 2144 in
572 2122 641 2144 area
664 2108 811 2144 Vaticana
836 2120 1006 2155 purpuram
1037 2108 1174 2153 propriis

428 2159 575 2195 manibus
605 2160 730 2199 iniecit,
749 2170 821 2193 eum
854 2158 1047 2204 antipapam,
1076 2156 1175 2190 indito

427 2209 546 2245 Nicolai
574 2208 599 2243 V
629 2209 767 2248 nomine,
794 2207 914 2254 eligens
941 2215 1049 2241 contra
1077 2205 1176 2241 loan-

429 2273 498 2294 nem
522 2259 697 2306 legitimum
726 2257 922 2293 Pontificem.
945 2256 1001 2291 Ille
1029 2268 1101 2290 vero
1123 2268 1175 2290 ea-

428 2310 499 2345 dem
534 2309 585 2344 die
609 2310 638 2343 in
668 2308 795 2343 basilica
824 2307 856 2342 S.
892 2306 975 2342 Petri
1010 2318 1026 2340 a
1064 2304 1176 2340 Iacobo

428 2359 608 2394 Castellano
630 2358 792 2406 episcopo,
815 2357 946 2404 aliisque
968 2356 1176 2391 schismaticis

429 2410 587 2456 episcopis
602 2416 806 2443 consecratus
821 2416 880 2451 est,
903 2419 958 2441 seu
982 2406 1087 2454 potius
1101 2417 1174 2439 exe-

429 2467 544 2504 cratus⁷
579 2467 609 2493 et
634 2471 649 2493 a
687 2456 849 2493 Ludovico
877 2464 1055 2491 coronatus,
1085 2454 1176 2489 l'ost-

429 2521 536 2555 quam,
564 2508 715 2543 suadente
738 2507 913 2550 Ludovico⁷
929 2506 1076 2541 loannem
1094 2517 1176 2539 con-

466 2580 505 2614 (1)
521 2582 543 2606 Α
562 2580 605 2606 die
621 2578 799 2606 coronationis
816 2577 1003 2609 numerandos,
1020 2585 1034 2604 a
1061 2584 1112 2612 qua
1133 2575 1174 2602 dio

430 2627 513 2646 annos
529 2627 591 2646 suos
612 2626 702 2646 orsum
719 2627 777 2646 esse
792 2619 925 2650 loannem,
947 2618 1045 2644 diserte
1061 2616 1178 2644 ostendit

430 2660 523 2694 Pagius
539 2660 564 2686 in
582 2661 639 2686 eius
658 2660 721 2688 vita.
738 2659 753 2694 ς
770 2659 813 2686 87.
853 2658 892 2693 (2)
908 2657 1029 2684 Exclusis
1040 2657 1176 2684 extremis.

1002 258 1186 283 utrumnum
1209 257 1369 281 Romanum

1213 313 1374 349 demnarat
1389 341 1397 351 ,
1429 312 1676 359 depositumque
1704 312 1788 347 iuxta
1810 311 1962 347 Ludovici

1213 362 1400 397 sententiam
1417 360 1639 402 declaraverat,
1652 360 1962 408 eiusqueimaginem

1215 412 1383 447 tradiderat
1404 411 1550 451 flammis,
1564 423 1669 445 errore
1684 411 1820 455 cognito.
1835 409 1961 457 culpam

1215 461 1295 496 Pisis
1325 461 1510 503 detestatus,
1533 473 1548 494 a
1573 460 1682 505 legatis
1709 459 1837 494 loannis
1859 458 1963 507 Papae

1213 510 1387 546 absolvitur
1417 510 1467 545 die
1502 512 1548 544 25
1582 510 1648 544 iulii
1687 511 1807 553 1550,
1835 508 1964 544 biennio

1214 568 1284 607 post
1310 568 1494 606 occupatam
1523 559 1652 594 Sedem.
1682 558 1890 593 prolixiorem
1912 557 1966 593 ab·

1214 610 1398 645 iurationem
1430 609 1594 644 Avenione
1617 608 1722 643 emisit
1749 619 1854 642 coram
1878 606 1964 642 Pon-

1214 658 1296 693 tifice
1319 668 1349 694 et
1370 657 1594 698 cardinalibus,
1627 666 1658 693 et
1679 657 1878 692 Ludovicum
1906 656 1963 691 de-

1212 714 1343 743 testatus
1364 716 1421 743 est.
1444 707 1598 752 Tandem,
1620 707 1760 755 exposita
1784 706 1845 741 lide
1857 718 1913 741 sua
1934 716 1964 741 et

1215 757 1309 803 petita
1331 758 1434 799 venia,
1461 770 1476 792 a
1492 757 1646 792 Pontifice
1675 756 1849 792 absolvitur
1871 763 1963 803 atque

1214 806 1344 841 honeste
1391 806 1527 847 habitus,
1562 807 1630 841 data
1660 815 1762 842 tamen
1797 805 1940 841 custodia
1955 834 1963 848 ,

1215 868 1253 890 ne
1267 859 1297 891 in
1320 868 1460 892 errorem
1481 856 1682 891 relaberetur.
1700 856 1789 892 Obiit
1802 856 1964 891 Avenioue

1215 905 1245 940 in
1279 905 1417 953 palatio,
1452 904 1504 940 ubi
1527 905 1707 941 morabatur
1728 905 1864 941 loannes
1885 904 1965 949 PR,

1214 966 1323 990 mense
1345 954 1516 1002 septembri
1540 967 1624 990 anno
1647 957 1754 1001 1555,
1776 963 1806 990 et
1819 955 1964 1003 sepultus

1213 1012 1261 1040 est
1283 1004 1313 1039 in
1337 1003 1470 1040 ecclesia
1492 1003 1623 1040 fratrum
1645 1003 1814 1040 Minorum.

1217 1256 1319 1296 Quod,
1343 1263 1468 1289 vacante
1482 1256 1622 1289 Romano
1645 1256 1783 1300 imperio.
1800 1256 1964 1289 nullusn-

1262 1313 1363 1339 sumat
1395 1317 1503 1338 rnomen
1530 1306 1640 1339 vicarii
1664 1306 1812 1343 eiusdem)
1838 1317 1906 1338 cum
1931 1305 1965 1338 id

1264 1356 1473 1388 tantummodo
1517 1357 1560 1388 ad
1581 1355 1772 1402 {Romanum
1815 1356 1966 1400 pertineat

1264 1404 1442 1450 Pontificem
1468 1408 1522 1447 (1).

1481 1483 1601 1513 ὃῦΜΜΑ
1607 1482 1693 1513 litum

1215 1549 1381 1580 Exordium.
1405 1567 1443 1573 —
1473 1551 1499 1579 «1.
1522 1548 1655 1580 Obetnte
1677 1549 1759 1581 Rom,
1780 1551 1965 1590 imperatore,

1255 1595 1372 1635 imperii
1405 1595 1537 1632 regimen
1570 1595 1604 1624 ad
1637 1594 1743 1625 Sedem
1766 1595 1964 1634 Apostolicam

1255 1639 1428 1669 devolvitur.
1445 1655 1484 1661 —-
1501 1638 1614 1669 Causae
1635 1639 1723 1669 huius
1742 1639 1894 1669 faciendae
1909 1639 1964 1669 de-

1255 1684 1437 1714 clarationis.
1460 1701 1498 1706 —
1520 1684 1547 1713 2.
1570 1683 1697 1714 Cuilibet
1723 1684 1778 1714 sub
1797 1692 1964 1714 excommu-

1256 1729 1412 1759 nicationis
1435 1729 1579 1759 sententia
1610 1729 1807 1765 interdicitur,
1825 1738 1861 1758 ne
1889 1733 1963 1759 tem—

1256 1783 1325 1813 pore
1351 1774 1446 1804 dictae
1469 1774 1630 1803 vacationis
1655 1774 1755 1803 vicarii
1778 1783 1884 1804 nomen
1921 1774 1965 1803 vel

1256 1818 1383 1849 officium
1408 1817 1463 1847 sibi
1492 1818 1627 1847 vindicet.
1661 1834 1699 1840 —
1731 1818 1758 1848 3.
1784 1817 1966 1858 Cuicumque

1256 1871 1398 1902 personae
1417 1862 1602 1892 interdicitur
1623 1862 1695 1891 hanc
1715 1862 1885 1900 dignitatem
1909 1861 1967 1892 sibi

1256 1906 1478 1937 vindicantibus
1501 1906 1715 1945 obtemperare.
1743 1922 1782 1928 —
1806 1906 1835 1936 4.
1854 1904 1967 1936 Poenae

1255 1956 1356 1981 contra
1380 1951 1594 1981 inobedientes.
1614 1967 1652 1973 -
1675 1951 1701 1981 5.
1731 1950 1931 1981 Absolvuntur
1953 1960 1966 1980 a

1256 2000 1441 2027 sacramento
1460 1995 1571 2026 talibus
1590 1995 1733 2025 obstricti:
1756 2011 1793 2016 —-
1815 1995 1842 2024 6.
1862 1994 1895 2024 Et
1917 2004 1966 2024 re-

1256 2042 1430 2072 scinduntur
1462 2041 1612 2081 pactiones
1651 2049 1753 2070 omnes
1790 2049 1879 2079 super
1914 2040 1968 2069 hoc

1258 2087 1356 2116 initae.
1372 2103 1409 2107 —
1427 2086 1452 2115 7.
1471 2084 1634 2115 Publicatio
1654 2084 1825 2114 huiusmodi
1846 2093 1966 2123 prores-

1258 2142 1319 2162 sus.

1284 2208 1394 2237 loannes
1412 2208 1553 2243 episcopus
1572 2214 1667 2236 servus
1687 2211 1826 2235 servorum
1844 2205 1899 2238 Det.

1374 2258 1407 2286 ad
1427 2256 1551 2286 futuram
1578 2257 1620 2286 rei
1643 2256 1809 2286 memoriam.

1267 2331 1299 2365 Si
1316 2331 1445 2366 fratrum
1463 2340 1493 2365 et
1510 2331 1770 2378 coepiscoporum
1787 2338 1964 2364 nostrorum

1217 2389 1247 2415 et
1269 2381 1400 2416 aliorum
1428 2380 1644 2428 quorumlibet
1673 2380 1739 2415 iura
1768 2378 1881 2414 illibata
1904 2390 1966 2413 ser-

1218 2432 1280 2466 vari
1305 2439 1334 2465 et
1357 2431 1396 2466 ab
1422 2431 1508 2465 omni
1531 2430 1597 2465 fore
1629 2428 1797 2477 dispendio
1824 2428 1965 2463 diminu-

1219 2482 1312 2515 tionis
1325 2489 1468 2515 extranca
1484 2481 1647 2527 cupimus,
1670 2489 1699 2514 et
1721 2479 1758 2514 ad
1783 2479 1812 2513 id
1836 2478 1967 2513 libenter

1220 2539 1342 2566 nostrae
1361 2530 1583 2566 sollicitudinis
1607 2530 1744 2565 studium
1762 2528 1966 2568 adhibemus3

1220 2581 1316 2615 multo
1345 2580 1454 2616 fortius
1476 2580 1622 2628 equidem
1654 2591 1709 2627 pro
1732 2578 1847 2614 nostris
1865 2586 1894 2611 et
1909 2577 1966 2613 Ro-

1253 2657 1292 2691 tl)
1310 2656 1346 2683 Ex
1365 2657 1467 2691 aegest.
1486 2655 1571 2682 Vatic.

1978 255 2029 281 An.
2049 252 2078 279 c.
2093 245 2158 280 ¹5¹?

2012 2339 2129 2360 Exordium⁴
