2274 3265
225 274 272 300 An.
295 274 323 301 C.
338 275 404 302 1505

240 1378 303 1398 l'anto
312 1378 370 1397 unet-i
382 1382 413 1397 ιο-

232 1411 333 1429 nuncians

263 2174 400 2194 Caidtualium

240 2206 335 2231 precibus
352 2205 421 2224 devin-

240 2241 300 2257 citur,

472 263 537 295 176

993 269 1126 293 ΒΙΤΙΔΙΛΛΙΗ
1133 269 1175 293 UM
1200 269 1358 291 ttOMANmt

420 342 529 364 sumus
551 326 684 371 attoniti,
706 334 817 373 stupor
845 333 984 361 nostrum
1025 327 1162 360 animum
1205 325 1357 360 dictiones
1404 332 1433 358 et
1467 331 1586 358 caetera
1616 323 1790 358 secundum
1830 336 1946 359 morem

420 377 586 418 hebetavit,
609 388 745 423 eumque
768 376 861 411 timor
893 383 923 410 et
943 376 1074 416 ‚tremor
1108 388 1163 423 pa-

421 430 494 463 riter
514 433 753 462 concusserunt:
788 425 941 472 numquid
975 426 1059 460 enim
1102 437 1162 459 non

420 477 623 512 admiratione
650 475 794 522 dignum,
816 475 900 522 quod
941 475 1022 509 inter
1058 482 1102 509 tot
1135 483 1163 509 et

420 536 520 562 tantas
541 525 725 561 eorumdem
749 525 877 560 fratrum
901 536 1062 571 personas,
1086 524 1164 558 vitae

420 589 453 611 ac
476 576 574 612 famae
601 575 741 611 claritate
784 574 938 623 pollentes
955 602 963 616 ,
998 573 1165 607 virtutibus

422 626 591 670 redimitas,
613 624 809 660 abundantes
844 625 974 671 insuper
1014 622 1165 670 multipli-

421 677 503 710 cium
526 675 712 710 sufficientia
741 675 923 710 meritorum
941 701 949 714 ,
986 673 1017 707 in
1053 673 1167 720 praesi-

422 725 526 761 dendo
548 724 721 773 apostolico
753 724 889 759 culmine
923 722 1083 757 humilitas
1116 734 1165 756 no-

422 783 495 816 stra,
522 787 602 823 quae
638 774 722 809 illius
756 774 855 808 fuerat
894 772 1004 807 merito
1038 778 1166 819 postpo-

423 825 536 865 nenda,
559 823 747 872 praefertur?
768 823 891 861 Nonne,
924 821 998 856 dum
1035 822 1166 856 iniuncti

422 875 526 909 oneris
547 873 660 909 molem
684 873 886 911 attendimus,
908 879 937 905 et
965 878 1101 906 nostram
1125 870 1168 904 in-

423 923 639 958 sufficientiam
662 934 893 969 comparamus,
924 920 1019 967 digne
1054 919 1168 955 invale-

424 981 515 1007 scunt
543 973 635 1007 timor
656 980 686 1006 et
709 979 836 1013 tremor,
860 982 899 1005 ne
921 970 1073 1017 portantis
1111 969 1168 1004 de-

426 1022 529 1058 bilitas
554 1022 613 1057 sub
635 1029 737 1056 tantae
775 1020 867 1055 molis
902 1019 1052 1066 gravitate
1092 1032 1166 1054 suc-

424 1071 566 1107 cumbat?
586 1071 698 1106 Nonne
725 1070 899 1105 timendum
925 1069 1036 1104 iterum
1056 1077 1086 1104 et
1113 1076 1168 1104 tre.-

426 1121 588 1163 mendum,
611 1133 650 1155 ne
678 1121 779 1155 iustus
806 1119 911 1160 ludex,
946 1118 1097 1153 rationem
1131 1119 1169 1153 de

425 1171 549 1206 talentis
571 1170 699 1206 creditis
717 1169 821 1204 veniat
843 1176 1020 1209 exacturus;
1043 1181 1167 1203 servum

427 1220 568 1256 inutilem
590 1233 606 1256 a
630 1217 713 1255 bono
745 1226 919 1266 torpentem
951 1230 1046 1265 opere
1080 1230 1170 1253 saeve

426 1270 569 1305 damnet?

475 1320 495 1367 S
515 1321 549 1354 2.
572 1318 669 1361 Haec,
693 1327 724 1354 et
750 1318 808 1353 alia
837 1317 924 1365 plura
947 1329 1038 1365 quae,
1077 1318 1172 1364 proli-

428 1370 533 1404 xitatis
555 1368 698 1403 vitandae
730 1367 839 1414 gratia,
863 1379 966 1402 sermo
994 1367 1172 1402 succinctus

427 1419 553 1463 omittit,
582 1418 833 1453 insufficientiam
861 1426 997 1452 nostram
1021 1428 1036 1451 a
1072 1425 1172 1452 tantae

427 1468 584 1515 gravitatis
610 1479 706 1503 onere
739 1466 975 1502 subducendam
1008 1466 1085 1501 adeo
1120 1466 1173 1501 ef-

429 1517 564 1553 ficaciter
578 1516 799 1565 suggerebant,
811 1516 894 1564 quod
909 1516 1094 1551 eorumdem
1111 1516 1173 1551 ffa-

429 1576 510 1602 trum
546 1566 774 1615 importunitati
813 1567 1005 1601 diversarum
1041 1578 1174 1601 excusa-

432 1618 550 1652 tionum
574 1617 697 1652 obicem
726 1624 932 1664 opponentes,
966 1627 999 1650 ea
1027 1628 1088 1663 qua
1116 1628 1174 1663 po-

431 1667 549 1702 tuimus
564 1666 779 1707 reluctatione,
795 1665 974 1701 restitimus.
987 1665 1049 1700 Sed
1066 1665 1175 1700 fratres

431 1718 502 1765 ipsi,
517 1725 641 1752 nostrae
663 1715 855 1751 resistentiae
869 1714 1042 1756 obviantes,
1060 1715 1175 1749 nostris

430 1765 689 1802 excusationibus
706 1778 766 1801 non
783 1764 942 1809 admissis,
965 1776 1022 1799 nos
1045 1765 1081 1799 ad
1097 1777 1176 1799 con-

430 1816 644 1853 scendendum
666 1815 751 1850 Petri
774 1814 963 1850 Catliedram
987 1814 1103 1849 multae
1122 1814 1177 1849 im-

431 1866 630 1915 portunitatis
648 1865 793 1900 instantia
816 1864 1015 1899 devicerunt:
1043 1876 1175 1911 nosque,

432 1918 503 1952 licet
525 1928 561 1951 ex
584 1923 760 1950 nostrorum
784 1914 962 1949 defectuum
986 1914 1176 1949 conscientia

431 1965 626 2009 diffidentes,
641 1965 680 2000 de
702 1965 788 1999 lllius
811 1972 912 1998 tamen
935 1963 1044 1998 confisi
1067 1964 1177 1998 omni—

433 2016 581 2064 potentia,
607 2015 660 2063 qui
691 2027 751 2049 non
786 2015 885 2048 solum
908 2013 1023 2048 suflicit
1050 2013 1176 2048 eosdem

432 2065 581 2113 supplere
614 2064 774 2104 defectus,
815 2064 868 2098 sed
908 2071 938 2097 et
978 2071 1088 2110 potens
1132 2071 1177 2097 est

434 2128 558 2150 omnem
580 2115 709 2162 gratiam
733 2113 893 2148 abundare
909 2112 1010 2146 facete
1026 2112 1056 2146 in
1076 2112 1176 2147 nobis:

436 2177 490 2210 ne,
524 2164 584 2199 sub
606 2164 782 2199 obedientia
812 2163 938 2202 nutriti,
965 2161 1084 2196 diutius
1111 2174 1176 2196 eam

435 2223 638 2250 contemnere
665 2213 875 2261 pertinaciter,
902 2211 1069 2259 graviaque
1092 2212 1179 2258 peri-

436 2265 517 2305 cula,
540 2276 620 2313 quae
647 2264 814 2299 imminere
844 2263 903 2310 ipsi
929 2261 1106 2306 Ecclesiae,
1131 2269 1179 2296 to-

437 2315 521 2362 tique
555 2323 708 2350 terrarum
747 2313 813 2348 orbi
844 2324 881 2347 ex
914 2313 984 2347 eius
1021 2312 1180 2346 vacatione

437 2364 649 2400 verisimiliter
667 2363 870 2404 timebantur,
892 2360 1110 2397 damnabiliter
1124 2373 1180 2395 ne-

437 2415 552 2461 gligere
574 2425 788 2454 censeremur;
811 2413 889 2447 votis
912 2412 1035 2447 tandem
1053 2411 1178 2445 fratrum

438 2465 654 2512 acquievimus
679 2463 880 2507 eorumdem,
906 2474 942 2497 ac
968 2461 1004 2497 ad
1038 2460 1181 2495 deseren-

439 2515 512 2548 dum
548 2515 700 2549 sarcinam
727 2513 851 2547 Summi
877 2511 1081 2559 Apostolatus
1102 2510 1180 2545 sub-

440 2564 597 2599 mittentes
622 2564 770 2599 humeros
797 2561 980 2607 imbecilles,
1008 2561 1121 2607 recepti
1144 2560 1181 2594 ab

441 2614 486 2648 eis
514 2614 700 2648 unanimiter
728 2613 758 2647 in
787 2612 963 2647 Romanum
983 2610 1181 2649 Pontificem,

442 2663 615 2710 recepimus
643 2670 870 2709 consequenter
902 2661 1065 2705 solemnia,
1086 2660 1182 2694 bene-

1205 374 1483 421 pracliciendorum
1512 373 1730 407 Romanorum
1758 372 1946 408 Pontificum

1206 425 1236 458 in
1271 424 1413 472 personis
1456 422 1731 470 praedecessorum
1771 430 1947 457 nostrorum

1206 474 1356 508 hactenus
1383 473 1599 513 obset·vatum;
1632 472 1755 507 anxiato
1781 480 1812 507 et
1841 471 1950 506 humi-

1207 523 1278 557 liato
1297 523 1405 570 spiritu
1421 523 1557 557 Domino
1575 521 1796 568 supplicando,
1816 530 1849 556 ut
1867 520 1950 568 Ipse,

1206 572 1257 619 qui
1293 585 1348 607 nos
1375 573 1557 607 huiusmodi
1594 572 1700 617 iugum
1727 568 1842 606 'subire
1868 583 1952 606 con-

1207 622 1310 664 cessit,
1338 623 1382 657 sic
1403 622 1442 656 ad
1470 623 1572 669 ipsum
1596 620 1784 669 portandum
1808 620 1953 656 debilita-

1208 680 1268 707 tem
1293 679 1428 706 nostram
1456 672 1567 707 robore
1590 670 1708 711 fulciat,
1735 671 1781 705 sic
1803 669 1878 705 illud
1907 670 1954 705 fa-

1207 722 1267 756 ciat
1295 734 1349 757 sua
1373 722 1564 769 benignitate
1587 720 1751 770 portabile,
1782 719 1864 768 quod
1895 720 1953 755 sub

1208 784 1244 805 eo
1267 783 1324 806 nos
1347 784 1407 806 non
1432 772 1590 818 contingat
1612 783 1648 805 ex
1670 778 1772 805 nostra
1795 769 1953 805 debilitate

1208 820 1360 861 deficere,
1382 821 1436 855 sed
1457 821 1496 855 ita
1517 820 1607 855 nobis
1625 828 1654 855 et
1677 821 1760 867 gregi
1794 819 1953 854 dominico

1209 879 1332 906 nostrae
1366 870 1541 917 vigilantiae
1576 869 1716 911 credito,
1754 882 1810 905 sua
1843 870 1953 905 virtute

1210 920 1371 967 prolicere,
1399 919 1481 966 quod
1509 919 1548 954 de
1576 919 1691 954 talento
1721 919 1811 954 nobis
1841 919 1953 955 tradito

1209 969 1334 1016 dignam
1361 969 1517 1015 possimus
1540 969 1570 1003 in
1589 975 1728 1003 extremo
1751 968 1865 1004 iudicio
1887 969 1954 1004 red-

1209 1018 1283 1053 dere
1313 1019 1473 1053 rationem.

1258 1068 1277 1115 g
1304 1071 1336 1102 5.
1363 1067 1436 1110 Quo
1463 1067 1543 1102 cirea
1571 1067 1792 1102 fraternitatem
1820 1074 1952 1102 vestram

1212 1130 1370 1164 rogamus,
1405 1125 1435 1151 et
1462 1117 1624 1152 hortamur
1651 1118 1681 1151 in
1716 1116 1872 1159 Domino,
1900 1129 1954 1164 per

1210 1167 1381 1214 apostolica
1403 1166 1493 1202 vobis
1518 1166 1632 1214 scripta
1655 1165 1849 1207 mandantes,
1878 1178 1955 1212 qua-

1212 1225 1315 1257 tenus,
1344 1215 1433 1251 nobis
1464 1217 1690 1264 compatientes
1716 1216 1746 1250 in
1775 1215 1850 1250 tanti
1878 1227 1958 1262 pon-

1211 1266 1294 1301 deris
1331 1266 1502 1312 gravitate,
1536 1266 1574 1301 ad
1602 1264 1849 1314 supportandum
1883 1265 1957 1299 illud

1212 1316 1474 1357 subministretis,
1513 1326 1665 1363 quantum
1707 1315 1736 1349 in
1767 1314 1856 1349 vobis
1890 1322 1956 1355 est,

1213 1366 1296 1400 velut
1319 1365 1349 1400 in
1384 1373 1500 1412 partem
1532 1366 1722 1412 apostolicae
1748 1363 1956 1399 solicitudinis

1213 1415 1347 1455 evocati,
1370 1416 1461 1450 vestri
1484 1415 1590 1450 auxilii
1613 1415 1841 1454 fulcimentum,
1868 1425 1957 1447 com-

1214 1465 1326 1500 missas
1349 1464 1434 1499 vobis
1456 1464 1611 1500 Ecclesias
1632 1476 1804 1511 gregesque
1826 1463 1957 1498 domini-

1214 1527 1267 1549 cos
1282 1515 1311 1549 in
1331 1514 1376 1548 eis
1392 1514 1479 1549 vobis
1493 1513 1629 1549 creditos
1647 1512 1851 1560 gubernando
1886 1511 1957 1546 soli-

1214 1565 1287 1608 cite,
1319 1563 1450 1598 fideliter
1473 1574 1502 1598 et
1525 1563 1706 1611 prudentem
1733 1575 1768 1597 ac
1795 1561 1956 1596 fundendo

1217 1626 1272 1661 pro
1308 1613 1399 1648 nobis
1428 1614 1494 1660 pias
1521 1613 1678 1648 orationes
1705 1612 1741 1646 ad
1769 1611 1956 1651 Dominum,

1216 1671 1248 1697 ut
1280 1662 1351 1710 Ipse
1380 1663 1409 1697 in
1445 1663 1629 1698 executione
1667 1661 1830 1709 pastoralis
1865 1660 1957 1695 officii

1215 1713 1260 1747 sic
1286 1725 1341 1747 sua
1369 1713 1481 1759 pietate
1504 1725 1562 1747 nos
1588 1712 1702 1758 dirigat
1723 1711 1806 1758 quod
1834 1719 1956 1758 gratum

1216 1762 1426 1797 ministerium
1455 1770 1596 1797 nostrum
1626 1762 1689 1803 fiat,
1718 1770 1748 1797 et
1773 1773 1860 1809 spem
1888 1773 1955 1796 cer-

1217 1820 1277 1846 tam
1301 1812 1339 1847 de
1368 1811 1456 1846 nobis
1478 1820 1508 1847 et
1530 1812 1677 1847 fiduciam
1700 1811 1851 1850 habituri,
1875 1811 1957 1859 quod

1217 1862 1304 1896 vobis
1332 1862 1360 1896 in
1395 1862 1442 1902 iis,
1476 1874 1556 1909 quae
1582 1861 1621 1896 ad
1648 1861 1772 1895 laudem
1795 1860 1872 1902 Dei,
1907 1873 1960 1895 ve-

1217 1920 1416 1958 strarumque
1442 1919 1555 1946 statum
1579 1910 1791 1945 Ecclesiarum
1819 1917 1960 1957 spectare

1220 1961 1405 2000 videbimus,
1438 1960 1572 1996 favorem
1601 1960 1734 1995 libenter
1755 1959 1960 2007 apostolicum

1219 2010 1450 2058 impendemus,

1268 2060 1382 2095 Datum
1419 2060 1562 2095 Laterani
1603 2060 1746 2094 kalendis
1774 2059 1962 2099 novembris,

1221 2110 1418 2157 pontificatus
1440 2110 1536 2145 nostri
1565 2122 1647 2144 anno
1675 2122 1695 2143 1.

1260 2170 1318 2201 Dat.
1335 2172 1381 2201 die
1402 2172 1408 2200 1
1431 2172 1595 2202 novembris
1617 2172 1698 2205 1303.
1715 2176 1793 2210 pont.
1814 2180 1924 2200 annot.

1575 2314 1612 2348 ll.

1222 2394 1311 2426 Nova
1338 2393 1528 2437 confirmatio
1550 2392 1668 2425 ordinis
1688 2393 1821 2436 fratrum
1852 2391 1964 2424 Servo-

1269 2454 1338 2475 rum
1374 2443 1410 2474 Β.
1444 2442 1566 2475 Mariae
1603 2442 1629 2473 V
1629 2441 1738 2485 iryim's
1771 2441 1826 2474 sub
1856 2441 1963 2484 requla

1271 2494 1304 2525 S.
1330 2492 1504 2535 Auyustim'.

1486 2556 1697 2586 SUMMARIUM

1224 2621 1408 2651 Prooemium.
1438 2638 1476 2643 --
1508 2621 1529 2649 Ι.
1561 2619 1698 2655 Quamvis
1731 2620 1776 2649 hic
1813 2619 1883 2648 ordo
1915 2628 1965 2659 per

1264 2665 1367 2694 Sedent
1394 2666 1491 2704 ⁴lpost.
1534 2665 1666 2694 videatur
1692 2664 1896 2696 confirmatus2
1928 2681 1965 2685 -

1962 268 2010 295 An.
2029 267 2056 293 C.
2079 268 2143 295 t505

1982 1075 2101 1096 Praesutnnt
2112 1076 2150 1095 im-

1969 1107 2035 1134 plorat
2052 1111 2134 1133 preces.
