2274 3265
456 268 525 302 700
988 277 1172 300 BULLAutttM
1197 277 1354 299 HOMANUM

407 331 555 368 Hibernia
583 327 734 363 caedibus
762 327 942 375 rapinisque
971 330 1114 374 turbata,
1137 332 1208 364 288
1243 343 1272 364 α.
1304 330 1389 365 Haec
1428 338 1586 377 patrantes
1620 332 1809 368 anathemati
1845 334 1950 369 subii-

506 379 646 420 ciuntnr,
668 378 742 410 ibid.
766 384 797 410 ct
821 389 880 421 seq.

409 427 591 474 Hieronymi
620 426 677 469 (S.)
704 425 743 459 de
766 424 890 461 chulis
913 426 1041 462 fratrum
1066 428 1275 462 Eremitarum
1291 428 1380 462 Ordo
1401 429 1606 464 confirmatur
1628 442 1700 465 cnm
1725 431 1871 466 facultate
1890 431 1949 466 alia

506 474 680 522 accipiendi
704 474 783 518 loca,
811 474 952 522 aliosque
976 476 1086 511 fratres
1107 477 1304 517 admittendi,
1332 478 1405 511 655
1426 491 1457 512 a.

410 525 618 562 Hierusalem.
652 525 686 557 V.
713 523 811 558 Terra
838 524 964 559 Sancta.

411 574 597 612 Homicidae
622 573 651 606 in
682 571 773 607 Statu
801 572 1024 608 Ecclesiastico
1053 575 1092 609 ad
1125 575 1617 621 pecuniariamcompositionem
1647 590 1709 612 non
1737 586 1812 613 sunt
1835 578 1954 614 admit-

507 623 612 662 tendi,
635 624 706 657 508
733 623 761 656 b.
785 621 819 656 In
845 623 935 657 terris
963 623 1163 658 baronalibus
1186 624 1216 658 in
1240 624 1380 660 districtu
1404 624 1500 660 Urbis
1520 626 1741 668 existentibus,
1765 628 1863 674 recipi
1887 628 1954 662 mi-

506 674 589 707 nime
613 683 703 718 posse
726 671 912 716 declaratur,
939 675 1000 706 721
1029 675 1057 707 b.
1081 672 1303 708 inobedientes
1325 674 1443 720 quibus
1467 675 1576 721 poenis
1598 675 1731 716 addicti,
1757 679 1825 711 722
1849 679 1876 711 b.

410 723 571 758 Honorius
597 720 638 755 lv
660 720 743 767 Papa
771 732 834 756 cxc
863 721 1000 767 eligitur,
1023 725 1068 756 67
1097 735 1127 756 α.
1156 722 1334 769 Encyclicis
1367 724 1466 758 literis
1499 724 1718 759 christifideles
1747 725 1955 771 promotionis

508 782 581 805 suae
603 769 754 805 certiores
782 770 910 811 faciens,
933 771 970 805 ad
999 771 1134 805 divinam
1157 771 1217 805 sibi
1241 784 1334 819 opem
1363 774 1430 807 suis
1454 773 1599 820 precibus
1626 774 1855 809 conciliandam
1880 786 1953 821 pro-

509 828 609 860 vocat,
631 820 707 853 ibid.

412 870 586 907 Honul'rius
613 867 709 902 abbas
732 870 912 903 monasterii
937 868 971 903 S.
994 870 1132 915 Spiritus
1154 869 1193 904 de
1213 869 1367 905 Sulmona
1396 870 1524 906 Valven.
1552 872 1707 907 dioecesis
1727 873 1955 919 congregatio-

511 920 559 953 nis
585 917 854 961 Coelcstinorum⁷
884 919 952 952 116
976 920 1003 952 b.

413 967 635 1016 Hospitalariis
656 966 690 1001 S.
710 966 837 1001 loannis
860 967 1137 1014 I‘Iierosolymitani
1162 967 1352 1003 habentibus
1378 969 1502 1005 annalia
1526 965 1753 1005 beneficiorum
1779 971 1956 1006 vacantium

510 1016 697 1052 conceditur
720 1025 752 1050 ut
778 1024 957 1051 accrescant
983 1016 1115 1060 fructus,
1138 1030 1218 1064 quos
1242 1018 1291 1052 illa
1315 1019 1492 1054 obtinentes
1514 1027 1544 1054 ct
1567 1032 1628 1054 uon
1653 1020 1829 1055 residentes
1853 1020 1958 1067 perci-

510 1067 615 1113 cipere
639 1074 779 1111 possent,
801 1066 874 1100 270
900 1078 931 1100 α.

413 1116 657 1152 Humiliatorum
686 1114 819 1148 Ordinis
847 1115 1058 1161 praepositos,
1093 1117 1237 1161 quamvis
1264 1117 1303 1150 ab
1325 1117 1506 1163 Apostolica
1541 1117 1626 1152 Sede
1653 1118 1692 1151 de
1729 1118 1958 1165 praeposituris

512 1164 663 1211 provisos.
686 1163 872 1198 correctioni
888 1173 917 1197 et
940 1164 1141 1198 obedientiae
1159 1166 1298 1210 magistri
1314 1167 1469 1211 generalis
1485 1167 1629 1201 eiusdem
1645 1166 1776 1201 Ordinis
1798 1167 1958 1202 subiectos

512 1215 576 1249 fore
604 1212 751 1257 declarat,
774 1214 845 1247 560
863 1226 893 1248 α.

414 1265 498 1299 Huss
520 1263 646 1298 Ioannis
667 1274 790 1296 errores
817 1262 1020 1303 damnantur,
1049 1264 1119 1297 665
1142 1276 1171 1297 a.

416 1512 549 1547 lacobus
567 1510 742 1557 Aragoniae
762 1522 827 1553 rex,
850 1509 933 1543 Petri
957 1521 1132 1552 successor,
1162 1522 1269 1555 pacem
1294 1511 1347 1545 init
1371 1523 1443 1545 cum
1460 1510 1606 1558 Philippo
1621 1511 1816 1546 Francorum
1834 1524 1905 1558 rege
1928 1521 1958 1546 et

513 1561 653 1596 Siciliam
680 1559 782 1605 Papae
812 1560 958 1597 restituit,
984 1561 1054 1593 150
1082 1561 1109 1592 b.
1136 1559 1319 1594 Bonil'acius
1349 1560 1482 1594 restituit
1515 1562 1542 1594 ei
1566 1562 1744 1606 Aragoniae
1772 1571 1799 1595 et
1836 1560 1961 1595 Valent.

515 1621 683 1656 regnorum
708 1609 775 1642 iura
798 1608 1010 1647 beneficiaria.
1042 1611 1103 1641 151
1133 1621 1162 1641 α.

416 1660 598 1693 lanuenses.
628 1660 662 1692 V.
686 1656 884 1692 Gennenses.

417 1709 531 1742 lesuati
555 1708 614 1742 sub
635 1708 747 1754 Apost.
770 1706 864 1741 Sedis
887 1706 983 1741 tutela
1007 1706 1223 1752 suscipiuntur
1245 1715 1273 1741 et
1296 1708 1335 1742 ab
1363 1708 1448 1742 omni
1473 1708 1614 1743 molestia
1639 1708 1861 1756 inquisitorum
1889 1708 1965 1743 liae-

515 1758 629 1792 reticae
658 1756 816 1804 pravitatis
840 1755 1025 1799 liberantur,
1050 1758 1119 1789 750
1141 1770 1170 1791 α.

417 1808 487 1842 Iesu
514 1806 632 1842 Christi
666 1807 695 1839 in
721 1806 827 1851 regnis
848 1805 1063 1851 portugalliae
1086 1805 1195 1840 Militia
1228 1806 1413 1847 instituitur,
1441 1809 1511 1840 277
1536 1820 1566 1841 α.
1593 1806 1715 1842 Dantur
1742 1807 1770 1841 ei
1801 1807 1964 1854 privilegia

515 1866 544 1890 et
573 1856 665 1894 bona,
688 1856 759 1889 280
787 1857 814 1889 b.
843 1854 978 1895 Statum,
1002 1856 1067 1888 281
1102 1856 1128 1888 b.

418 1905 575 1951 Hlegitimi
595 1905 631 1939 ad
656 1904 806 1938 beneficia
831 1917 893 1938 non
916 1912 989 1938 sunt
1017 1905 1234 1951 promovendi.
1268 1907 1303 1939 V.
1327 1905 1439 1940 Clerici
1469 1905 1635 1952 illegitimi.

417 1955 603 1990 lmmunitas
625 1953 854 1993 ecclesiastica.
879 1955 916 1987 81
948 1955 976 1987 b.

418 2005 607 2051 Imperatore
640 2003 731 2037 Rom.
761 2002 909 2043 obeunte,
933 2002 1054 2049 imperii
1085 2003 1224 2048 regimen
1259 2003 1295 2037 ad
1327 2004 1442 2038 Sedem
1471 2004 1582 2051 Apost.
1610 2003 1804 2047 devolvitur,
1831 2006 1902 2038 ⁰255
1931 2017 1961 2038 α.

516 2052 655 2087 Cuilibet
677 2053 736 2086 sub
759 2052 1096 2087 excommunicationis
1120 2065 1219 2099 poena
1242 2053 1643 2100 inter-diciturnetempore
1665 2053 1766 2087 dictae
1790 2055 1962 2088 vacationis

517 2102 619 2136 vicarii
650 2113 762 2135 nornen
792 2101 838 2134 vel
861 2101 998 2135 osticium
1027 2101 1084 2134 sibi
1110 2102 1256 2146 vindicet,
1278 2104 1353 2136 ibid.
1384 2111 1414 2136 et
1441 2105 1468 2136 b.
1497 2102 1586 2137 Hanc
1614 2103 1796 2148 dignitatem
1816 2103 1875 2136 sihi
1893 2103 1965 2137 vin-

517 2151 695 2185 dicantibus
733 2151 951 2197 obtemperare
979 2151 1170 2197 cuicumque
1195 2152 1404 2191 interdicitur,
1444 2154 1515 2185 ibid.
1552 2152 1679 2186 Poenae
1709 2161 1816 2186 contra
1847 2152 1966 2186 inobe-

518 2201 651 2239 dientes,
674 2202 744 2234 256
773 2213 803 2233 α.
832 2200 1068 2235 Rescinduntur
1098 2202 1258 2246 pactiones
1286 2214 1396 2235 omues
1423 2214 1519 2248 super
1547 2202 1604 2235 lioc
1640 2202 1753 2244 initae,
1787 2203 1861 2235 ibid.

422 2251 592 2297 Imperator
619 2262 683 2296 quo
709 2249 767 2283 ritu
791 2249 1004 2289 coronandus,
1027 2251 1097 2283 217
1121 2264 1150 2284 a.

422 2300 602 2346 lmperatrix
626 2311 688 2346 quo
712 2299 770 2333 ritu
794 2299 985 2338 coronanda,
1008 2301 1079 2333 219
1104 2301 1131 2333 b.

421 2349 547 2395 Imperii
572 2348 704 2382 Romani
735 2349 871 2382 vacantis
893 2361 967 2383 cura
995 2361 1059 2396 quo
1087 2350 1153 2383 iure
1180 2349 1218 2383 ad
1242 2349 1357 2383 Sedem
1382 2349 1600 2396 Apostolicam
1638 2349 1810 2396 pertineat,
1837 2351 1909 2383 234
1938 2351 1964 2383 b.

423 2398 651 2433 lucarnationis
674 2397 876 2437 beneficium,
902 2400 938 2432 l‘l
969 2411 998 2432 α.
1027 2398 1224 2445 Mysterium,
1254 2400 1324 2433 602
1352 2412 1383 2433 α.

422 2448 559 2482 Inclusio
586 2446 793 2481 cardinalium
820 2449 849 2481 in
874 2447 1025 2481 conclavi.
1064 2449 1094 2481 Γ.
1118 2448 1286 2482 Conclaris
1309 2448 1404 2492 leges.

424 2497 627 2531 innocentius
649 2496 675 2530 V
695 2496 778 2543 Papa
802 2509 935 2531 crxxxv
959 2497 1096 2542 eligitur,
1122 2499 1166 2530 55
1190 2510 1219 2530 α.
1247 2497 1373 2531 Fideles
1395 2498 1564 2545 encyclicis
1584 2497 1682 2532 literis
1705 2497 1836 2543 adeptae
1858 2497 1968 2543 digni·

523 2547 592 2581 tatis
619 2547 771 2580 certiores
795 2546 864 2581 facit
888 2559 922 2580 ac
946 2546 1106 2593 praesules
1138 2546 1175 2580 ad
1200 2558 1326 2592 operam
1353 2559 1408 2593 pro
1432 2560 1463 2581 re
1491 2547 1660 2582 christiana
1690 2547 1805 2582 tuenda
1833 2549 1967 2582 coniun-

523 2594 657 2641 gendam
686 2596 812 2634 excitat,
835 2598 908 2630 ibid.
938 2597 965 2629 b.
986 2604 1015 2629 et
1040 2608 1099 2641 seq.

426 2644 630 2679 Innocentius
652 2644 691 2677 Vl
716 2644 798 2691 Papa
822 2657 920 2679 ‹txctx
950 2645 1089 2691 cligitur,
1118 2646 1187 2678 502
1211 2647 1238 2678 b.
