2274 3265
0 3203 9 3265 ⁴⁴⁴

109 267 150 292 111.
169 266 198 292 (ἶ.
220 266 283 291 1531.)

901 264 1096 287 ntzNEntCTt's
1119 263 1164 286 xit
1195 263 1241 285 Pr.

338 318 385 347 cui
423 319 671 349 (lennunlandum.
709 337 744 341 —
783 319 865 348 lllius
898 320 1049 348 facultates

338 363 557 402 quales—228.
579 364 812 394 l‘raesitlentium
831 373 937 394 munus
954 363 1048 402 quoad

338 407 499 437 studentes
532 425 572 430 —
592 408 641 437 20.
671 408 750 444 Quae
780 417 831 446 per
853 407 1049 437 assumendos

338 451 372 480 ad
401 452 509 489 gradus
529 453 640 481 servari
660 452 794 482 debcant.
813 469 852 474 —
873 452 920 481 30.
943 451 1048 480 Socios

338 504 352 523 a
376 496 508 534 quolibet
525 497 667 526 canonico
687 496 861 526 beneficiato
886 495 1049 524 habendus.

337 555 375 561 -
393 540 440 569 31.
459 540 596 578 ltegutan
620 541 795 579 disciplinae
814 540 990 569 consulitur.
1012 556 1050 561 —

337 582 385 613 3⁹2.
410 583 579 614 Beneficiati
609 584 720 614 subditi
749 585 811 613 suis
844 583 1048 621 superioribus

337 627 534 658 declarantur.
563 646 602 652 —
629 630 676 659 33.
694 629 733 658 De
761 637 830 658 cura
855 629 1049 658 intirmorum.

335 687 374 693 —
399 673 446 703 34.
470 673 507 702 De
530 683 661 712 congruo
688 675 896 703 canonicorum
927 683 1050 703 numero

337 715 367 744 in
385 717 518 755 quolibet
540 718 718 747 monasterio
737 717 852 748 alendo.
875 735 914 740 -
935 718 982 747 35.
1010 717 1050 747 De

338 761 531 791 servitoribus
551 763 810 798 monasteriorum,
832 762 1050 798 Ecclesiarum,

336 809 387 834 etc.
409 822 449 828 —-
467 806 513 835 36.
536 805 662 836 Cavetur
680 815 716 836 ne
736 807 812 836 lauta
836 806 978 841 convivia,
998 807 1051 835 im-

337 849 538 889 moderatique
564 851 633 880 fiant
656 855 803 890 sumptus.
826 868 865 873 —-
883 851 929 880 37.
952 850 1048 886 Quili-

337 892 386 922 bet
409 894 568 931 religiosus
592 904 657 923 cum
688 895 768 924 socio
792 895 917 924 incedat.
939 912 977 916 —
1003 895 1050 924 38.

336 936 375 966 De
395 938 575 976 supradictis
593 939 711 968 statutis
731 938 932 968 observandis.
951 955 988 960 —
1004 939 1050 968 39.

336 980 374 1010 De
399 983 607 1020 promovendis
627 983 662 1012 ad
685 991 785 1012 sacros
804 982 934 1017 ordines,
952 999 991 1005 —
1018 982 1051 1011 Et

336 1030 431 1056 aetate
456 1027 633 1065 competenti
663 1027 698 1056 ad
717 1026 874 1056 obtinenda
898 1027 1050 1057 beneficia.

335 1086 374 1091 —-
389 1070 439 1100 40.
463 1070 566 1100 Vestes
589 1070 693 1110 quales
713 1080 780 1100 esse
796 1070 934 1100 debeant.
950 1088 988 1093 —
1003 1072 1051 1101 tt.

338 1112 375 1142 De
398 1113 516 1144 licentia
542 1115 665 1154 petenda
686 1119 752 1144 ante
778 1123 931 1152 egressum
955 1124 970 1143 e
990 1124 1052 1144 mo-

337 1158 485 1187 nasteriis.
504 1175 543 1180 —
556 1158 604 1188 42.
627 1157 666 1187 De
685 1168 743 1187 non
767 1158 923 1188 alienando
940 1159 1051 1198 absque

336 1201 454 1230 licentia
489 1201 574 1232 Sedis
608 1202 802 1240 Apostolicae.
835 1220 873 1225 —
904 1203 952 1232 43.
980 1203 1050 1232 Ficti

336 1250 506 1276 contractus
527 1246 731 1285 prohibentur.
747 1263 785 1268 —
799 1247 847 1276 44.
866 1247 963 1277 Mutua
980 1256 1052 1285 qno-

337 1289 423 1318 modo
449 1290 631 1327 recipienda.
654 1306 692 1311 —
713 1290 760 1319 45.
791 1290 963 1319 Locationes
986 1290 1053 1328 qui-

337 1332 393 1362 bus
412 1333 447 1362 de
471 1334 581 1369 causis,
600 1338 628 1363 et
646 1343 704 1372 quo
725 1338 809 1371 pacto
834 1334 996 1363 faciendae.
1014 1351 1053 1355 —

335 1377 383 1407 46.
411 1378 450 1408 De
473 1379 608 1416 registris
632 1384 660 1408 et
686 1379 826 1408 archiviis
848 1379 1051 1408 conficiendis.

335 1422 432 1452 -47,
450 1422 666 1452 Alimentorum
686 1422 977 1451 subministrationes
994 1432 1051 1451 non

335 1465 577 1496 differendae.—
591 1467 638 1497 48.
656 1466 699 1496 Ab
715 1475 768 1496 esu
784 1467 918 1496 carnium
935 1467 1052 1505 quando

335 1509 556 1541 abstinendum.
577 1528 617 1533 —
633 1511 681 1541 49.
707 1510 746 1540 De
765 1510 902 1540 accubitu
927 1510 956 1539 in
981 1510 1052 1540 [lor-

336 1555 579 1586 1nit0riis.—5O.
602 1555 771 1592 Privilegia‚
799 1556 910 1591 literae,
941 1555 1052 1584 instru-

338 1603 433 1628 menta
451 1623 458 1636 ,
501 1600 618 1639 aliaque
657 1599 776 1629 mobilia
817 1604 845 1628 et
887 1598 1051 1629 immobilIa

337 1652 390 1672 suo
420 1653 475 1673 non
500 1644 641 1674 movenda
665 1644 740 1673 loco.
763 1661 802 1665 —
835 1644 882 1672 51.
918 1642 957 1671 De
990 1642 1051 1672 sre-

336 1688 454 1727 quentia
487 1687 694 1717 celebrationis
718 1687 878 1717 missarum
916 1697 967 1726 per
1000 1697 1050 1716 sa-

336 1733 488 1762 cerdotes:
506 1749 545 1754 —
567 1732 613 1761 52.
636 1731 669 1762 Et
699 1737 952 1762 sacramentorum
976 1732 1051 1762 Poe-

336 1778 475 1808 nitentiae
511 1782 539 1807 et
569 1777 774 1808 Eucharistiae
812 1787 863 1817 per
890 1779 976 1807 alios,
1014 1795 1052 1800 —

335 1822 382 1852 53.
406 1822 444 1852 De
466 1822 637 1852 recitatione
660 1823 800 1851 horarum
829 1823 1050 1852 canonicarum.

335 1883 375 1888 —
392 1867 441 1896 54.
466 1866 506 1896 De
529 1867 712 1896 ornamentis
735 1871 762 1895 et
786 1867 863 1896 vasis
886 1867 990 1896 sacris.
1016 1883 1054 1888 —

337 1911 384 1940 55.
406 1910 573 1948 Religionis
600 1911 689 1940 huius
712 1910 847 1940 canonici
871 1911 906 1939 ad
935 1910 1052 1948 publica

339 1955 499 1985 tribunalia
523 1965 580 1985 non
615 1955 749 1985 trahendi
779 1955 807 1984 in
834 1954 1054 1984 criminalibus

338 2015 376 2020 -—
393 1998 440 2028 56.
463 1998 619 2028 Venationi
643 1999 686 2028 vel
719 1999 909 2037 aucupationi
929 2008 985 2028 non
1010 2000 1056 2028 in-

339 2042 489 2072 cumbant.
511 2059 550 2065 —-
572 2043 620 2072 57.
645 2043 731 2072 Arma
756 2042 829 2072 intra
853 2042 1053 2072 Ecclesiarum

338 2091 430 2126 septa,
453 2095 511 2115 non
541 2090 669 2116 teneant.
692 2103 731 2108 —
753 2087 799 2116 58.
822 2085 961 2116 Canonici
985 2096 1054 2116 suos

340 2131 508 2169 superiores
528 2135 704 2160 accusantes
724 2139 781 2170 quo
801 2135 885 2169 pacto
905 2131 1054 2160 audiendi.

340 2187 379 2192 —
400 2171 446 2199 59.
471 2170 630 2209 Disciplina
650 2171 807 2208 regularis,
826 2170 875 2199 ubi
890 2170 977 2199 fuerit
995 2171 1056 2199 col-

341 2210 432 2248 lapsa,
453 2210 599 2249 quomodo
629 2210 802 2249 reparanda.
824 2227 863 2231 —
881 2210 927 2240 60.
949 2210 1054 2239 Contra

341 2251 489 2288 peculium
514 2255 542 2279 et
565 2251 789 2291 proprietarios.
812 2266 850 2272 —
874 2250 920 2278 61.
949 2249 1053 2279 Contra

340 2290 579 2327 conspirationes
607 2294 635 2319 et
657 2290 875 2319 coniurationes
905 2290 1055 2318 facientes

340 2346 378 2351 —
400 2330 447 2359 62.
468 2329 506 2357 De
526 2329 656 2367 fugitivis
685 2334 712 2358 et
734 2330 846 2358 eiectis.
872 2346 911 2351 —
929 2329 975 2358 63.
1000 2329 1054 2358 Per

342 2370 504 2408 praemissa
518 2369 734 2399 ordinariorum
747 2369 803 2398 iuri
818 2378 873 2397 non
889 2369 1055 2406 derogatur.

340 2426 379 2431 —
400 2409 447 2438 64.
466 2408 544 2438 Haec
565 2413 670 2438 statuta
697 2409 844 2448 quomodo
868 2408 1055 2448 publicanda.

347 2475 505 2503 Benedictus
524 2475 666 2511 episcopus
686 2481 782 2504 servus
801 2481 941 2504 servorum
956 2474 1011 2506 Dei,

439 2520 472 2548 ad
503 2521 667 2556 perpetuam
686 2521 727 2548 rei
754 2520 923 2548 memoriam.

355 2583 401 2616 Ait
425 2582 571 2617 decorem
600 2582 762 2617 Ecclesiae
786 2593 921 2629 sponsae
937 2581 1008 2621 Dei,
1024 2591 1053 2616 et

132 2639 263 2662 Prooemium·
308 2642 487 2667 sanctarum
511 2632 700 2679 religionum
724 2631 923 2665 fundatarum
952 2631 983 2665 in
1011 2643 1058 2676 ea,

385 2689 460 2719 Ball.
483 2688 560 2719 Rom.
587 2688 642 2718 Vol.
665 2689 710 2718 IV.
881 2688 917 2717 54

1724 254 1794 286 4⁶23

1092 332 1185 367 quae,
1212 320 1284 353 licet
1318 319 1448 353 (liversis
1485 320 1649 355 distinctae.
1677 321 1739 355 sint
1766 333 1844 367 gra—

1093 370 1197 409 dihus,
1219 369 1247 402 in
1272 370 1368 403 11111115
1392 377 1493 403 tamen
1519 382 1608 403 verae
1637 371 1708 404 {idei
1734 382 1844 417 propo-

1092 420 1186 452 situm
1211 428 1372 461 coeuntes,
1391 420 1533 453 eamdem
1555 420 1728 454 Ecclesiam
1746 433 1843 454 venu—

1092 477 1173 503 stant
1194 468 1287 502 variis
1304 468 1433 501 1101111115
1456 469 1651 506 meritorum.
1671 481 1726 515 pro
1745 469 1845 503 iniun-

1092 526 1160 552 ctae
1196 517 1287 551 nohis
1321 517 1512 564 apostolicae
1549 518 1707 552 servitutis
1740 518 1844 552 officio

1092 567 1226 601 summis
1250 567 1361 612 vigiliis
1383 575 1411 599 et.
1436 566 1601 600 indefessis
1614 567 1730 601 studiis
1746 568 1845 600 inti-n-

1092 617 1215 656 (tontes,
1243 616 1280 650 ad
1309 628 1357 656 ea,
1385 628 1465 662 quac
1498 628 1553 662 pro
1589 616 1682 649 divini
1707 617 1845 650 nominis

1093 666 1196 707 laude,
1220 665 1413 711 religionum
1439 666 1577 711 ipsarum
1605 672 1733 705 statum,
1758 666 1846 712 puri-

1093 724 1198 759 tatem,
1222 715 1418 749 honestatem
1443 726 1578 753 morum,
1608 714 1761 759 regularis
1788 714 1845 748 ob-

1092 765 1265 800 servantiae
1299 764 1511 810 disciplinam,
1548 771 1577 797 et
1605 774 1764 797 sacrarum
1790 776 1846 810 pe-

1094 815 1192 849 ritiam
1225 814 1454 861 scripturarum
1500 813 1687 859 respiciunt,
1722 812 1846 847 labores

1094 871 1217 898 nostros
1244 863 1377 897 libenter
1413 861 1639 908 impendimus,
1668 869 1699 896 et
1721 873 1846 908 oppor-

1094 921 1187 947 tunae
1223 911 1436 946 solicitudinis
1485 910 1680 957 diligentiam
1715 910 1846 944 adhibe-

1094 975 1175 997 mus.
1195 961 1334 1008 Ideoque
1348 961 1428 994 inter
1447 960 1615 1006 religiones
1630 959 1707 994 alias
1722 960 1752 993 in
1768 972 1844 1006 agro

1093 1011 1235 1046 eiusdem
1266 1010 1419 1057 plantatas
1454 1008 1627 1047 Ecclesiae,
1654 1010 1690 1042 ad
1718 1009 1844 1055 religio-

1095 1073 1164 1095 nem
1180 1060 1406 1094 canonicorum
1428 1058 1619 1103 regularium
1642 1057 1764 1092 ordinis
1778 1070 1844 1092 san-

1093 1111 1133 1144 cti
1158 1109 1341 1155 Augustini,
1365 1108 1404 1141 ab
1430 1106 1548 1141 Christi
1571 1107 1719 1153 gloriosis
1741 1107 1845 1141 Disci-

1097 1159 1178 1205 pulis
1201 1159 1231 1191 in
1257 1157 1412 1204 primitiva
1435 1156 1577 1190 Ecclesia
1599 1156 1697 1190 sacris
1716 1156 1846 1190 institu-

1095 1208 1234 1242 tionibus
1255 1206 1437 1248 stabilitam,
1477 1213 1623 1251 gerentes
1659 1205 1846 1251 praecipuae

1094 1256 1231 1291 caritatis
1252 1255 1419 1293 affectum;
1455 1265 1492 1287 ac
1517 1254 1672 1297 uolentes,
1711 1265 1792 1300 quae
1815 1255 1846 1288 in

1094 1305 1202 1339 eadem
1229 1304 1378 1349 religione
1405 1303 1604 1337 reformanda
1627 1303 1847 1348 cognovimus,

1094 1354 1213 1401 absque
1238 1352 1469 1387 reformationis
1503 1352 1642 1385 remedio
1666 1352 1846 1397 praeterire:

1095 1404 1200 1437 omnia
1228 1414 1308 1449 quae
1329 1402 1358 1435 111
1384 1401 1538 1446 religione
1567 1401 1736 1447 praedicta,
1751 1409 1811 1435 tam
1833 1412 1848 1434 a

1097 1453 1193 1499 prima
1223 1452 1324 1498 ipsius
1351 1449 1561 1492 institutione,
1584 1461 1678 1496 qnam
1707 1462 1722 1482 a
1751 1450 1849 1484 sacris

1094 1501 1271 1536 canonibus
1293 1509 1366 1535 sunt
1388 1499 1554 1533 salubriter
1577 1499 1728 1538 instituta,
1750 1499 1850 1533 omni-

1096 1563 1135 1585 no
1159 1552 1286 1585 immota
1311 1551 1340 1584 in
1369 1561 1424 1582 sna
1450 1548 1596 1582 firmitate
1623 1560 1749 1582 manere
1772 1560 1851 1582 cen-

1095 1609 1216 1639 sentes;
1241 1599 1404 1637 nonnulla,
1431 1609 1512 1645 qnae
1526 1597 1720 1644 experientia
1740 1597 1851 1632 deesse

1098 1650 1250 1696 probavit,
1267 1658 1296 1682 et
1318 1647 1493 1695 supplenda
1507 1647 1608 1681 dictae
1619 1646 1779 1692 religionis
1794 1647 1851 1680 1111-

1096 1699 1176 1739 litas,
1200 1699 1344 1745 quinimo
1372 1697 1554 1734 necessitas
1583 1695 1762 1742 persuadet,
1785 1703 1848 1730 sta-

1097 1748 1212 1783 tuenda
1237 1747 1445 1795 providimus,
1471 1746 1500 1779 in
1524 1757 1557 1779 ea
1582 1745 1743 1792 perpetuis
1763 1745 1850 1779 sutu-

1097 1799 1138 1832 ris
1161 1796 1356 1844 temporibus
1377 1794 1581 1829 observanda.

1145 1851 1160 1890 ξ
1189 1851 1219 1880 t.
1244 1846 1418 1880 Statuimus
1460 1845 1565 1890 igitur,
1601 1850 1634 1877 ut
1655 1842 1783 1890 quando
1817 1843 1848 1877 in

1096 1896 1236 1931 Ecclesia
1265 1894 1447 1934 cathedrali,
1470 1893 1673 1932 monasterio,
1696 1905 1752 1926 seu
1781 1891 1850 1926 loco

1096 1946 1157 1980 alio
1180 1944 1342 1990 religionis
1364 1943 1520 1982 eiusdem,
1539 1942 1765 1976 canonicorum
1781 1953 1850 1976 cre-

1096 1996 1158 2029 atio
1181 1994 1272 2028 fuerit
1296 1992 1450 2031 facienda,
1481 1991 1587 2025 nullus
1614 1991 1782 2037 recipiatur
1804 1991 1850 2024 vel

1097 2044 1246 2078 induatur
1269 2043 1299 2076 in
1323 2043 1522 2080 canonicum,
1546 2040 1605 2074 11151
1630 2052 1761 2086 persona
1786 2039 1852 2073 ido-

1099 2106 1167 2136 nea,
1190 2092 1235 2125 vel
1264 2091 1302 2125 de
1325 2092 1418 2126 cuius
1454 2089 1623 2124 idoneitate
1645 2101 1718 2135 spes
1741 2089 1851 2122 verisi-

1098 2143 1180 2176 milis
1202 2141 1367 2184 habeatur,
1389 2149 1419 2174 et
1443 2139 1523 2182 talis,
1546 2150 1626 2185 quae
1649 2138 1723 2171 inibi
1749 2138 1779 2171 in
1803 2137 1852 2170 di-

1099 2192 1177 2225 vinis
1217 2191 1263 2224 vel
1284 2190 1352 2224 aliis
1375 2189 1443 2223 Deo
1467 2188 1563 2235 possit
1586 2195 1615 2221 et
1642 2187 1715 2221 velit
1746 2186 1851 2220 debite

1098 2240 1281 2288 impendere
1307 2239 1459 2284 obsequia
1481 2245 1675 2283 opportuna3
1706 2247 1744 2269 eo
1765 2236 1851 2282 quod

1099 2289 1280 2324 huiusmodi
1319 2289 1435 2322 creatio
1489 2295 1518 2319 et
1560 2285 1686 2320 habitus
1729 2284 1852 2318 traditio

1099 2340 1175 2374 liant
1202 2338 1328 2384 publice
1355 2336 1431 2371 infra
1451 2335 1617 2370 ecclesiam
1657 2334 1851 2373 monasterii,

1098 2402 1153 2422 seu
1176 2388 1273 2422 alium
1299 2386 1401 2421 locum
1424 2385 1665 2420 conventualem
1690 2382 1852 2429 religionis

1099 2437 1253 2477 eiusdem,
1281 2436 1339 2469 nisi
1367 2446 1458 2469 causa
1484 2432 1677 2468 rationabilis
1699 2444 1752 2466 eas
1777 2431 1850 2466 alibi

1100 2487 1166 2521 lieri
1201 2485 1358 2525 suaderet,
1396 2483 1555 2529 nullisque
1588 2480 1851 2529 promissionibus

1100 2548 1155 2571 seu
1191 2533 1449 2581 obligationibus,
1489 2544 1560 2566 cum
1602 2532 1776 2565 iuramento
1805 2529 1850 2564 vel

1100 2587 1180 2624 siue,
1208 2585 1356 2631 cuiquam
1383 2582 1546 2617 faciendis.
1574 2579 1669 2622 Quod
1696 2580 1720 2614 si
1759 2590 1853 2613 secus

1101 2643 1205 2669 actum
1234 2633 1339 2672 fuerit,
1367 2644 1404 2666 eo
1432 2632 1499 2679 ipso
1523 2630 1644 2665 irritum
1685 2628 1851 2672 habeatur5

1868 269 1899 294 111
1929 268 1956 293 C,
1977 269 2040 294 1550

1872 974 1951 994 causae
1992 980 2043 993 sun-

1859 1006 1946 1026 clcndae
1960 1007 2042 1025 consti-

1858 1039 1953 1057 tutionis.

1877 1853 2031 1874 cumanorum

1870 1885 2041 1910 recipiendorum

1916 1915 1990 1935 torma.
