2274 3265
113 271 162 297 An.
182 269 208 296 C.
229 271 295 298 ¹507

126 578 154 597 At·
177 583 240 603 >uper
264 577 283 596 lii

112 610 219 635 piurimuin
230 609 277 628 dole
282 612 295 628 t

140 1469 262 1497 Indictoque

108 1503 200 1523 concilio
248 1507 283 1527 pso
288 1505 292 1521 t

256 1538 294 1552 co-

107 1533 214 1552 biennium

109 1564 209 1589 gendum,

944 266 1087 289 CLEMENS
1114 265 1133 287 V
1162 266 1211 288 ΙΨ.

310 323 426 358 dictum
455 323 595 358 ordinem
627 336 681 370 per
703 332 803 358 certas
833 323 966 357 directas
994 335 1064 369 per-

310 384 413 411 sonas,
441 386 519 419 qnas
546 373 582 406 :id
601 373 659 407 boc
679 372 827 406 duximus
853 371 1062 418 deputandas,

309 434 405 468 super
424 422 603 468 praemissis
632 422 817 457 criminibus
832 430 861 456 et
880 420 1063 456 excessibus

311 471 546 519 inquirendum.

359 521 379 567 Q
404 524 458 555 te.
487 521 527 556 Iis
550 533 674 568 nempe,
697 532 776 566 quac
796 519 894 566 magis
913 519 987 554 flere
1010 532 1064 553 co-

287 571 415 617 giinur
447 584 539 626 ipram
575 582 708 610 natumiaie
745 582 798 604 cor
821 577 962 604 nostrum
992 582 1064 616 pas-

311 621 400 655 sione
429 621 520 654 nimia
545 620 713 659 cruciatur,
734 628 764 653 et
786 631 858 653 cum
882 628 964 654 tauta
991 632 1064 666 pro-

313 670 385 704 inde
422 670 510 704 nobis
539 669 701 703 immineat
736 668 882 714 gemendi
922 669 1063 709 materia,

311 720 416 754 fletum
438 734 496 753 non
522 731 691 765 possumus
713 717 882 753 declinare.
910 718 1061 760 Quisnam

310 769 483 803 catholicus
511 769 588 803 baec
614 768 758 808 audiens,
793 768 886 802 nimis
909 781 972 803 non
1000 769 1063 802 do-

311 818 369 853 lcat
391 828 421 853 et
445 826 627 865 prorumpat
650 819 680 852 iu
704 818 844 852 luctum?
883 817 964 860 Quis
986 818 1064 853 lide-

309 868 347 903 lis
374 868 550 902 buiusuindi
574 868 735 903 sinistrum
764 877 913 902 eventum
947 868 1063 903 intelli-

307 930 394 964 gens,
422 931 525 952 amara
549 930 610 952 nou
635 918 755 953 emittat
777 918 922 964 suspiria,
952 918 1063 952 verba-

307 979 369 1014 que
390 967 621 1002 lamentationis
643 975 672 1002 et
695 967 926 1003 moestitudinis
953 980 1014 1002 non
1030 980 1064 1002 e-

309 1025 424 1063 ruptet,
452 1030 522 1051 cuin
554 1026 614 1051 tota
643 1017 855 1052 christianitas
879 1017 1062 1052 huiusmodi

307 1066 423 1101 doloris
445 1071 483 1102 sit
512 1067 678 1114 particeps,
706 1077 735 1102 et
768 1067 820 1102 liic
852 1079 943 1102 casus
978 1067 1062 1101 side—

308 1115 352 1150 tes
368 1117 518 1164 percutiat
541 1117 712 1151 uniret·sos.
729 1117 776 1151 Ex
794 1116 841 1151 liis
857 1117 960 1156 etiam,
985 1117 1060 1151 dum

307 1165 479 1200 ministerio
502 1166 626 1201 debitae
648 1166 910 1201 considerationis
939 1175 1062 1201 nostrae

309 1216 420 1250 mentis
456 1224 674 1262 praesentatur
712 1215 893 1258 obtutibus,
921 1215 1003 1261 ignis
1030 1216 1060 1249 iu

309 1265 423 1300 nostris
457 1265 714 1299 meditationibus
747 1264 932 1303 exardescit,
967 1273 997 1299 et
1023 1265 1060 1299 ad

308 1322 390 1349 tanta
413 1313 594 1349 discrimina
619 1314 796 1355 relevanda,
828 1314 965 1360 suspirat
986 1314 1062 1348 affe-

308 1371 388 1404 ctus,
405 1363 491 1397 zelus
507 1363 700 1404 accenditur,
715 1372 745 1398 et
762 1364 891 1410 spiritus
906 1364 1060 1398 anxiatur.

355 1414 375 1459 Q
415 1415 469 1446 15.
511 1413 557 1446 Ad
588 1413 673 1459 quod
712 1425 784 1447 cum
819 1425 876 1448 nos
917 1412 1061 1447 sufficere

307 1462 474 1496 commode
498 1475 558 1496 non
585 1475 676 1508 posse
699 1463 846 1504 sciamus,
871 1462 1009 1497 levamus
1031 1475 1062 1497 o-

308 1511 396 1546 culos
431 1521 555 1546 nostros
583 1512 618 1546 ad
649 1521 799 1552 montem,
828 1521 965 1547 montem
994 1512 1062 1559 qui-

307 1560 378 1596 dem
402 1560 471 1601 Dei,
496 1570 633 1595 montem
664 1561 804 1602 uberem,
833 1570 970 1596 montem
996 1575 1062 1609 pin-

306 1623 412 1656 guem,
437 1611 518 1645 uude
541 1620 755 1658 opportunum
784 1612 874 1646 nobis
896 1612 1060 1658 proxenire

307 1661 458 1695 auxilium
488 1670 515 1695 ct
540 1661 699 1696 lininilitcr
721 1662 869 1708 petimus,
892 1669 922 1696 et
949 1661 1060 1696 devote

306 1723 487 1758 speramus:
512 1719 540 1745 ct
564 1713 634 1758 quia
658 1711 783 1746 salubre
800 1712 830 1746 in
853 1711 903 1746 bis
919 1711 1058 1746 adbiberi

306 1760 479 1795 remedium
522 1761 650 1795 init—rest
681 1761 867 1807 generaliter
905 1762 1059 1801 omnium,

307 1822 364 1845 nos
386 1823 457 1845 cum
475 1811 594 1845 eisdem
617 1811 764 1845 fratribus
782 1811 908 1855 nostris,
926 1811 1058 1858 aliisque

307 1860 379 1894 viris
403 1860 609 1907 prudentibus
632 1869 742 1896 exacto
763 1873 798 1896 ac
822 1861 976 1908 frequenti
1003 1869 1060 1895 tra·

306 1918 391 1944 ctatu
415 1909 609 1957 praehabito,
639 1919 731 1957 prout
759 1918 860 1945 tautae
887 1911 1060 1946 necessita-

308 1960 347 1994 tis
370 1959 511 1994 instantia
536 1960 690 2005 exigebat,
709 1961 747 1995 de
766 1960 904 2007 ipsorum
928 1960 1057 1994 fratrum

307 2009 451 2049 consilio,
470 2009 644 2044 universale
662 2011 844 2051 concilium,
860 2010 939 2044 sicut
956 2010 1060 2044 imita-

309 2059 391 2093 tione
406 2058 500 2104 digua
519 2069 699 2095 sanctorum
717 2060 847 2094 Patrum
864 2059 1059 2094 cousuetudo

309 2107 473 2143 laudabili«.-
501 2109 669 2154 longacrae
697 2110 923 2145 observationis
950 2122 1059 2144 exem-

310 2158 360 2204 plo
385 2171 440 2192 nos
464 2159 597 2203 instruit,
622 2172 636 2193 a
660 2160 810 2207 proximis
838 2159 899 2194 kal.
924 2159 1060 2194 octobris

310 2207 347 2241 ad
374 2208 452 2242 duos
474 2221 571 2242 annos
600 2209 778 2244 immediate
810 2218 978 2257 sequentes
1004 2209 1060 2243 de-

309 2257 466 2292 crevimus
500 2259 766 2304 congregandum,
809 2267 841 2294 ut
877 2259 906 2293 iu
934 2271 970 2293 eo
998 2267 1059 2294 tam

310 2307 390 2341 circa
413 2307 531 2342 dictum
554 2309 708 2353 ordinem,
732 2318 761 2344 et
784 2321 933 2356 personas
955 2309 1060 2355 siugu-

312 2357 402 2400 lares,
424 2366 454 2391 et
476 2357 554 2391 bona
577 2359 734 2399 ciusdem,
756 2368 785 2393 et
808 2359 877 2399 alia,
900 2371 981 2406 quae
1004 2367 1059 2393 sta

312 2415 376 2440 tum
400 2415 530 2452 tangunt
554 2408 624 2441 fidei
655 2408 836 2449 catholicae,
859 2421 952 2455 quam
980 2408 1060 2443 circa

313 2457 581 2504 recuperationem
605 2467 634 2491 ct
653 2457 832 2492 subsidium
849 2458 963 2493 Terrae
986 2458 1062 2493 San-

311 2516 390 2547 ctae,
417 2519 453 2541 ac
496 2508 737 2554 reparationem,
772 2508 997 2543 ordinationem
1032 2516 1061 2541 ct

313 2556 513 2591 stabilitatem
541 2557 822 2591 cc«-lrsiasticarnin
857 2570 1059 2603 personarunt

313 2615 341 2640 et
377 2606 556 2640 libertatum
597 2621 706 2640 norunt
732 2607 796 2647 illzi,
831 2606 896 2640 1)·—‹›
919 2609 1060 2654 attspit't·,

313 2657 473 2691 cunimuni
496 2657 626 2691 consilio
655 2658 830 2691 inveniatur
855 2658 1001 2703 provisio,
1033 2666 1061 2690 et

1734 255 1798 289 191

1107 321 1249 355 ‹iusdcm
1272 322 1497 368 approbatione
1525 323 1650 358 concilii
1680 322 1857 358 roboretur3

1109 383 1163 417 pei
1171 371 1460 406 cuiussalutiseram
1471 374 1688 408 executionem
1704 381 1799 408 ttrtus
1808 373 1858 407 ΑΙ

1107 419 1230 461 tissimi,
1245 420 1412 456 eliminatis
1425 422 1595 462 erroribus,
1617 422 1759 457 roborata
1785 422 1858 462 fide.

1105 469 1142 503 ad
1167 469 1321 504 tramitem
1346 472 1480 506 veniatis
1503 472 1640 507 reductis
1667 473 1858 515 errantibus,

1107 518 1316 565 redintegrata
1338 520 1480 554 eiusdem
1509 521 1580 555 fidei
1606 522 1735 565 unitate,
1762 523 1859 557 extir-

1107 569 1186 615 patis
1209 570 1301 613 vitiis,
1333 569 1563 617 virtutibusque
1594 570 1756 618 plantatis,
1786 584 1859 606 cor-

1106 618 1199 653 rectis
1221 618 1418 664 excessibus,
1441 620 1583 655 moribus
1606 621 1792 664 reformatis,
1816 633 1858 655 re-

1107 669 1224 715 pressis
1260 669 1541 716 oppressionibus,
1575 669 1718 705 libertate
1758 670 1857 704 solida

1106 718 1274 753 stabilitate
1298 720 1428 763 munita,
1457 720 1648 766 recuperatis
1675 720 1858 766 deperditis,

1105 776 1134 802 et
1148 768 1290 803 eiusdem
1306 768 1422 804 Terrae
1439 776 1519 804 statu
1536 781 1685 816 prospero
1704 778 1858 816 reparato,

1106 826 1256 865 occupata
1298 819 1451 863 restituat,
1500 827 1616 854 vastata
1651 827 1804 854 restauret
1829 827 1859 853 et

1105 877 1281 912 conseixet,
1316 868 1470 923 uobisque
1503 869 1581 904 viam
1616 869 1734 916 aperiat
1774 868 1858 903 idem

1106 916 1186 972 lpse,
1199 918 1362 964 quinovit,
1387 927 1417 953 et
1444 918 1622 953 facultatem
1640 918 1756 953 tribuat
1774 918 1858 974 Ipse,

1105 967 1159 1013 qui
1184 976 1295 1014 potest,
1319 977 1351 1002 ut
1373 968 1419 1003 sic
1442 968 1472 1002 in
1497 968 1675 1015 praemissis
1702 969 1786 1003 iuxta
1814 968 1859 1002 in-

1107 1025 1228 1051 tensum
1252 1017 1347 1052 animi
1376 1018 1473 1053 nostri
1501 1017 1692 1053 desiderium
1721 1017 1780 1052 sibi
1804 1018 1858 1052 mi

1106 1066 1237 1101 nistrare
1269 1067 1428 1114 possimus
1454 1067 1632 1108 salubriter,
1666 1067 1751 1114 quod
1775 1067 1856 1102 idem

1105 1127 1197 1150 verus
1218 1116 1361 1151 eiusdem
1386 1117 1572 1152 universalis
1588 1116 1734 1164 Sponsus
1752 1116 1857 1152 Eccle-

1104 1165 1167 1199 siae
1194 1166 1293 1213 ipsam
1317 1165 1464 1201 dilectam
1492 1179 1581 1202 suam
1610 1175 1772 1213 purgatam
1795 1179 1858 1201 ma-

1105 1214 1196 1259 culis,
1237 1216 1389 1250 munitam
1430 1216 1564 1260 virtute,
1609 1228 1644 1251 ac
1684 1216 1858 1250 monilibus

1103 1272 1257 1303 ornatam,
1281 1277 1374 1300 unam
1397 1277 1523 1312 semper
1544 1265 1656 1300 habeat
1689 1274 1720 1300 et
1747 1265 1859 1300 formo-

1104 1326 1170 1348 sam
1193 1313 1231 1348 ad
1258 1314 1307 1348 sui
1343 1315 1481 1349 nominis
1507 1315 1633 1350 laudem
1656 1323 1687 1349 et
1712 1314 1858 1361 gloriam,

1103 1364 1140 1397 ad
1163 1363 1340 1398 animarum
1364 1364 1551 1410 profectum,
1576 1363 1671 1399 robur
1693 1364 1777 1408 fidei,
1804 1377 1859 1412 pa-

1104 1425 1171 1447 cem
1207 1421 1236 1447 et
1270 1413 1490 1449 exaltationem
1536 1414 1641 1461 popoli
1683 1413 1857 1448 christiani.

1103 1462 1184 1503 Quia
1211 1475 1283 1497 vero
1307 1464 1488 1510 prosecutio
1511 1465 1586 1498 tanti
1609 1464 1760 1510 propositi
1784 1472 1859 1498 tem-

1104 1523 1178 1558 pore
1207 1512 1336 1559 indiget,
1361 1521 1393 1547 ut
1415 1513 1586 1548 deductum
1616 1513 1768 1548 maturius
1790 1513 1860 1548 faci-

1103 1562 1174 1602 lius,
1197 1571 1325 1597 auctore
1350 1563 1500 1608 Domino,
1533 1563 1680 1598 effectum
1714 1562 1857 1598 debitum

1103 1612 1261 1652 sortiatur,
1291 1612 1486 1659 praedictum
1510 1622 1636 1661 tempus
1657 1612 1695 1647 ad
1719 1612 1749 1647 id
1771 1613 1859 1648 duxi-

1103 1674 1173 1696 mus
1201 1661 1432 1709 deputandum.

1151 1713 1250 1754 §14
1274 1711 1366 1746 Unde
1385 1712 1618 1748 venerabilibus
1640 1712 1788 1748 fratribus
1806 1726 1856 1748 no-

1101 1761 1174 1795 stris
1214 1761 1473 1809 archiepiscopis,
1513 1763 1671 1811 episcopis
1696 1775 1732 1798 ac
1770 1763 1856 1798 dile-

1102 1811 1159 1845 ctis
1181 1810 1254 1846 filiis
1276 1811 1402 1867 electis,
1423 1812 1600 1856 abbatibus,
1618 1812 1788 1860 prioribus,
1804 1812 1856 1847 de-

1101 1860 1200 1900 caniS‚
1233 1861 1432 1909 praepositis,
1471 1862 1713 1905 archidiaconis,
1750 1863 1855 1898 archi-

1103 1910 1304 1958 presbyteris,
1327 1920 1356 1946 ct
1379 1911 1447 1946 aliis
1464 1911 1678 1947 Ecclesiarum
1699 1912 1854 1960 praelatis,

1102 1961 1256 2007 exemptis
1305 1969 1335 1995 et
1375 1973 1436 1996 nou
1472 1962 1639 2009 exemptis,
1683 1975 1855 2009 eorumque

1101 2009 1246 2056 capitulis
1264 2019 1294 2045 et
1328 2011 1538 2046 conventibus
1556 2024 1612 2059 per
1632 2011 1709 2048 alias
1735 2021 1855 2047 nostras

1103 2059 1208 2094 literas
1233 2060 1457 2108 praecipiendo
1485 2061 1681 2102 mandamus,
1706 2070 1737 2096 ut
1759 2062 1854 2096 iidem

1103 2109 1345 2164 archicpiscopi,
1374 2123 1495 2146 necnon
1520 2120 1551 2146 et
1577 2113 1689 2146 caeteri
1716 2111 1854 2167 episcopi

1103 2172 1159 2206 per
1181 2172 1321 2215 ipsorum
1342 2161 1652 2208 archiepiscoporum
1676 2162 1855 2216 provincias

1103 2210 1266 2245 constituti
1290 2210 1322 2244 in
1345 2210 1465 2245 eisdem
1489 2210 1586 2245 literis
1608 2211 1758 2245 nominati
1781 2238 1791 2251 ,
1810 2223 1855 2245 re-

1102 2258 1223 2313 liquis
1219 2272 1359 2307 ipsorum
1381 2260 1602 2307 episcoporum
1622 2261 1651 2294 in
1671 2260 1762 2295 dictis
1786 2273 1855 2315 pro-

1104 2321 1214 2344 vinciis
1243 2309 1479 2344 remanentibus
1500 2310 1538 2345 ad
1565 2322 1612 2350 ea,
1640 2322 1720 2357 quae
1743 2311 1854 2357 ponti-

1104 2358 1192 2393 ficale
1210 2358 1344 2394 officium
1368 2360 1508 2405 exigunt,
1530 2368 1589 2394 tam
1609 2360 1641 2395 in
1664 2360 1740 2400 suis,
1759 2372 1851 2407 qnam

1105 2408 1229 2443 illarum
1263 2387 1438 2444 dictarumD
1448 2409 1692 2456 provinciarum,
1727 2411 1779 2456 qui
1814 2409 1851 2444 ad

1105 2458 1286 2493 huiusmodi
1311 2458 1481 2493 concilium
1518 2459 1692 2493 universale
1717 2471 1850 2494 accesse-

1105 2509 1176 2552 rint,
1199 2508 1373 2542 ciritatibns
1387 2516 1416 2542 et
1438 2508 1634 2543 dioecesibus
1667 2509 1851 2544 exercenda.

1105 2558 1187 2591 nnini
1219 2558 1404 2601 negligentia
1435 2559 1580 2604 relegata,
1608 2560 1731 2592 cunctis
1760 2571 1849 2605 prnnt

1106 2609 1173 2641 talis
1201 2618 1229 2641 ct
1254 2608 1326 2640 tanti
1358 2609 1470 2653 negotii
1494 2608 1624 2654 qualitas
1651 2609 1755 2654 exigit,
1784 2609 1850 2643 dis-

1105 2658 1214 2703 positis
1241 2665 1268 2690 rt
1293 2657 1416 2704 paratis,
1439 2659 1482 2692 sic
1516 2658 1618 2692 medio
1651 2666 1790 2705 tempore
1818 2673 1851 2694 se

1870 267 1919 294 An.
1938 266 1966 293 C.
1986 268 2051 295 150⁷

1897 1723 2023 1751 Maurusque

1871 1756 1971 1781 praetatis
1986 1757 2055 1776 omni*

1870 1786 1906 1806 bus
1910 1803 1914 1811 ,
1944 1791 1965 1806 ut
1988 1786 2053 1806 Vien—

1870 1824 1902 1838 nui
1904 1825 1916 1837 n
1936 1820 1990 1838 iutra
2013 1818 2052 1838 huc

1869 1853 1950 1876 tenipus
1989 1854 2053 1869 acce-

1869 1882 1907 1901 dun
1903 1884 1925 1903 it,
