2274 3265
201 255 252 281 An.
270 254 299 281 C.
318 255 385 281 ¹299

202 314 385 370 Ιξιτιέιιιιιιιιιιαοιιιὲ-
400 306 515 347 cennii
538 305 577 340 ab
599 304 710 339 eodem
728 304 968 350 praedecessoie
984 313 1150 351 statutum,

201 381 247 395 ueni
243 377 310 395 nluni

206 710 228 730 tii
239 711 290 731 iim-
299 710 381 737 populi·

198 741 297 767 explicui-l
319 747 381 767 prae—

200 1987 286 2007 tradet..
298 1993 378 2013 poenus

193 2021 279 2037 tiiinaliii

192 2049 236 2068 effi·
262 2055 294 2067 ,ιιιι
316 2050 378 2068 terris

189 2112 239 2131 ml
271 2114 289 2130 τι
311 2086 378 2130 gisen]
395 2080 617 2127 piignationem
637 2080 775 2115 fidelium
799 2089 831 2115 et
849 2081 1056 2115 detinentium
1073 2081 1148 2116 Tei·-

202 2148 217 2152 ἰ
244 2143 247 2155 Ι

300 2024 332 2040 iis.
344 2019 377 2043 qui

451 244 521 276 i54

400 367 500 402 usque
523 354 560 389 ad
588 353 671 388 aliud
699 353 887 388 decennium
933 367 1148 401 piorogamiis:

401 406 439 439 ita
477 403 560 451 quod
589 403 729 438 districte
754 403 965 450 praecipimus
1008 417 1047 439 ne
1093 404 1151 439 ali-

399 454 472 500 quis
500 453 642 487 victualia
686 452 788 499 aliqua
829 453 860 486 iii
901 453 1150 497 Alexandriam,

401 503 446 537 vel
469 502 507 537 ad
533 510 635 549 partes
663 501 792 549 AEgypti
817 502 918 537 mittat
942 502 987 537 vel
1019 502 1150 546 deserat,

399 552 444 586 vel
469 560 621 599 quantum
650 550 680 585 iii
719 563 756 585 eo
783 559 840 595 est,
863 551 974 586 deferri
998 551 1046 585 vel
1069 552 1148 586 mitti

401 601 568 647 permittat:
592 609 622 635 et
645 613 710 644 eOS,
738 600 791 646 qui
815 612 908 635 secus
931 601 1072 643 fecerint,
1100 601 1152 636 de-

398 651 560 685 cernimus
587 650 786 697 supradictas
809 650 981 684 sententias
1008 660 1038 685 et
1072 662 1151 697 poe-

398 712 453 734 nas
476 700 636 734 incurrere
661 699 728 746 ipso
745 699 836 733 facto:
861 706 891 734 et
913 699 951 733 tle
976 711 1056 733 novo
1082 712 1150 734 mo-

397 761 510 784 nemus
538 749 731 784 venerabiles
754 749 863 783 fratres
894 757 1029 789 nostr,0s
1052 749 1152 783 arclii-

397 799 580 846 episcopos,
604 799 783 845 episcopos,
810 808 932 831 necnon
956 797 1065 838 duces,
1094 810 1150 844 po-

398 856 536 887 testates,
552 848 746 894 capitaneos,
770 854 918 887 icctoies,
941 847 1149 886 consiliarios,

396 896 651 937 communitates,
685 896 908 931 universitates
944 905 975 930 et
1015 896 1150 951 populos

396 947 539 981 omnium
563 953 593 980 et
622 945 818 991 singularum
859 945 1017 979 civitatum
1055 946 1150 981 inari—

396 996 542 1030 iimarum
598 996 837 1029 constitutarum
874 994 1031 1050 ubilibet,
1072 995 1150 1042 ipsis

397 1045 551 1079 universis
574 1052 604 1078 et
631 1043 764 1089 sinuatis
788 1044 989 1079 districtius
984 1045 1150 1090 iniungen-

395 1103 452 1138 tes,
482 1103 513 1128 ut
537 1093 632 1128 iidem
668 1093 899 1140 archiepiscopi
941 1102 971 1128 et
1006 1094 1146 1141 episcopi

394 1156 428 1177 ia
452 1143 558 1177 omnia
586 1143 616 1177 in
641 1143 822 1177 civitatibus
843 1155 966 1187 eornm,
989 1152 1019 1178 et
1046 1156 1077 1177 in
1101 1144 1148 1178 lo-

393 1192 438 1226 ris
461 1191 638 1238 insignibus
660 1204 787 1227 suarum
815 1192 998 1227 dioecesum
1041 1205 1145 1228 coram

395 1241 511 1288 populo
539 1241 714 1288 publicent,
751 1250 782 1276 et
820 1242 934 1276 faciant
976 1254 1031 1288 pei·
1068 1242 1148 1277 alios

393 1291 576 1325 solemniter
604 1290 769 1337 publicari,
794 1291 938 1325 iubentes
960 1300 990 1326 et
1025 1291 1145 1326 facien-

393 1349 439 1374 tes
463 1341 528 1387 ipsa
552 1352 568 1374 a
592 1340 737 1380 ducibus,
761 1339 981 1387 potestatibus,
1020 1341 1147 1387 capita—

394 1390 471 1429 iieis,
495 1389 682 1434 rectoribus,
710 1389 1003 1433 communitatibus,
1024 1403 1147 1425 univer

392 1438 537 1472 sitatibus
559 1447 590 1473 et
614 1439 757 1485 peisonis
779 1417 1003 1485 singularibus
1017 1440 1146 1486 provin-

393 1487 524 1528 ciarum,
547 1488 708 1523 civitatum
733 1496 763 1523 et
786 1488 927 1523 locorum
957 1489 1146 1523 authoritate

393 1546 497 1572 nostra
514 1536 734 1572 inviolabiliter
751 1537 928 1578 observare,
945 1537 1043 1573 duces
1058 1550 1145 1578 vero,

393 1594 577 1632 potestates,
605 1586 774 1634 capitanei,
815 1595 964 1631 rectores,
1000 1587 1145 1628 consilia,

391 1643 636 1670 communitates
658 1644 687 1670 et
705 1644 924 1671 universitates
942 1649 1046 1671 omnia
1061 1649 1147 1683 prae-

391 1685 472 1719 dicta
501 1686 531 1719 in
555 1684 731 1720 cartulariis
758 1693 787 1719 et
815 1686 1042 1732 capitularibus
1069 1686 1146 1720 civi-

392 1743 488 1768 tatum
513 1734 560 1768 vel
595 1735 858 1769 communitatum
900 1748 1027 1770 suarum
1067 1747 1147 1770 con-

392 1783 485 1818 scribi
509 1784 634 1818 faciant:
665 1784 794 1831 ipsaque
817 1783 987 1820 observent
1014 1784 1147 1820 firmiter

392 1841 422 1866 et
450 1834 563 1868 saciant
599 1846 614 1867 a
654 1833 720 1868 suis
754 1833 888 1868 subditis
928 1834 1147 1869 iuviolabiliter

393 1883 566 1917 observari.

441 1932 461 1979 g
488 1933 519 1965 6.
544 1932 585 1966 Et
608 1931 646 1966 ad
669 1932 925 1967 subtrahendum
948 1932 1048 1972 lucra,
1080 1932 1145 1967 red

394 1981 478 2015 ditus
506 1990 536 2015 et
577 1989 760 2028 proventus,
795 1982 913 2029 quibus
948 1982 1146 2017 babilonicos

396 2032 494 2065 liostis
522 2031 664 2065 insanius
693 2031 802 2066 sortior
830 2031 973 2066 redditur
1007 2032 1045 2066 ad
1085 2033 1146 2066 im-

395 2142 458 2164 rani
486 2129 647 2175 Sanctam,
671 2138 700 2164 et
727 2130 784 2165 alia
807 2131 1050 2165 christianorum
1068 2130 1146 2175 loca,

395 2191 476 2226 quae
503 2181 649 2227 nequiter
671 2180 845 2228 occupavit,
870 2180 1001 2215 firmiter
1027 2181 1146 2221 statuit,

396 2229 490 2263 certis
512 2228 722 2276 gravibusque
756 2230 866 2277 poenis
900 2230 1074 2277 appositis,
1116 2238 1147 2264 ut

397 2278 505 2313 nullus
531 2278 662 2314 omnino
684 2291 812 2314 suarum
836 2280 1148 2320 civitatuni,eorum-

397 2341 458 2375 que
486 2328 632 2363 territorii
674 2340 729 2364 seu
759 2329 930 2371 districtus,
969 2329 1006 2364 ad
1049 2338 1148 2365 terras

398 2377 536 2412 Soldano
570 2378 729 2413 subiectas
764 2379 902 2420 accedat,
940 2379 1148 2414 mercationes

398 2427 519 2474 aliquas
542 2427 625 2469 ferri,
657 2439 830 2467 armorum,
873 2429 1083 2475 lignaminiim
1119 2437 1148 2463 et

399 2477 529 2511 aliarum
553 2489 656 2511 rerum
680 2478 895 2524 quarumlibet
928 2478 1047 2513 deserat
1084 2479 1149 2513 sive

400 2527 511 2567 mittat,
533 2526 657 2574 sibique
680 2527 725 2562 vel
749 2528 816 2562 suis
840 2536 975 2575 praestet
997 2527 1147 2563 auxilium

401 2575 447 2610 vel
470 2576 630 2617 savorem;
658 2588 712 2611 eos
729 2605 736 2619 ,
767 2579 819 2625 qui
862 2590 955 2613 secus
995 2586 1149 2613 attentare

402 2627 690 2672 praesuinpseiint,
725 2639 780 2673 per
817 2628 997 2664 exactiones
1031 2640 1149 2675 poena-

988 251 1067 274 BULl.
1071 251 1174 273 Attium
1202 251 1363 273 ROMANUM

1193 319 1260 341 rum
1303 305 1515 340 adhibitas-um
1558 305 1725 340 efficaciter
1759 307 1945 352 puniendo;

1194 368 1254 390 non
1277 354 1421 396 moleste,
1444 355 1496 389 sed
1521 366 1592 389 cum
1610 354 1762 401 patientia
1780 356 1944 402 portaturi,

1192 404 1275 451 quod
1306 412 1563 450 praesumptores
1580 403 1763 438 huiusmodi
1790 412 1850 439 tam
1891 417 1945 452 per

1192 453 1366 498 Ecclesiae,
1396 466 1491 500 quam
1531 466 1586 500 pei·
1632 453 1766 488 alioruin
1814 453 1945 499 galeas,

1191 503 1314 550 aliaque
1337 515 1407 538 vasa
1431 502 1584 543 fidelium,
1607 502 1689 537 iuxta
1712 502 1943 538 ordinationem

1191 564 1247 586 seu
1271 552 1511 599 dispositionem
1537 551 1735 598 Apostolicae
1762 551 1857 587 Sedis
1886 553 1945 587 im-

1193 613 1277 647 pune
1300 613 1335 636 ae
1359 601 1458 636 libere
1477 600 1703 648 perturbentur
1726 601 1855 636 offensis
1872 629 1880 642 ,
1908 614 1944 637 ac

1191 662 1207 684 a
1232 650 1343 685 talibus
1374 658 1629 698 compescantur,
1670 658 1704 685 ut
1740 662 1797 697 per
1835 659 1945 686 auctae

1193 700 1365 745 punitionis
1389 700 1563 734 iemedium
1593 700 1782 746 reprimatur
1820 700 1945 735 facilius

1193 750 1350 784 temeritas
1371 749 1569 784 eorumdem
1601 749 1782 784 Districtius
1815 750 1945 798 insuper

1192 797 1374 833 inhibemus
1400 799 1557 833 universis
1584 807 1614 833 et
1649 799 1783 845 singtilis
1810 799 1944 834 christi—

1192 846 1349 887 fidelibus,
1399 847 1516 893 ubique
1559 827 1719 882 locorumt>
1739 849 1944 890 constitutis,

1191 896 1422 943 cuiuscumque
1449 897 1620 942 dignitatis,
1663 899 1943 944 praeeminentiae,

1190 945 1381 980 conditionis
1404 955 1457 980 aut
1481 954 1579 981 status
1607 947 1753 992 existant,
1776 956 1809 983 iit
1838 948 1944 982 nullus

1191 995 1321 1030 omnino
1345 1004 1453 1030 eontra
1477 996 1660 1041 praemissa,
1684 996 1730 1030 vel
1753 1008 1863 1035 eornm
1891 998 1946 1032 ali-

1191 1044 1300 1091 quod,
1343 1045 1582 1100 quomodolibet
1613 1046 1749 1080 scienter
1791 1054 1944 1081 attentare

1191 1103 1385 1149 piaesuinat,
1412 1102 1443 1129 et
1464 1095 1516 1141 qni
1541 1106 1634 1129 secus
1656 1095 1767 1140 egerit,
1790 1097 1945 1142 praeniis-

1189 1143 1232 1178 sis
1260 1144 1381 1190 poenis,
1415 1143 1592 1182 sententiis
1634 1144 1874 1180 conditionibus
1913 1154 1942 1181 et

1191 1194 1366 1239 praeceptis
1389 1193 1472 1227 iuxta
1501 1193 1762 1229 constitutionem
1799 1195 1941 1230 eamdem

1189 1242 1227 1276 sit
1250 1254 1288 1277 eo
1317 1242 1385 1289 ipso
1410 1242 1537 1288 ligatus.

1236 1292 1256 1338 ἓ
1281 1295 1310 1325 7.
1339 1291 1403 1326 Sed
1427 1291 1646 1334 nihilominus,
1674 1292 1745 1339 quia
1775 1305 1836 1328 non
1865 1305 1941 1340 pro·

1188 1339 1256 1375 dest
1283 1341 1350 1375 iura
1374 1341 1523 1385 condere,
1545 1349 1660 1376 statuta
1687 1341 1780 1378 edere
1802 1354 1838 1378 ac
1853 1355 1941 1378 ema-

1189 1402 1263 1424 nare
1286 1398 1465 1437 praecepta,
1492 1391 1516 1425 si
1541 1391 1651 1425 eadem
1680 1403 1742 1427 non
1779 1400 1940 1428 servantes

1189 1451 1287 1485 poena
1316 1439 1422 1474 debita
1449 1452 1511 1475 nou
1542 1440 1780 1483 mulctarentur,
1811 1441 1940 1477 firmiter

1187 1488 1368 1530 statuimus,
1404 1497 1434 1523 et
1458 1489 1628 1531 volumus,
1667 1498 1699 1523 ut
1736 1491 1940 1537 inquisitores

1189 1537 1363 1572 baereticae
1387 1538 1558 1585 pravitatis,
1581 1539 1633 1585 qui
1671 1551 1726 1586 per
1763 1540 1939 1575 Romanam

1188 1586 1377 1627 Ecclesiam,
1402 1588 1447 1622 vel
1489 1588 1678 1623 authoritate
1721 1589 1832 1636 ipsius,
1868 1598 1940 1625 sunt

1189 1636 1234 1670 vel
1258 1636 1375 1671 fueiint
1394 1637 1547 1683 deputati,
1582 1646 1613 1672 et
1643 1650 1752 1673 eorum
1796 1639 1939 1686 quilibet,

1187 1697 1224 1719 eo
1253 1686 1333 1733 ipso,
1356 1687 1441 1733 quod
1464 1687 1509 1721 eis
1542 1688 1749 1723 commissum
1786 1697 1855 1732 est,
1894 1689 1939 1724 vel

1187 1735 1341 1769 committi
1383 1736 1562 1791 contigeiit,
1604 1746 1713 1772 eontra
1755 1739 1939 1785 pravitatem

1188 1784 1333 1819 eamdem
1363 1785 1581 1832 inquisitionis
1609 1786 1758 1828 officium,
1797 1788 1940 1822 autliori-

1189 1842 1295 1875 tatem,
1315 1835 1578 1879 iurisdietionem,
1603 1844 1788 1883 potestatem
1811 1845 1842 1872 et
1868 1836 1940 1872 offi-

1188 1884 1227 1918 cii
1251 1884 1509 1919 commissionem
1554 1886 1694 1920 iteratam
1739 1894 1768 1920 et
1815 1887 1939 1934 plenam

1188 1933 1335 1975 liabeant;
1357 1946 1393 1969 ac
1421 1934 1604 1970 omnimoda
1634 1935 1673 1970 sit
1712 1936 1756 1970 eis
1794 1935 1939 1970 attributa

1189 1991 1326 2030 potestas
1349 1984 1378 2018 in
1411 1984 1590 2030 provinciis,
1630 1984 1668 2019 ad
1697 1997 1786 2040 *quas
1826 1985 1939 2020 suerint

1188 2033 1339 2088 deputati,
1363 2033 1543 2088 iiiquiieiidi
1573 2046 1669 2081 super
1697 2035 1756 2076 iis3
1793 2043 1823 2070 et
1859 2047 1940 2082 quos

1189 2083 1218 2117 iii
1244 2082 1412 2129 praedictis
1447 2083 1626 2118 iiiieneiint
1663 2083 1846 2131 deliquisse,
1884 2084 1940 2119 de-

1188 2131 1325 2167 clarandi
1347 2140 1377 2167 et
1398 2131 1626 2173 denunciaudi,
1661 2134 1835 2179 praedictas
1863 2146 1941 2180 poe-

1189 2194 1244 2217 nas
1284 2190 1313 2216 et
1351 2182 1521 2217 sententias
1544 2182 1726 2218 incurrisse.
1756 2183 1821 2218 Illis
1847 2183 1939 2218 etiam

1189 2243 1227 2265 ex
1264 2231 1321 2273 eis,
1364 2231 1481 2278 quibus
1521 2244 1688 2287 processus
1724 2233 1820 2268 nostri
1863 2245 1941 2280 poe-

1190 2293 1260 2315 nam
1302 2280 1439 2328 aliquam
1479 2293 1541 2316 uon
1589 2283 1782 2330 imponunt,
1825 2295 1941 2338 poenas

1190 2330 1371 2377 spiiituales
1397 2339 1428 2366 et
1455 2332 1656 2378 temporales,
1685 2332 1723 2367 de
1752 2332 1869 2380 quibus
1896 2332 1941 2367 eis

1191 2379 1370 2418 videbitur,
1412 2381 1602 2436 imponendi
1636 2390 1666 2417 et
1702 2381 1940 2430 praecipiendi,

1190 2441 1270 2484 quae
1298 2441 1354 2477 per
1389 2442 1447 2465 nos
1481 2431 1528 2465 eis
1561 2431 1700 2467 iniuncta
1740 2439 1941 2476 noscuntur,

1192 2479 1322 2514 liiiiiitei'
1363 2479 1542 2515 observari:
1589 2481 1779 2528 piocetlendi
1814 2494 1941 2529 quoque

1190 2538 1297 2564 contra
1320 2542 1429 2564 cotum
1453 2530 1597 2577 singulos
1627 2543 1663 2566 ac
1695 2540 1792 2567 teiias
1816 2539 1846 2566 et
1873 2533 1940 2567 loca

1192 2579 1345 2632 ipsomni,
1367 2587 1398 2614 et
1432 2592 1549 2627 poenas
1577 2580 1750 2627 praedictas
1769 2609 1776 2622 ‚
1804 2589 1833 2616 et
1861 2593 1941 2629 quae

1192 2628 1409 2675 imponuntur,
1431 2630 1470 2664 ab
1492 2630 1537 2665 eis
1559 2630 1725 2677 exigendi,
1753 2643 1788 2665 ac
1829 2631 1941 2666 liuius-

1963 249 2012 277 Ᾰιι.
2031 251 2060 277 C.
2078 252 2144 278 i29⁹

1971 1305 2132 1332 inquisitoribus

1958 1337 2079 1358 haereticae
2093 1343 2144 1364 pru-

1956 1369 2028 1388 vitatis
2064 1373 2144 1396 proce-

1957 1400 2019 1420 dendi
2028 1403 2102 1420 contra
2113 1401 2146 1420 in·

1956 1430 2081 1451 obedientes
2095 1431 2144 1450 daia

1955 1461 2052 1482 incutias.
