2274 3265
238 258 321 283 tn.‹:.
345 259 409 286 ists

239 657 312 677 Multus

224 691 332 709 vectantur
350 693 407 708 ΟΠΟ-

224 724 257 738 res
279 724 299 738 et
321 719 407 745 prndi-

222 753 270 768 §urit

355 658 407 677 ullos

232 1590 338 1610 unitatum

217 1620 312 1641 &aurifex

240 1653 243 1655 ’
271 1657 280 1671 e
317 1650 402 1671 Siciliae

218 1688 301 1707 regem,
319 1681 366 1701 tllos
382 1684 403 1700 ut

218 1714 351 1739 reprimeret,
364 1717 403 1732 eo—

219 1748 304 1770 rumque
337 1748 401 1769 super

219 1775 309 1794 Kth‘lbUS
330 1774 401 1794 trude-

217 1805 392 1830 reicorrigenitos

475 245 545 277 2613

1017 250 1203 273 tttttitiitttttittt
1234 249 1393 271 mulssim

427 307 628 354 Baptismatis
651 318 712 340 una
731 307 771 339 sit.
794 305 870 339 tides
894 305 1047 339 mentium
1071 313 1102 339 et
1118 306 1177 352 pie-
1219 304 1293 338 tutis
1328 301 1550 349 praecipiendo
1579 301 1756 341 mandavit,
1784 309 1818 336 ut
1844 302 1882 336 ad
1912 314 1973 337 ca-

427 366 471 390 tas
497 356 677 395 actionnrn·‚
705 353 789 401 quod
819 354 957 400 profecto
989 366 1050 388 non
1079 362 1176 393 esset,

425 406 449 438 si
469 414 613 439 sanctum
629 403 849 448 Evangeliuni,
867 404 974 449 inquo
990 403 1177 437 christianae

426 455 495 488 lidei
532 453 637 500 regula
674 454 875 492 continetur,
911 452 1060 486 ‹nnnibus
1095 460 1177 486 essct

424 504 579 543 clausum,
606 511 635 536 et
660 502 727 535 istis
749 501 950 536 solummodo
977 501 1072 548 (quod
1088 501 1174 547 cogi-

424 561 487 586 tare
516 552 738 599 impiissimum
767 554 824 594 est)
847 559 931 585 esset
957 559 1111 596 apertum.

471 605 486 644 ἓ
508 604 565 635 24.
588 600 683 634 Multa
711 609 783 634 sunt
806 600 875 639 alia,
898 611 977 646 qnae
1007 599 1055 632 isti
1085 611 1177 645 prae—

422 651 599 697 sumptuosi
631 649 774 683 homines
796 658 903 683 contra
923 648 1060 692 coniugii
1082 659 1176 681 vene-

424 699 519 734 rabile
535 707 765 734 sacramentnm
782 699 899 744 garrire
917 697 1083 737 dicuutur,
1100 696 1176 729 mul-

424 757 514 795 taque
537 749 576 783 (le
598 760 691 782 cursu
721 756 901 793 temporum
921 754 951 779 et
974 745 1035 779 sinc
1058 745 1174 779 saeculi

423 800 598 837 sonmianu
618 797 779 843 multaque
797 795 837 829 de
853 794 1039 829 Anticliristi
1063 794 1176 827 adven-

424 856 468 887 tu,
495 859 589 894 quem
616 846 740 880 iamiam
761 846 876 878 instare
901 851 1056 882 asserunt,
1080 842 1174 876 llebili

423 897 557 930 vanitate
584 894 759 940 divulgant.
774 892 863 935 Qnac
878 893 994 934 omnia,
1012 892 1084 939 quia
1102 904 1173 938 par-

423 945 475 978 tim
497 945 663 982 haeretica,
679 943 789 989 partim
810 943 929 984 insana,
948 943 1059 988 partini
1085 941 1175 975 sabu-

422 996 484 1027 losa
513 993 748 1040 cognosciturus,
772 991 948 1025 damnanda
974 991 1078 1036 potius
1101 1002 1173 1025 cum

420 1043 485 1077 suis
512 1041 712 1081 auctor-ibus,
735 1053 829 1088 qnam
858 1041 929 1074 stilo
953 1039 1174 1087 prosequenda

420 1101 472 1126 aut
495 1091 663 1127 refellenda
686 1102 864 1125 censemus.
884 1090 954 1136 Ipsa
974 1090 1058 1124 enim
1082 1101 1175 1123 men-

420 1143 494 1175 ‹losa
517 1148 697 1176 commenta
717 1141 819 1187 seipsa
836 1139 1016 1179 destruunt,
1032 1138 1104 1185 quia
1118 1150 1174 1172 nec

418 1191 538 1225 ratione
563 1191 677 1236 vigent,
706 1201 763 1223 nec
791 1189 978 1223 auctoritate
1004 1195 1172 1227 constant,

418 1252 474 1274 nec
502 1241 604 1286 aliqua
633 1237 906 1273 verisimilitudine
929 1237 1110 1271 fulciuntur.
1138 1236 1172 1270 lu

418 1288 599 1323 huiusmodi
631 1288 786 1322 doctrinis
814 1287 907 1321 variis
933 1294 962 1319 et
998 1285 1174 1333 peregrinis

417 1350 509 1384 saepe
536 1337 688 1372 nominati
718 1337 866 1371 homines
893 1335 994 1369 studia
1018 1347 1072 1369 sna
1101 1347 1174 1368 con-

418 1396 529 1421 terunt.
547 1386 595 1422 Ad
619 1387 694 1420 haee
722 1385 915 1432 simplicium
937 1384 1030 1418 corda
1050 1384 1173 1418 blandis

418 1437 561 1483 lictisqne
604 1435 805 1470 sermonibus
846 1442 876 1469 et
920 1433 1083 1468 simulatae
1113 1433 1174 1467 lin-

417 1485 559 1520 militatis
583 1493 743 1531 praetextu
759 1483 914 1518 attrahere
939 1482 1120 1517 moliuntur.

464 1534 484 1582 S
502 1536 559 1568 ⁶25.
585 1533 759 1581 Cupientes
778 1533 883 1578 igitur,
898 1545 960 1579 qno
983 1531 1056 1566 dicti
1078 1531 1173 1579 pesti—

379 1596 387 1608 *
418 1585 471 1618 l‘eri
497 1584 642 1618 homines
660 1611 668 1623 ,
696 1591 748 1617 aut
778 1582 808 1616 in
838 1583 951 1616 melius
978 1589 1173 1616 commutato

418 1633 549 1667 consilio
575 1644 590 1667 a
621 1632 686 1667 suis
714 1630 970 1678 perversitatibus
1000 1631 1172 1669 resilirent,

418 1690 471 1716 aut
494 1681 602 1716 saltem
626 1681 704 1715 alios
721 1680 907 1727 perniciosis
922 1679 1124 1714 sermonibus
1143 1688 1172 1714 et

418 1742 492 1765 suae
516 1731 677 1777 pravitatis
704 1729 851 1776 exemplo
868 1729 1082 1763 contaminare
1110 1741 1170 1762 non

419 1788 560 1826 possent,
582 1779 781 1814 carissimum
805 1779 834 1811 in
857 1778 986 1812 Christo
1006 1778 1104 1812 filium
1121 1790 1173 1812 no-

417 1837 516 1863 strum
546 1827 749 1863 Fredericum
784 1839 891 1874 regem
918 1826 1100 1861 Trinacriae
1134 1827 1172 1861 il-

416 1878 547 1913 lustrem
571 1877 721 1912 hacteuus
740 1877 920 1923 rogavimus
938 1886 968 1910 et
987 1877 1172 1910 monuimus

417 1939 471 1973 per
485 1926 656 1974 apostolica
669 1927 784 1973 scripta
803 1925 989 1960 mandantes
1006 1934 1036 1960 ut
1052 1926 1171 1960 liuius—

417 1976 500 2011 modi
522 1977 604 2011 viros
627 1977 791 2023 pestiferos
818 1983 848 2010 et
878 1976 1087 2010 seminatores
1113 1987 1171 2009 er·-

416 2038 534 2069 rorum,
561 2025 600 2060 de
629 2025 786 2072 praedicta
814 2024 914 2059 insula
943 2024 1114 2071 expelleret
1141 2032 1172 2058 et

416 2076 542 2120 penitus
556 2076 735 2121 exurparet,
750 2082 778 2108 et
805 2074 968 2118 ministris,
984 2073 1171 2108 custodibus

414 2135 470 2158 seu
487 2125 668 2169 guardiauis
682 2124 755 2158 dicti
770 2122 889 2157 ordinis
906 2124 1078 2166 minorum,
1096 2136 1169 2157 cnm

414 2172 1170 2220 abeissnperliocrequireretur,faciendoetiam,

1219 352 1349 399 piendos
1364 350 1545 385 huiusmodi
1563 349 1658 384 salsos
1673 349 1782 384 fratres
1796 350 1972 386 rectoribus

1216 402 1290 436 dicti
1319 400 1449 440 ordinis,
1470 408 1502 433 nt
1522 399 1698 445 praedictae
1723 407 1848 434 nostrae
1866 399 1972 434 literae

1217 450 1431 493 continebant,
1448 449 1556 483 darent
1575 448 1756 488 consilium,
1770 448 1921 482 auxilinm
1942 458 1970 483 et

1219 500 1368 541 favorem,
1383 498 1534 547 quodque
1553 498 1617 544 ipsa
1639 497 1784 531 mandata
1808 498 1838 531 in
1856 497 1973 532 nostris

1217 556 1362 583 contenta
1392 548 1506 591 literis,
1536 547 1699 581 studerent
1728 546 1910 581 executioni
1940 546 1969 581 in

1217 596 1366 631 omnibns
1393 596 1596 631 demandare.

1264 650 1279 689 g
1295 650 1353 680 27.
1371 646 1461 687 Quae
1482 645 1730 692 praesentientes
1749 644 1887 691 pestiferi
1903 656 1972 678 me·

1218 696 1342 735 morati,
1365 707 1437 728 cum
1457 695 1493 729 ad
1512 696 1616 729 sinum
1643 694 1711 740 piae
1735 693 1842 728 matris
1859 693 1971 737 redire⁷

1215 744 1324 777 saltem
1340 744 1550 778 ecclesiastica
1564 742 1731 790 disciplina
1748 743 1860 783 coacti,
1872 742 1973 777 hurni—

1217 793 1287 828 liter
1313 793 1508 836 debuissent,
1523 792 1679 827 salubrem
1703 792 1925 827 coercitionem
1941 801 1972 826 et

1217 842 1338 876 felicem
1374 842 1593 876 necessitatem
1609 869 1616 881 ,
1654 854 1734 888 qnae
1763 842 1800 875 ad
1841 842 1970 876 meliora

1216 890 1396 938 compellit,
1427 890 1520 937 fugae
1557 891 1713 937 praesidio
1747 890 1970 925 declinarunt:

1217 940 1377 974 nonnullis
1405 952 1513 974 eorum
1539 940 1567 973 in
1593 939 1669 973 locis
1691 939 1808 974 abditis
1835 949 1864 974 et
1888 940 1971 975 late—

1216 989 1317 1024 brosis
1332 989 1434 1024 dictae
1445 989 1565 1023 insulae
1576 988 1747 1028 derelictis,
1757 989 1810 1036 qui
1824 989 1890 1024 suis
1902 989 1971 1024 fau-

1216 1039 1336 1073 toribus
1354 1039 1414 1073 sub
1426 1051 1563 1086 quorum
1579 1037 1764 1072 defensione
1781 1039 1971 1079 consistunt,

1217 1100 1271 1134 pro
1300 1088 1445 1122 mercede
1468 1087 1567 1134 iniqui
1594 1087 1719 1130 favoris,
1743 1088 1880 1132 perversi
1898 1087 1973 1133 dog-

1216 1138 1307 1171 matis
1341 1149 1459 1171 venena
1499 1136 1692 1183 rependunt.
1716 1136 1777 1170 Alii
1807 1149 1880 1171 vero
1917 1149 1973 1184 per

1215 1186 1281 1221 loca
1306 1186 1481 1220 inlidelium
1501 1186 1727 1226 discurrentes,
1756 1197 1842 1219 mare
1860 1193 1890 1220 et
1914 1187 1973 1221 ari·

1214 1236 1285 1269 dam
1316 1236 1451 1270 circuire
1481 1235 1647 1278 seruntur,
1671 1243 1704 1268 ut
1732 1247 1830 1268 unum
1858 1234 1970 1269 saltem

1215 1285 1329 1319 saciant
1354 1285 1536 1332 proselitum
1560 1284 1653 1318 simul
1682 1296 1754 1318 cum
1784 1283 1844 1318 illis
1874 1296 1972 1330 geen-

1215 1347 1271 1369 nae
1303 1331 1429 1379 ignibus
1456 1334 1698 1380 applicandum:
1736 1333 1755 1366 ii
1783 1341 1857 1367 sunt
1891 1346 1972 1381 quos

1213 1383 1331 1418 Doctor
1353 1384 1495 1429 gentium
1513 1391 1604 1417 eante
1627 1382 1771 1417 vitandos
1793 1382 1970 1424 admonuit,

1213 1433 1337 1467 dicens:
1362 1432 1462 1466 Nemo
1485 1444 1539 1466 vos
1561 1432 1704 1475 seducat,
1732 1431 1843 1466 volens
1860 1432 1890 1467 in
1907 1431 1971 1467 hu-

1214 1483 1341 1516 militate
1376 1490 1406 1516 et
1447 1482 1597 1527 religione
1637 1480 1823 1527 angelorum
1845 1508 1854 1524 ,
1890 1492 1970 1528 quae

1214 1543 1275 1565 non
1293 1531 1366 1565 vidit
1381 1530 1561 1571 ambulans,
1585 1530 1698 1565 frustra
1723 1529 1851 1564 inflatus
1873 1542 1968 1565 sensu

1213 1582 1316 1615 carnis
1338 1593 1431 1615 suae:
1460 1588 1490 1614 et
1513 1592 1574 1613 non
1599 1588 1711 1614 tenens
1733 1587 1839 1626 eaput,
1854 1591 1891 1613 ex
1907 1591 1969 1626 quo

1215 1637 1312 1664 totum
1336 1641 1463 1677 corpus,
1484 1640 1540 1676 per
1555 1641 1654 1663 nexus
1676 1637 1706 1663 et
1727 1628 1970 1663 coniunctiones

1213 1678 1488 1713 subministratum
1520 1686 1550 1711 et
1581 1686 1825 1720 constructum,
1856 1678 1969 1712 crescit

1214 1728 1242 1761 in
1267 1736 1496 1775 augumentum
1532 1727 1600 1761 Dei.
1624 1727 1647 1760 li
1678 1736 1751 1761 sunt
1773 1725 1966 1761 diffidentiae

1214 1777 1287 1818 filii,
1310 1777 1410 1812 nubes
1437 1777 1506 1810 sine
1534 1788 1639 1823 aqua,
1666 1789 1746 1823 quae
1777 1776 1879 1810 ventis
1905 1776 1969 1810 cir-

1212 1826 1444 1867 cumferuntur,
1460 1825 1562 1861 sidera
1586 1826 1735 1865 errantia,
1754 1825 1873 1871 quibus
1893 1837 1970 1872 pro-

1212 1876 1290 1911 cella
1313 1876 1514 1910 tenebrarum
1544 1883 1697 1910 reservata
1719 1883 1778 1915 est,
1805 1875 1858 1921 qui
1885 1875 1969 1910 iuxta

1212 1925 1398 1960 psalmistae
1426 1924 1629 1966 vaticinium:
1658 1924 1849 1959 Nescierunt
1866 1935 1970 1972 neque

1212 1975 1447 2014 intellexerunt,
1471 1973 1499 2008 in
1529 1973 1668 2008 tenebris
1687 1972 1862 2017 ambutant,
1881 1985 1969 2008 erra-

1213 2032 1325 2058 verunt
1342 2024 1379 2058 ab
1400 2033 1506 2062 uter03
1526 2035 1540 2056 a
1555 2023 1684 2058 veritate
1699 2022 1819 2058 scilicet
1833 2022 1968 2058 Sanctae

1212 2074 1321 2107 Matris
1349 2072 1509 2107 Ecclesiae
1541 2071 1737 2116 recedendo,
1766 2072 1859 2107 locuti
1892 2080 1967 2106 suut

1213 2122 1304 2165 falsa,
1333 2134 1428 2156 vanos
1457 2130 1485 2155 et
1521 2122 1622 2155 varios
1655 2133 1797 2156 errorum
1833 2120 1968 2156 tribulos

1213 2183 1266 2218 per
1280 2172 1419 2205 diversas
1434 2170 1581 2216 regiones
1602 2171 1860 2217 praesumptione
1883 2170 1969 2205 dam-

1212 2221 1307 2255 nabili
1330 2219 1528 2255 seminando.

1988 249 2038 272 Ain
2056 245 2166 271 G.t3ta

2001 645 2032 666 ltli
2045 652 2094 666 vero
2109 648 2129 666 in
2143 647 2173 667 dt-

1987 682 2049 697 versu
2064 676 2111 697 loca
2133 683 2170 698 au-

1987 707 2096 732 fugerunt>

415 2223 438 2255 si
448 2223 828 2269 expediret,saepedictos
840 2222 1073 2268 pseudofratres
1088 2221 1170 2268 capi,

414 2282 442 2305 et
466 2284 575 2306 eornm
594 2272 813 2319 superioribus
830 2273 908 2306 tradi
924 2272 1074 2317 captivos,
1087 2271 1169 2304 iuxta

414 2321 612 2367 disciplinam
637 2321 755 2355 ordinis
782 2320 1003 2367 corrigendos,
1031 2319 1169 2354 studeret

417 2371 600 2417 impendere
619 2372 766 2408 savorem,
784 2371 950 2404 eonsilium
975 2377 1003 2402 et
1020 2369 1169 2403 auxilinm

416 2428 643 2466 opportunum.

464 2469 483 2516 g
510 2471 566 2503 26.
598 2469 667 2516 lpse
698 2478 946 2515 t'er0,tan‹]uam
971 2468 1170 2503 obedieutiae

219 2523 288 2577 ιὲἔαῡῡά
306 2522 400 2571 ζζᾞχνιζξ
417 2518 507 2557 lilius,
528 2531 583 2565 per
605 2531 678 2553 suas
702 2527 844 2564 patentes
864 2519 971 2552 literas
991 2525 1169 2552 nostrarum

219 2587 258 2602 tum
333 2559 357 2576 ‘¹
417 2567 575 2603 literarum
600 2569 713 2603 seriem
737 2569 946 2607 continentes,
964 2566 1101 2613 singulis
1123 2567 1171 2601 of-

416 2617 569 2651 ficialibus
591 2618 657 2651 suis
673 2629 727 2664 per
754 2617 867 2651 dictam
889 2617 1025 2651 insulam
1049 2616 1171 2651 consti-

1261 2270 1280 2315 g
1307 2271 1364 2303 28.
1393 2269 1608 2310 Quamobrem
1637 2268 1725 2304 zelus
1748 2269 1835 2308 fidei,
1865 2269 1968 2303 fervor
1989 2288 2167 2316 ΕΜΠΨΗΜ,

1211 2319 1441 2364 compassionis
1475 2319 1651 2352 animarum
1681 2319 1852 2353 exercitare
1874 2317 1965 2352 debet
1982 2325 2021 2362 Ψ
2037 2322 2083 2347 ⁰³1¹*
2100 2326 2164 2356 {²¹⁸²-

1212 2368 1306 2403 coi-da
1330 2369 1471 2402 omnium
1507 2368 1559 2414 qui
1589 2366 1707 2402 Christi
1737 2369 1865 2402 nomine
1896 2367 1966 2413 glo·
1980 2355 2163 2409 iiiliuiuiisslligiie

1212 2418 1352 2457 riantur,
1381 2426 1411 2451 et
1447 2417 1548 2464 ipsius
1582 2416 1716 2451 Sanctae
1743 2416 1905 2452 Romanae
1929 2412 2016 2451 aeb¹¹³
2035 2413 2159 2439 ¹¹³⁰⁵⁰¹¹⁰⁰‘·

1212 2467 1398 2501 universalis
1422 2466 1579 2501 Ecclesiae
1607 2465 1723 2501 sinibus
1750 2467 1963 2509 continentur,

1212 2525 1245 2550 ut
1272 2525 1380 2551 eontra
1409 2517 1540 2551 istorum
1566 2516 1718 2550 insaniam
1741 2516 1830 2562 quasi
1855 2522 1962 2550 contra

1211 2565 1367 2613 publicam
1393 2574 1513 2612 pestem
1539 2565 1676 2599 valenter
1707 2572 1883 2611 exurgant,
1907 2576 1965 2598 nec

1210 2627 1265 2649 eos
1290 2615 1318 2649 in
1343 2615 1433 2658 locis,
1448 2615 1501 2649 ubi
1525 2615 1712 2650 christianae
1736 2613 1899 2660 religionis
1919 2613 1966 2647 vi-
