2274 3265
236 273 274 298 An
304 273 416 299 «11:519

234 1314 306 1334 Forma
348 1316 405 1334 iurii-

222 1347 285 1365 n.eutl
297 1346 319 1364 ul.
331 1346 404 1365 eodem

222 1377 341 1401 praestandi
361 1381 404 1401 tegi

220 1406 318 1432 Portugat
349 1410 403 1426 lein(

222 1442 270 1462 pore
287 1438 334 1456 belli

480 263 550 294 ⁶282

433 339 512 360 inam
550 326 716 360 iuramenti
752 325 922 372 praedicti„
956 327 1038 373 quod
1076 327 1179 362 dictus

432 376 579 420 magister
602 375 781 420 praestabit,
798 375 988 421 quamcitius
1012 377 1178 411 commode

431 425 553 471 poterit,
582 424 655 458 Sedi
685 424 884 470 Apostolieae
918 424 1074 460 destinare
1111 438 1178 472 pro·

429 482 531 507 curet:
562 473 711 521 dictoque
734 474 910 509 iuramento
937 475 1106 520 praestito,
1142 487 1176 509 ac

430 522 637 557 nihilomiuus
661 531 767 569 postea
802 535 858 569 pro
886 524 976 570 plena
1011 525 1177 558 securitate

429 573 567 617 ipsorum
605 574 686 619 regis
715 581 745 607 et
769 585 936 618 regnorum
968 572 1176 618 portugalliae

427 630 457 653 et
477 621 629 668 Algarbii,
653 631 680 657 et
701 622 738 656 ad
757 621 962 669 propellenda
980 622 1175 656 imminentia

427 669 487 704 sbi
529 684 658 718 quoque
698 671 855 718 pericula,
895 671 982 716 quod
1019 671 1177 717 praefatus

428 720 575 767 magister
596 721 670 755 dicti
691 721 810 755 ordinis
829 720 958 754 Militiae
973 719 1042 754 lesu
1059 719 1175 754 Christi

426 778 455 803 et
477 781 679 804 successores
707 770 754 804 sui
787 770 924 816 magistri
960 769 1029 803 uovi
1057 769 1176 803 ordinis

426 819 607 859 memorati⁷
647 819 700 866 qui
734 828 827 853 erunt
862 830 917 863 pro
938 826 1100 865 tempore,
1128 817 1174 852 vel

424 867 516 902 «lictis
551 869 709 914 magistris
745 867 928 902 absentibus
962 879 1073 901 eorum
1110 867 1174 902 loca

425 925 578 956 tenentes,
613 926 782 964 antequam
821 916 1084 951 administrationi
1123 918 1174 951 hu

425 967 558 1000 iusmodi
601 966 757 1001 bonorum
797 978 831 1000 se
866 966 1028 1011 ingerant,
1069 979 1173 1001 coram

423 1017 606 1062 ‹lict01·ege,
626 1016 678 1063 qui
703 1028 786 1050 nunc.
809 1024 853 1050 est
885 1016 928 1049 vet
955 1027 1010 1061 pro
1033 1024 1174 1061 tempore

424 1066 532 1104 suerit,
560 1066 584 1099 si
615 1077 719 1111 regem
757 1065 859 1112 ipsum
896 1073 970 1098 tunc
1003 1065 1032 1099 in
1067 1066 1174 1113 aliquo

422 1115 576 1149 dictorum
601 1127 769 1161 regnorum
795 1114 1008 1160 Portugalliae
1030 1126 1085 1149 seu
1112 1115 1173 1149 ΑΙ-

421 1164 520 1207 garhii
563 1164 627 1198 fore
668 1164 854 1209 contigerit,
893 1164 1100 1210 personaliter
1140 1177 1173 1199 se

423 1221 634 1259 praesentent,
658 1214 749 1259 eique
778 1221 937 1260 praestent
962 1214 1169 1248 iuramentum

423 1263 597 1307 personale,
625 1271 654 1296 et
677 1262 860 1308 homagium
891 1262 1005 1296 saciant
1033 1263 1092 1296 suh
1116 1264 1172 1298 hac

422 1312 530 1353 forium
557 1311 715 1346 videlicet:
752 1312 836 1358 quod
861 1312 928 1358 ipse
960 1312 1109 1358 magister
1136 1313 1171 1346 fi-

420 1361 499 1394 delis
526 1362 583 1395 erit
612 1361 695 1395 dicto
719 1362 795 1405 regi,
823 1369 850 1395 et
877 1373 930 1406 per
953 1373 986 1395 se
1009 1361 1053 1396 vel
1074 1362 1169 1395 alium

423 1422 582 1457 nunquam
607 1410 723 1457 aliquid
749 1410 838 1444 sac³e=t
861 1411 907 1443 vel
925 1411 1104 1456 procurabit
1123 1411 1169 1445 vel

422 1460 485 1492 lieri
513 1472 568 1493 sou
594 1460 752 1506 procurari
777 1460 949 1494 consentiet
979 1459 1103 1506 publice
1124 1460 1169 1495 vel

419 1508 550 1546 occulte,
575 1517 701 1555 propter
727 1508 811 1554 quod
836 1508 937 1542 eidem
962 1509 1023 1554 regi
1048 1510 1169 1553 etsuis,

420 1558 463 1591 vel
493 1559 597 1603 reguis
629 1567 683 1592 aut·
716 1559 807 1591 terris
839 1558 907 1592 eius
929 1558 1054 1605 aliquod
1086 1559 1171 1593 dam-

419 1619 492 1640 num
518 1608 614 1641 valeat
637 1608 779 1642 evenire:
808 1607 892 1654 quod
916 1608 940 1641 si
965 1608 1044 1641 forte
1076 1609 1168 1642 sciret

417 1656 535 1703 aliquid
566 1657 726 1703 procurari
751 1656 798 1691 vel
828 1656 892 1690 lieri
917 1657 1000 1703 quod
1026 1657 1055 1691 iu
1085 1657 1170 1691 (lam-

418 1718 491 1739 ιιιιιιι
515 1705 591 1739 dicti
621 1707 704 1751 regis
723 1715 783 1745 ‚aut
813 1718 982 1751 regnorum
1010 1715 1041 1739 et
1070 1715 1169 1741 terra—

416 1767 483 1787 rnni
520 1755 619 1801 ipsius
646 1764 727 1789 esset
761 1755 806 1789 vel
842 1755 955 1790 cedere
986 1764 1104 1802 posset,
1137 1756 1166 1790 id

415 1804 518 1838 eidem
543 1805 621 1850 regi,
646 1817 739 1851 quam
758 1805 819 1838 rito
848 1807 972 1851 poterit,
996 1805 1167 1850 intimabit

417 1852 462 1887 vel
486 1852 575 1886 faciet
604 1854 757 1888 intimari:
786 1862 814 1888 et
840 1853 1048 1889 nihilominus
1072 1855 1166 1901 impe

414 1902 476 1936 diet
518 1903 602 1937 iuxta
640 1915 747 1949 posse:
784 1903 934 1950 quodque
968 1904 1006 1938 de
1035 1905 1166 1945 castris

416 1952 504 1989 villis,
544 1952 619 1985 locis
653 1960 681 1985 et
710 1952 801 1986 bouis
829 1960 857 1985 et
888 1952 1010 1987 iuribus
1040 1966 1074 1987 ac
1110 1954 1167 1987 ho-

415 2001 564 2040 minibus,
588 2014 668 2047 quae
695 2002 798 2035 dictus
822 2014 920 2035 novus
938 2002 1016 2035 ordo
1039 2003 1166 2037 Militiae

415 2050 483 2083 lesu
512 2050 628 2084 Christi
654 2050 742 2085 habet
778 2051 814 2085 ad
840 2063 1008 2097 praesens,
1038 2053 1082 2086 vel
1107 2053 1164 2086 ha—

415 2099 497 2133 lwhit
524 2100 730 2147 imposterum
756 2101 783 2133 in
803 2101 907 2146 regnis
923 2109 949 2135 et
972 2102 1064 2135 terris
1081 2114 1165 2149 prae-

413 2149 518 2191 dictis,
542 2161 704 2195 nunquam
731 2149 815 2184 dicto
841 2151 903 2195 regi
927 2151 972 2185 rel
997 2152 1102 2197 reguis
1130 2164 1164 2184 ac
1185 2177 1186 2186 i

414 2199 502 2232 terris
532 2199 575 2231 vel
605 2199 739 2233 subditis
774 2199 850 2243 suis,
873 2200 984 2234 eodem
1015 2201 1164 2247 magistro

412 2248 548 2287 sciente,
586 2248 727 2287 volente,
761 2249 951 2290 mandante,
987 2258 1038 2283 aut
1061 2258 1162 2284 ratum

413 2297 559 2341 habente,
582 2298 707 2345 aliquod
737 2297 888 2332 damnum
917 2299 1041 2333 eveniet
1065 2300 1095 2333 in
1120 2299 1163 2333 su-

413 2356 535 2380 turuiu:
575 2348 658 2393 quod
687 2348 711 2381 si
743 2347 820 2382 sorte
847 2348 971 2383 sciverit
1010 2349 1054 2382 vel
1083 2361 1163 2383 scn—

412 2397 498 2435 serii,
524 2398 597 2430 totis
621 2397 770 2443 impediet
799 2397 929 2442 viribus,
957 2407 984 2432 et
1008 2407 1160 2445 quantum
1182 2395 1184 2415 ⁴*

413 2447 441 2478 ἰιι
470 2458 507 2481 eo
528 2446 630 2485 suerit,
654 2447 829 2482 amovebit:
860 2448 1071 2483 iuramentum
1090 2459 1163 2482 vero

410 2503 438 2527 rt
468 2495 650 2541 homagium
681 2496 857 2543 supradicta
888 2509 943 2544 per
964 2497 1082 2532 dictum
1101 2510 1163 2531 ma-

410 2545 556 2589 gistrum,
577 2557 637 2579 non
660 2546 779 2581 ratione
807 2547 961 2581 diciorum
986 2546 1161 2586 bonorum,

410 2594 464 2627 sed
510 2595 626 2628 ratione
676 2607 827 2641 personae
867 2596 1067 2643 praestantis7
1096 2596 1159 2642 regi

410 2644 559 2688 praestari
576 2652 606 2677 et
631 2644 696 2679 lieri
713 2645 859 2680 volumus
873 2646 1070 2692 supradicto:
1096 2646 1163 2679 nul-

1030 272 1217 296 naumurum
1241 272 1402 295 ΙΙΟΜΛΝΙῚΜ

1222 327 1351 373 lumque
1380 325 1435 372 ipsi
1465 325 1528 370 regi
1563 336 1599 360 ex
1627 326 1801 360 iuramento
1828 326 1875 360 vel
1908 326 1973 360 ho-

1222 376 1324 421 magio
1352 374 1541 421 saepedictis
1564 375 1593 408 in
1618 374 1710 409 honis
1736 374 1856 409 eisdem
1876 375 1971 422 quod-

1221 425 1294 459 lihet
1323 425 1371 459 ius
1395 423 1525 470 acquiri

1269 474 1288 519 g
1323 476 1377 508 lO.
1405 473 1495 514 Quae
1525 472 1654 519 quidem
1694 473 1904 507 iuramentum
1941 482 1969 507 et

1220 523 1402 569 homagium
1428 522 1509 556 idem
1534 534 1587 556 rex
1613 522 1691 556 iufra
1715 521 1824 556 decem
1848 521 1968 557 dierum

1219 558 1376 618 spatitim‚
1414 580 1579 618 postquam
1609 584 1622 604 a
1647 571 1809 617 magistro,
1844 571 1896 617 qui
1924 579 1971 605 est

1219 629 1249 655 et
1276 622 1334 654 erit
1357 633 1413 667 pro
1440 628 1593 667 tempore,
1616 620 1710 655 fuerit
1729 620 1913 666 requisitus,
1932 621 1971 655 ab

1218 670 1328 704 eodem
1356 671 1507 716 magistro
1529 669 1678 704 offerente
1705 669 1846 715 recipere
1870 678 1971 704 tenea-

1219 727 1279 753 tur.
1306 718 1397 761 Quod
1420 719 1446 753 si
1470 731 1522 753 rex
1546 719 1613 765 ipse
1636 720 1846 753 iuramentum
1869 727 1900 753 et
1918 719 1969 753 ho-

1219 768 1357 813 magium
1383 768 1565 803 huiusmodi
1582 768 1660 802 infra
1678 768 1848 803 terminum
1868 768 1969 815 ipsum

1219 817 1298 851 forte
1323 818 1464 864 recipere
1496 829 1558 851 uon
1593 826 1734 861 curaret,
1769 817 1861 852 liceat
1886 817 1970 852 dicto

1219 867 1387 912 magistro,
1415 867 1469 913 qui
1498 875 1544 901 est
1571 874 1602 901 et
1635 866 1693 901 erit
1723 879 1781 914 pro
1816 874 1969 914 tempore

1217 915 1336 971 absque
1362 915 1595 962 praedictorum
1614 916 1823 962 praestatione
1841 924 1869 950 et
1886 917 1970 963 regis

1218 966 1322 1020 ipsius·
1339 965 1475 1008 licentia
1509 965 1658 999 recedere
1685 974 1715 999 et
1742 965 1879 1000 officium
1900 978 1970 1001 ma-

1216 1015 1336 1060 gisterii
1361 993 1516 1048 honoriun
1544 1014 1724 1049 huiusmodi
1749 1027 1896 1050 exercere
1932 1016 1969 1051 li-

1218 1065 1306 1098 here:
1330 1074 1359 1098 et
1382 1064 1406 1098 si
1431 1076 1487 1110 pro
1512 1064 1642 1098 utilitate
1664 1064 1737 1098 dicti
1753 1065 1822 1098 novi
1847 1064 1968 1100 ordinis

1215 1113 1275 1148 sibi
1301 1113 1458 1147 videbitur
1476 1113 1637 1160 expedire,
1665 1113 1884 1149 administrare
1902 1114 1969 1161 ple-

1216 1164 1302 1198 narie
1330 1163 1360 1197 in
1390 1163 1521 1197 eisdem.

1264 1212 1284 1259 g
1312 1215 1362 1246 11.
1391 1211 1424 1247 Si
1449 1223 1522 1247 vero
1551 1213 1578 1245 iu
1604 1212 1705 1257 primo
1726 1212 1871 1247 eiusdem
1904 1225 1967 1248 ma-

1214 1262 1302 1307 gistri
1326 1262 1401 1296 dicti
1418 1262 1487 1295 novi
1509 1261 1628 1295 ordinis
1645 1260 1775 1295 Militiae
1791 1261 1860 1295 lesu
1877 1261 1963 1297 Chri-

1214 1311 1251 1345 sti
1282 1310 1430 1350 adventu,
1456 1323 1550 1357 quein
1588 1321 1670 1344 uunc
1699 1310 1913 1357 praeficimus,
1937 1320 1962 1346 et

1214 1361 1266 1406 qui
1292 1360 1491 1406 praeficietur
1521 1372 1576 1406 pro
1605 1367 1768 1406 tempore,
1802 1359 1839 1395 ad
1870 1372 1963 1407 regna

1215 1409 1386 1456 praedicta,
1412 1409 1529 1443 dictum
1556 1421 1679 1455 regem,
1713 1409 1765 1456 qui
1801 1422 1885 1444 nuuc
1918 1420 1963 1444 est

1215 1458 1259 1492 vel
1282 1460 1335 1504 q'ui
1361 1470 1416 1505 pro
1445 1468 1587 1504 tempore
1613 1457 1721 1502 fuerit,
1744 1458 1782 1491 ah
1811 1459 1887 1505 ipsis
1914 1471 1964 1494 re—

1212 1508 1283 1553 gnis
1305 1507 1416 1542 abesse
1438 1508 1517 1542 forte
1541 1506 1718 1553 contigerit,
1752 1507 1834 1542 idem
1862 1509 1964 1555 magi-

1212 1566 1275 1591 ster
1293 1556 1519 1592 locumtenenti
1543 1556 1615 1590 dicti
1645 1557 1726 1602 regis
1745 1565 1891 1592 teneatur
1909 1559 1965 1592 iu·-

1212 1614 1389 1641 ramentum
1415 1615 1572 1654 praestare.
1594 1614 1621 1640 et
1652 1604 1834 1652 homagium
1865 1607 1964 1643 facere

1211 1656 1402 1703 supradicta.

1259 1705 1279 1751 g
1310 1707 1363 1740 12.
1398 1705 1520 1740 Eodem
1551 1717 1624 1739 vero
1643 1705 1793 1752 magistro
1820 1706 1961 1762 absente,

1211 1755 1429 1789 locumtenens
1458 1755 1557 1801 ipsius
1592 1762 1732 1789 teneatur
1762 1755 1846 1789 dicto
1880 1756 1961 1812 regi,

1210 1805 1234 1838 si
1264 1805 1294 1838 in
1317 1805 1423 1852 aliquo
1441 1804 1597 1839 dictorum
1619 1815 1787 1849 regnorum
1805 1805 1962 1846 extiteiiu

1209 1854 1348 1900 alioquin
1371 1853 1512 1888 eiusdem
1533 1853 1612 1899 regis
1632 1853 1859 1888 locumtenenti
1884 1855 1961 1890 iura-

1210 1912 1351 1937 mentum
1388 1911 1545 1951 praestare
1576 1914 1605 1937 et
1629 1902 1811 1949 homagium
1838 1903 1960 1944 facere,

1208 1954 1289 1987 sicut
1313 1954 1462 2000 superius
1484 1960 1530 1986 est
1554 1964 1751 1999 expressum.
1781 1952 1820 1986 Et
1843 1953 1867 1986 si
1884 1965 1961 1988 con-

1209 2002 1341 2048 tingeret
1377 2001 1516 2037 fortassis
1540 2002 1716 2040 interdum,
1744 2002 1828 2048 quod
1857 2002 1959 2036 ordini

1207 2060 1236 2085 et
1261 2052 1351 2086 honis
1375 2051 1540 2098 praedictis
1568 2051 1719 2097 magister
1753 2050 1870 2099 aliquis
1897 2063 1959 2088 non

1209 2110 1377 2156 praeesset,
1404 2101 1624 2136 locumtenens
1652 2101 1773 2148 ipsius2
1801 2109 1853 2135 aut
1891 2101 1959 2141 ille,

1208 2152 1259 2197 qui
1283 2150 1439 2184 bonorum
1476 2151 1615 2196 ipsorum
1653 2149 1958 2185 administrationem

1208 2200 1362 2243 hahuerit,
1392 2199 1530 2246 praefato
1559 2212 1621 2245 regi
1646 2199 1693 2233 iel
1723 2200 1824 2247 ipsius
1843 2200 1959 2234 locum-

1208 2250 1337 2293 tenenti,
1364 2250 1431 2296 ipso
1448 2261 1518 2294 rege
1540 2261 1555 2283 a
1586 2249 1691 2295 regnis
1715 2249 1882 2296 praedictis
1903 2249 1960 2284 ab·

1206 2307 1306 2339 sente,
1321 2300 1531 2333 iuramentum
1557 2306 1704 2345 praestet
1731 2307 1762 2332 et
1777 2299 1957 2344 homagium

1183 2348 1185 2368 ²
1208 2348 1298 2382 l'acint
1327 2348 1519 2393 supradicta.

1253 2398 1274 2443 5¹
1312 2401 1364 2431 15.
1402 2397 1568 2432 Inferiores
1589 2409 1718 2444 quoque
1738 2406 1958 2445 praeceptores

1205 2446 1280 2481 dicti
1295 2447 1416 2482 ordinis
1435 2446 1564 2482 Militiae
1588 2445 1657 2481 lesu
1682 2446 1814 2491 Christi,
1833 2459 1958 2482 eorum-

1204 2509 1266 2543 que
1281 2496 1544 2537 locumtenentes‚
1567 2508 1639 2531 cum
1664 2505 1884 2543 praeceptores
1907 2497 1956 2544 ip—

1204 2558 1255 2581 sos
1279 2559 1293 2580 a
1314 2546 1405 2581 dicus
1433 2547 1540 2593 regnis
1563 2545 1705 2581 eiusdem
1736 2546 1818 2593 regis
1845 2546 1956 2582 abesse

1203 2597 1389 2642 eontigerit,
1423 2604 1590 2643 antequam
1626 2596 1777 2642 incipiant
1806 2597 1835 2630 in
1864 2596 1956 2632 bonis

1203 2646 1423 2681 administrare
1451 2645 1631 2690 praedictis,
1657 2645 1768 2680 offerre
1797 2646 1957 2681 iuramend

1991 271 2170 299 An.c.t319

2000 477 2110 497 ruminus
2146 477 2170 496 nd

1986 509 2019 529 hui
2024 508 2171 528 usmodiiura-

1986 543 2077 560 ruentum
2107 545 2130 565 pr
2134 544 2170 559 3-0

1985 571 2089 591 standum

1995 1222 2087 1242 stiunt-2.
2107 1227 2165 1247 rege,

1947 1262 1953 1268 -
1981 1253 2129 1279 praestandum
2137 1253 2168 1273 lo-

1981 1285 2110 1305 ruintenenti
2141 1290 2167 1304 e-

1980 1317 2067 1336 jusdemv

1992 1713 2084 1734 Absenti!
2112 1718 2163 1733 vero

1976 1745 2084 1770 magistro,
2105 1746 2164 1764 tuu-

1977 1779 2070 1796 mentum
2098 1780 2163 1802 prae-

1977 1810 2018 1827 stet
2029 1808 2075 1827 eius
2084 1806 2163 1827 incum-

1954 1833 2059 1858 'tenens

1986 2407 2056 2428 Simlle
2099 2413 2158 2428 turu-

1972 2442 2064 2459 mentum
2080 2439 2104 2458 ab
2122 2439 2156 2458 in-

1971 2469 2084 2490 tertoribus
2097 2475 2157 2495 prae·

1973 2501 2095 2528 ceptoribus
2132 2506 2156 2521 e-

1971 2532 2101 2553 mittendum.
