2274 3265
462 248 532 280 622

415 314 545 353 nicarct,
564 326 600 348 ac
621 315 713 350 etiam
738 315 901 359 ieiunaret,
924 315 1008 362 quod
1025 323 1055 350 et
1071 315 1161 359 fecit,

414 377 449 398 ac
472 363 589 398 meritis
610 372 637 397 et
664 365 811 410 precibus
839 372 1027 399 menmratac
1042 365 1160 400 Viduae

416 425 577 459 nunquam
606 413 739 447 similem
768 414 947 449 accubitum
977 428 1064 460 passa
1093 415 1159 448 suit.

463 468 479 504 ,ξ
501 465 556 496 44.
585 462 665 496 (lum
685 471 789 497 autem
812 463 993 510 spectabilis
1015 463 1091 498 haec
1109 463 1162 497 Vi-

232 517 347 537 fru*¹··¹u¹¹=
364 524 401 537 0⁵-
415 511 476 546 dua
499 512 537 546 de
561 511 651 558 longa
669 513 920 559 peregrinatione
942 515 979 547 ad
1008 514 1159 547 Ortonam

217 548 587 607 {¹9mlie‘li¹1l{iffTlteatinae
602 561 702 596 dioec.
720 570 845 607 terram,
863 563 892 596 in
908 575 968 610 qna
989 562 1159 597 beatissimi

413 610 554 646 Tliomae
581 611 712 658 apostoli
733 611 935 659 reliquiarum
954 624 1025 659 pars
1047 623 1160 656 magna

414 669 567 700 servatur,
596 660 661 695 vice
683 661 821 696 secunda
839 661 1072 708 supervenisset
1086 660 1161 704 (fue-

415 717 460 744 rat
493 711 575 744 enim
611 719 698 745 antea
732 710 823 757 longe
847 724 902 758 per
925 711 1074 745 visionem
1102 709 1159 744 sibi

416 759 597 801 revelatum,
613 760 696 807 quod
711 761 848 795 secunda
864 761 930 795 vice
944 760 990 794 sui
1007 759 1160 793 adventus

413 809 450 843 ad
467 810 565 855 ipsam
596 818 709 844 terram
725 810 872 844 devotum
887 808 1159 844 einsdesiderium

414 858 628 905 impleretur);
654 867 683 893 et
697 859 771 894 dum
794 867 880 893 stans
899 858 1048 905 reliquias
1066 857 1161 892 devo-

415 908 499 943 tione
525 908 615 943 solita
637 908 788 952 visitaret,
813 908 894 943 idem
914 907 1086 954 Apostolus
1103 907 1161 941 de-

414 967 501 992 votae
516 957 638 992 Viduae
653 970 817 1004 apparens,
840 958 931 991 dixit:
947 957 1079 991 Dabitur
1107 957 1159 991 tibi

412 1007 465 1041 diu
479 1006 703 1047 desideratun1;
719 1015 749 1041 et
764 1020 846 1047 mox,
870 1007 994 1041 nemine
1015 1014 1161 1052 tangente

414 1056 459 1091 vel
477 1057 552 1091 alias
569 1056 760 1102 impellente,
783 1056 822 1091 dc
845 1068 937 1103 capsa
954 1056 1159 1102 reliquiarum

413 1105 571 1152 quoddam
596 1105 764 1140 frustulum
783 1106 875 1140 unius
888 1105 969 1140 ossis
982 1105 1056 1140 dicti
1072 1104 1161 1152 Apo-

412 1155 483 1190 stoli
510 1167 567 1190 sua
588 1163 700 1203 sponte
722 1155 843 1190 Viduae
867 1154 1063 1202 expectantis
1087 1167 1161 1201 pro-

411 1204 488 1239 siliit
509 1204 547 1239 ad
572 1217 696 1248 mannS,
718 1205 804 1252 qnod
829 1204 878 1239 illa
896 1217 967 1239 cum
991 1203 1105 1251 gaudio
1126 1217 1162 1239 ac

411 1254 578 1290 devotione
601 1255 776 1302 recipiens,
803 1267 925 1289 summa
962 1253 1161 1289 veneratione

412 1304 557 1339 servavit.

460 1358 476 1397 ἕ
508 1355 566 1388 45.
597 1353 670 1389 Fuit
702 1367 829 1401 quoque
864 1353 940 1388 haec
967 1352 1161 1388 admirabilis

231 1411 251 1431 ¹·¹
268 1412 398 1431 0²¹³÷im¹³-
413 1404 525 1443 Vidua,
546 1403 621 1438 dum
640 1403 772 1438 orationi
788 1412 818 1438 et
835 1402 1093 1449 contemplationi
1108 1415 1161 1437 va-

218 1446 279 1469 ⁹'‘'¹'‘
413 1462 508 1493 caret,
525 1465 578 1500 per
594 1453 757 1501 plerasque
780 1453 906 1487 devotas
929 1464 1080 1499 personas
1096 1452 1162 1487 ele-

416 1510 481 1538 vata
503 1515 519 1537 3
547 1511 640 1543 terra,
664 1516 717 1549 per
744 1502 881 1537 hominis
910 1514 1091 1537 mensuram
1116 1502 1160 1536 vel

415 1553 550 1595 circiter,
573 1564 644 1587 cum
668 1552 830 1599 splendida
863 1560 893 1587 et
921 1551 1060 1587 radiante
1084 1551 1161 1586 facie

415 1614 509 1649 saepe
532 1602 604 1636 visa.

464 1653 564 1695 §46-
594 1651 704 1686 Funus
741 1651 880 1685 nondum
913 1659 978 1686 erat
1013 1650 1160 1685 traditum

232 1708 336 1729 >summum
357 1715 403 1728 πη·-
417 1701 596 1748 sepultnrae
611 1729 620 1745 ,
649 1713 719 1735 cum
741 1700 853 1735 mulier
875 1700 1028 1747 quaedam
1053 1700 1163 1746 Agnes

221 1740 402 1793 lssffsssszfuussm‘m'
417 1751 455 1786 de
472 1751 624 1786 Contessa
641 1751 778 1791 nomine,
802 1751 832 1784 in
850 1750 932 1785 Urbe
951 1762 1162 1794 commorans,

417 1813 497 1848 quae
519 1813 534 1835 a
558 1801 716 1835 nativitate
743 1808 850 1847 guttur
874 1799 1006 1834 babebat
1033 1800 1163 1846 grossis-

417 1851 532 1886 simum
548 1863 585 1885 ac
602 1850 753 1891 deforme,
769 1862 841 1885 cum
864 1849 932 1884 aliis
950 1849 1161 1884 venerandum

417 1901 514 1936 currit
539 1900 576 1935 ad
608 1900 726 1941 funus,
761 1908 791 1934 et
821 1912 893 1935 cum
930 1900 1056 1947 propria
1088 1912 1162 1934 zona

419 1963 532 1986 manus
553 1959 678 1985 sanctae
698 1949 828 1986 iacentis
850 1950 1001 1996 Brigittae
1023 1962 1093 1984 cum
1108 1949 1165 1984 de-

419 2001 544 2036 votione
567 2001 650 2047 tangi
667 2000 802 2041 fecisset,
825 2012 934 2034 zonam
958 1999 1101 2035 eamdam
1122 2000 1165 2035 si-

420 2050 485 2085 mili
506 2050 673 2085 devotione
692 2049 902 2085 circumduxit
930 2050 966 2084 ad
995 2049 1113 2084 collum
1136 2058 1166 2084 et

421 2100 512 2148 panlo
535 2108 604 2147 post
625 2108 731 2146 guttur
754 2099 923 2140 detumuit,
942 2109 972 2134 et
987 2099 1026 2134 ad
1045 2099 1168 2134 confor-

421 2150 557 2185 mitatem
577 2149 715 2185 debitam
735 2149 842 2184 divino
867 2149 1019 2184 miraculo
1038 2149 1094 2184 fuit
1118 2162 1168 2185 re-

421 2200 558 2235 dactum.

471 2254 486 2293 ἓ
517 2252 573 2284 47.
613 2249 730 2284 Verum
764 2248 930 2284 Francisca
965 2249 1003 2283 de
1031 2248 1168 2284 Sabellis

241 2300 498 2339 ”⁰⁰=⁴·¹¹⁵¹¹=sifssdicti
534 2299 714 2334 monasterii
750 2298 783 2334 S.
809 2298 969 2333 Laurentii
998 2298 1144 2333 monialis
1162 2327 1169 2339 ,

229 2335 408 2387 mnitiifmdm'
424 2362 505 2396 quae
545 2349 673 2384 biennio
708 2348 900 2383 debilitatem
938 2357 969 2383 et
1008 2348 1169 2383 adversam

425 2399 576 2434 stomachi
600 2398 809 2434 valetudinem
836 2411 937 2445 passa,
961 2398 1024 2432 fere
1046 2411 1172 2445 semper

427 2449 506 2483 lecto
532 2448 726 2483 decubuerat
755 2448 888 2489 infirma,
911 2457 940 2483 et
968 2448 1171 2482 honorandae

427 2498 545 2533 Viduae
569 2498 727 2534 familiaris
753 2497 865 2538 fuerat,
893 2498 969 2533 dum
997 2497 1099 2531 adhuc
1122 2498 1173 2531 in-

427 2547 584 2594 sepultum
617 2560 732 2595 corpus
765 2550 843 2582 intra
871 2548 1039 2582 claustrum
1067 2559 1173 2582 serva-

430 2607 525 2637 retur,
548 2610 618 2632 cum
642 2598 726 2645 gravi
744 2598 850 2633 labore
872 2597 910 2632 de
931 2598 1011 2632 lecto
1026 2598 1173 2635 surrexit,

430 2655 490 2682 tam
506 2646 628 2694 longam
646 2647 858 2684 infirmitatem
874 2648 999 2695 patiens
1018 2655 1049 2682 et
1067 2646 1173 2683 adiuta

221 254 268 279 An.
288 256 316 283 C.
334 258 393 283 ¹591

992 261 1091 284 BULLA
1097 261 1127 283 tu
1134 261 1177 283 ΗΜ
1201 261 1360 283 Romanum

1202 315 1346 360 pervenit
1373 315 1410 349 ad
1440 315 1587 349 feretrum
1621 323 1651 349 et
1678 327 1785 350 secum
1814 316 1876 352 illic
1904 317 1948 352 ia-

1202 364 1267 399 cuit
1295 373 1356 398 tota
1387 372 1476 399 nocte
1493 392 1500 404 ,
1536 377 1592 398 nec
1619 363 1721 399 Deum
1757 364 1850 399 desiit
1876 379 1947 401 cuin

1202 414 1368 448 devotione
1399 421 1429 447 et
1468 414 1615 447 instantia
1648 412 1835 459 deprecari,
1863 417 1947 462 quod

1204 464 1323 498 meritis
1344 471 1374 497 et
1401 462 1548 509 precibus
1566 462 1698 503 Viduae,
1720 464 1812 498 cuius
1834 476 1949 511 corpus

1202 512 1319 552 aderat,
1344 520 1404 546 tam
1422 512 1550 547 molesta
1575 520 1702 558 tamque
1725 512 1845 547 diutina
1867 513 1949 547 vale-

1203 562 1311 596 tudine
1335 561 1502 596 intantum
1518 561 1628 596 saltem
1645 561 1852 606 alleviaretur,
1865 563 1948 609 quod

1202 624 1274 645 eum
1304 610 1433 658 reliquis
1461 611 1670 654 monialibus,
1697 611 1814 646 divinis
1840 612 1951 647 officiis

1203 661 1368 700 interesse,
1389 669 1419 695 et
1439 673 1493 708 per
1515 660 1687 695 claustrum
1702 672 1773 696 cum
1790 661 1950 708 expediret

1201 710 1306 744 adiuta
1332 723 1386 756 per
1409 711 1567 745 neminem
1596 710 1641 745 ire
1660 718 1780 757 posset,
1802 719 1832 745 et
1859 723 1950 746 mane

1202 768 1310 795 sancto
1338 761 1451 806 reperit
1478 772 1512 795 se
1533 760 1615 795 circa
1638 760 1752 807 proprii
1783 760 1949 795 sanitatem

1202 809 1344 856 corporis
1371 810 1530 845 efficacius
1560 809 1750 851 remedium,
1770 822 1866 857 quam
1894 810 1950 845 de-

1203 868 1325 906 precata
1349 859 1459 900 suerat,
1483 860 1682 907 impetrasse.

1251 909 1270 955 ξ
1293 912 1350 943 48.
1378 909 1495 944 Verum
1525 918 1558 944 ut
1580 909 1667 945 Deus
1689 909 1874 944 benedictus
1894 909 1950 944 hu-

1204 958 1253 992 ius
1274 958 1407 994 dilectae
1422 958 1545 994 Viduae
1559 959 1678 994 mundo
1700 971 1811 1004 magna
1841 960 1949 994 merita

1202 1007 1456 1048 demonstraret,
1496 1009 1653 1055 contigit,
1682 1017 1714 1043 ut
1746 1008 1948 1043 Elsebisnara

1203 1057 1316 1091 mulier
1342 1057 1444 1093 dictae
1466 1058 1677 1105 Lincopensis
1695 1058 1797 1093 dioec.
1814 1071 1885 1093 cum
1902 1059 1950 1092 in-

1203 1106 1356 1141 fantulum
1393 1115 1550 1143 mortuum
1584 1108 1757 1155 peperisset
1775 1135 1784 1152 ,
1824 1120 1951 1143 summo

1203 1156 1311 1191 dolore
1339 1156 1429 1204 plena
1448 1185 1455 1198 ,
1478 1170 1514 1192 ac
1539 1157 1662 1192 taudem
1686 1157 1724 1192 ad
1753 1171 1787 1192 sc
1814 1169 1951 1201 reversa,

1203 1205 1304 1241 Deum
1331 1220 1424 1253 prece
1451 1206 1564 1241 humili
1588 1215 1746 1247 exoraret,
1772 1207 1856 1254 quod
1886 1220 1953 1242 me-

1203 1255 1268 1290 ritis
1294 1255 1415 1291 Viduae
1438 1265 1600 1303 tantopere
1622 1256 1826 1292 celebrandae
1849 1256 1953 1292 insan-

1203 1306 1287 1340 tulus
1322 1306 1414 1341 vitam
1450 1307 1637 1353 susciperet,
1672 1315 1702 1341 et
1721 1306 1841 1341 emisso
1865 1315 1951 1346 voto,

1202 1356 1286 1403 quod
1314 1369 1385 1390 eum
1416 1356 1583 1401 infantulo,
1597 1358 1622 1391 si
1646 1356 1685 1391 ad
1701 1356 1792 1391 vitam
1818 1356 1950 1396 veniret,

1202 1414 1232 1440 et
1260 1406 1394 1451 imagine
1417 1418 1505 1441 cerea
1529 1407 1709 1453 sepulerum
1733 1405 1856 1441 Viduae
1879 1419 1953 1441 san-

1203 1463 1270 1490 ctae
1299 1456 1450 1500 visitaret,
1490 1456 1649 1503 extemplo
1672 1455 1848 1491 infantulus
1869 1456 1953 1491 cale-

1202 1518 1290 1540 scere
1313 1514 1343 1540 et
1368 1506 1521 1552 palpitare
1548 1506 1662 1552 coepit,
1686 1505 1846 1552 vitamque
1861 1506 1952 1553 plene

1202 1556 1351 1601 suscepit.
1380 1555 1494 1590 Mulier
1518 1568 1589 1590 vero
1613 1556 1702 1602 plena
1721 1554 1890 1590 devotione
1905 1563 1953 1590 at—

1202 1621 1263 1656 que
1297 1609 1411 1655 gaudio
1439 1617 1544 1644 votum
1572 1608 1712 1655 implevit
1738 1609 1904 1644 emissum.

1251 1667 1266 1705 ἕ
1288 1665 1346 1698 49.
1370 1663 1433 1698 Sed
1461 1663 1536 1710 quid
1568 1663 1712 1710 pluribus
1738 1663 1955 1702 immoramur,

1203 1732 1274 1754 cum
1292 1719 1376 1753 Deus
1389 1719 1590 1766 omnipotens
1604 1718 1701 1753 liuius
1718 1717 1818 1753 almae
1834 1717 1956 1753 Viduae

1205 1774 1337 1817 meritis,
1350 1774 1457 1808 surdis
1472 1785 1564 1808 aures
1585 1773 1754 1821 aperuerit,
1774 1772 1870 1807 mutis
1889 1772 1952 1807 lin-

1204 1841 1283 1875 guae
1305 1828 1442 1863 officium
1466 1828 1603 1872 solverit,
1627 1828 1769 1863 tremulis
1788 1827 1957 1875 paraliticis

1205 1883 1392 1918 soliditatem
1411 1883 1601 1931 praebuerit,
1624 1882 1728 1917 curvis
1752 1882 1956 1924 erectionem,

1206 1938 1374 1973 contractis
1396 1946 1426 1972 et
1445 1937 1590 1973 invalidis
1612 1937 1747 1973 liberum
1764 1937 1955 1973 beneficium

1206 1993 1384 2040 gradiendi,
1411 1993 1514 2028 caecis
1537 1992 1650 2034 visum,
1666 1992 1854 2028 mulieribus
1870 2000 1957 2040 partu

1209 2047 1460 2096 periclitantibus
1484 2046 1716 2090 liberationem,
1740 2047 1856 2082 morbis
1883 2047 1959 2082 alias

1209 2101 1440 2137 incurabilibus
1453 2101 1629 2142 sanitatem,
1642 2101 1808 2149 naufragos
1824 2112 1855 2138 et
1869 2102 1959 2149 aquis

1210 2156 1450 2192 vehementibus
1472 2156 1648 2191 laborantes
1668 2156 1848 2204 perduxerit
1862 2157 1899 2192 ad
1914 2168 1956 2191 sa·

1209 2211 1284 2246 lutis
1308 2213 1455 2259 portum?
1477 2210 1516 2246 Et
1537 2211 1562 2245 si
1585 2223 1633 2251 ea,
1656 2223 1737 2259 quae
1757 2211 1843 2246 Deus
1861 2211 1960 2247 bene-

1210 2266 1315 2301 dictus
1332 2265 1455 2301 Viduae
1470 2265 1666 2313 saepedictae
1680 2266 1812 2310 meritis,
1828 2274 1888 2301 tam
1910 2266 1960 2301 illa

1211 2321 1378 2367 superstite
1393 2348 1402 2365 ,
1424 2333 1518 2368 quam
1552 2328 1622 2368 post
1644 2321 1711 2355 eius
1734 2321 1960 2356 resolutionem

1213 2374 1346 2418 felicem,
1376 2374 1530 2410 mirabilia
1559 2384 1683 2422 praeter
1704 2384 1733 2409 et
1756 2387 1852 2422 super
1878 2375 1960 2410 vires

1214 2437 1342 2463 naturae
1365 2429 1422 2464 fuit
1437 2437 1667 2477 operatus‚nec
1690 2429 1806 2464 desinit
1825 2429 1960 2477 operari,

1214 2482 1366 2518 vellemus
1389 2496 1444 2532 per
1466 2483 1591 2531 singula
1615 2496 1791 2529 recensere,
1815 2496 1872 2519 nos
1894 2483 1964 2519 aliis

1213 2537 1345 2572 diversis
1369 2538 1556 2586 implicatos,
1572 2538 1664 2584 longa
1684 2537 1771 2573 valde
1795 2538 1824 2572 iu
1847 2538 1897 2572 tali
1915 2549 1964 2573 re-

1214 2591 1362 2626 citatione
1387 2592 1545 2639 prolixitas
1567 2592 1734 2631 detinerem
1758 2599 1890 2640 possunt
1912 2600 1964 2627 ta—

1216 2659 1285 2682 men
1310 2646 1417 2682 fideles
1451 2646 1531 2682 avidi
1561 2646 1631 2682 talia
1654 2654 1740 2694 gesta
1764 2658 1963 2694 pernoscere,

1965 263 2015 289 Au.
2030 262 2058 288 C.
2077 263 2141 289 ¹591

1979 915 2070 937 Mortuus
2089 919 2150 937 natus

1966 948 2021 968 vitae
2031 949 2148 968 restitutus.

1983 1669 2081 1690 miracuta
2113 1669 2153 1690 alia

1971 1703 2097 1728 perpetrata.
