2274 3265
456 302 524 336 756
987 306 1174 329 numinum
1197 303 1359 327 ROMANUM

404 366 604 403 coelestinus
626 364 652 398 V
675 362 736 397 ΡΙ).
774 363 806 396 V.
834 360 1034 396 Caelestinus
1075 368 1129 394 etc.

406 414 606 452 Coloniensis
628 411 798 447 Academia
826 409 1010 448 instituitur,
1039 410 1108 444 597
1128 410 1155 442 b.

405 462 646 500 Coloniensium
675 473 748 507 erga
775 459 952 494 Romanam
977 457 1149 493 Ecclesiam
1175 457 1296 494 merita,
1322 456 1393 489 598
1415 467 1445 488 a.

406 513 676 549 Communitatum
705 507 865 551 custodes,
894 509 964 542 650
991 509 1018 541 b.

405 561 548 598 Concilia
575 559 730 607 generalia
760 557 853 592 certis
881 556 1075 602 temporibus
1103 553 1304 593 celebranda,
1334 554 1403 587 748
1430 564 1459 586 α.

405 611 572 647 Conclavis
587 610 674 655 leges
687 621 702 642 a
718 605 874 652 Gregorio
898 605 927 639 X
951 605 1029 640 latae
1049 613 1077 639 et
1101 604 1138 638 ab
1154 602 1314 637 Hadriano
1330 601 1356 635 V
1371 612 1544 647 suspensae
1558 599 1787 634 confirmantur
1802 610 1818 632 a
1832 597 1951 633 Ioanne

504 659 576 697 XX.
598 658 682 692 dicto
696 655 770 690 XXI
789 655 864 695 PP„
889 658 932 689 57
953 667 982 688 α.
1006 654 1075 689 Cibi
1101 660 1254 699 potusque
1274 650 1490 686 cardinalibus
1517 650 1545 683 in
1573 648 1712 683 conclavi
1736 646 1951 691 ministrandi,

505 710 568 743 50¹
602 721 632 741 α.
657 704 901 740 lnservientium
927 703 1047 738 eisdem
1073 714 1238 739 numerus,
1262 701 1334 734 ibid.
1364 708 1393 734 et
1414 713 1474 745 seq.

407 758 624 793 Conclaxistae.
637 754 812 801 Gregorius
826 753 851 787 X
866 752 1040 787 cardinales
1055 751 1085 785 in
1100 750 1239 785 conclavi
1257 762 1318 784 uno
1331 757 1452 783 tantum
1464 747 1653 783 conclavista
1669 747 1710 780 uti
1722 745 1905 790 voluit,501
1921 757 1950 779 a.

406 805 714 841 Concubinariorum
739 802 936 850 publicorum
967 813 1096 847 poenae.
1125 801 1196 834 490
1223 800 1251 833 b.

406 855 655 891 Condomiensis
677 853 880 900 episcopatus
902 850 1043 896 erigitur.
1075 850 1109 882 V.
1133 847 1313 883 Condomio
1338 847 1398 890 (de)
1419 845 1496 881 villa.

408 904 586 939 Condomio
611 903 672 947 (de)
700 901 771 935 villa
801 901 831 934 iu
855 900 1070 945 episcopatum
1094 897 1236 943 erigitur,
1259 898 1330 930 249
1357 908 1387 930 α.

407 953 710 989 Confoederationes
738 951 768 984 in
797 950 887 984 terris
912 947 996 983 Eccl.
1014 948 1115 983 facere
1146 945 1366 993 prohibemur:
1387 945 1473 979 factae
1489 943 1685 978 declarantur
1703 945 1822 986 irritae,
1838 943 1906 976 105
1922 953 1951 975 α.

407 1002 614 1037 Confessores
643 1001 672 1035 in
696 999 842 1034 militanti
871 997 1012 1032 Ecclesia
1035 996 1094 1031 sibi
1120 1002 1370 1042 praeposuerunt
1396 992 1539 1040 exempla
1570 993 1732 1036 virtutum,
1759 993 1830 1026 617
1848 992 1876 1025 b.

406 1051 610 1087 Conradinus
632 1062 647 1084 a
670 1048 836 1084 Clemente
860 1046 899 1080 lV
919 1046 1229 1087 excommunicatur,
1244 1045 1290 1078 56
1317 1056 1347 1077 α.

407 1100 586 1143 Comadus,
610 1098 762 1133 Friderici
787 1097 880 1140 filius,
902 1095 1030 1130 Siciliae
1054 1106 1185 1140 regnum
1210 1092 1340 1136 invadit,
1364 1094 1408 1126 55
1437 1093 1467 1125 b.

407 1151 653 1185 Conservatores
675 1146 811 1193 eligendi
834 1144 943 1192 quales
966 1156 1033 1179 esse
1058 1143 1206 1183 debeant,
1232 1144 1300 1176 128
1322 1154 1352 1176 a.

407 1198 650 1234 Constantiense
673 1195 819 1242 generale
842 1194 1011 1229 concilium
1036 1192 1198 1235 indicitur,
1222 1192 1292 1226 662
1314 1193 1341 1225 b.

408 1246 675 1283 Conventualium
704 1245 737 1280 S.
762 1243 921 1279 Francisci
951 1242 1088 1286 regulae.
1113 1241 1159 1276 Ad
1183 1254 1264 1287 quae
1291 1239 1420 1275 consilia
1448 1239 1629 1285 evangelica
1648 1239 1758 1272 fratres
1777 1244 1952 1275 teneantur,

508 1298 577 1331 755
599 1308 628 1329 α.
652 1295 698 1329 De
728 1294 905 1341 pluralitate
927 1292 1116 1335 tunicarum,
1139 1292 1214 1324 ibid.
1243 1292 1270 1324 b.
1295 1289 1341 1324 De
1365 1297 1552 1324 testamento
1575 1288 1610 1322 Β.
1629 1285 1889 1327 Francisci,ibid.
1906 1286 1953 1320 De

508 1344 689 1380 obedientia
709 1343 782 1378 Sedi
812 1342 1013 1388 Apostolicae
1036 1348 1065 1375 et
1082 1339 1227 1387 praelatis
1249 1338 1379 1373 Ordinis
1397 1338 1514 1381 debita,
1535 1340 1604 1372 756
1630 1350 1660 1371 a.
1686 1335 1732 1371 De
1757 1343 1952 1383 paupertate.

507 1396 580 1429 ibid.
604 1394 651 1428 De
674 1392 826 1430 castitate,
853 1393 928 1425 ibid.
953 1392 981 1424 b.
998 1390 1045 1424 De
1073 1388 1264 1435 recipiendis
1293 1388 1370 1422 intra
1398 1386 1566 1430 Ordinem,
1591 1388 1658 1420 757
1688 1398 1718 1420 α.
1747 1383 1792 1419 De
1817 1384 1953 1431 qualita-

509 1443 592 1478 tibus
614 1441 882 1488 recipiendorum,
899 1441 972 1473 ibid.
995 1437 1041 1473 De
1058 1437 1188 1473 vestium
1205 1436 1394 1477 humilitate,
1419 1439 1486 1470 757
1511 1438 1538 1470 b.
1562 1435 1608 1469 De
1635 1434 1728 1469 officii
1751 1433 1847 1468 divini
1872 1434 1953 1468 reci-

509 1494 635 1531 tatione,
659 1492 729 1524 758
756 1502 785 1524 a.
810 1489 856 1524 De
881 1487 999 1523 ieiunio
1022 1495 1051 1522 et
1073 1487 1275 1533 equitatione,
1303 1487 1377 1520 ibid.
1401 1487 1428 1518 b.
1459 1485 1505 1519 De
1542 1483 1685 1531 pecuniis
1713 1482 1901 1528 recipiendis
1924 1491 1952 1516 et

508 1541 705 1575 infirmorum
721 1551 806 1580 cura,
822 1540 896 1573 ibid.
920 1537 967 1571 De
991 1535 1097 1571 labore
1114 1547 1278 1578 manuum,
1302 1534 1416 1569 laboris
1439 1534 1597 1572 mercede,
1621 1532 1811 1579 proprietate
1834 1543 1952 1571 rerum,

510 1592 579 1624 759
601 1602 630 1623 α.
668 1588 714 1622 De
737 1587 926 1635 poenitentia
955 1585 1133 1632 culparum,
1160 1586 1234 1618 ibid.
1273 1583 1318 1617 De
1344 1583 1499 1618 electione
1527 1581 1659 1616 ministri
1686 1579 1854 1627 generalis,
1885 1580 1954 1615 eius

508 1639 618 1681 sociis,
643 1637 776 1683 eiusque
803 1635 999 1675 auctoritate,
1026 1635 1101 1668 ibid.
1125 1635 1153 1666 b.
1182 1633 1228 1667 De
1251 1631 1536 1675 l'raedicatoribus,
1559 1643 1668 1664 eorum
1692 1628 1836 1663 examine
1858 1636 1954 1675 etap-

510 1687 707 1733 probatione‚
744 1688 814 1720 740
841 1697 870 1719 α.
907 1683 953 1717 De
989 1681 1191 1729 qualitatibus
1218 1680 1511 1728 approbandorum,
1539 1681 1614 1713 ibid.
1642 1680 1669 1712 b.
1697 1677 1788 1720 Quae
1815 1677 1855 1712 ab
1878 1677 1954 1724 ipsis

506 1735 642 1771 cavenda
662 1735 737 1773 sint,
760 1736 833 1768 ibid.
858 1733 905 1767 De
927 1732 1053 1766 licentia
1083 1730 1285 1778 praedicandi
1316 1738 1400 1764 extra
1425 1730 1490 1765 loca
1517 1728 1660 1772 Ordinis,
1681 1728 1757 1762 ibid.
1785 1725 1832 1761 De
1859 1727 1954 1761 sociis

508 1785 722 1819 ministrorum
739 1781 978 1830 provincialium
995 1789 1025 1815 et
1038 1779 1328 1816 contributionibus
1345 1791 1404 1813 nec
1419 1778 1532 1814 dandis
1547 1790 1605 1812 nec
1620 1775 1824 1823 accipiendis,
1837 1778 1900 1810 741
1921 1789 1951 1810 a.

505 1834 551 1868 De
575 1833 752 1868 studiorum
783 1831 1002 1867 reformatione
1027 1839 1057 1865 et
1083 1829 1354 1865 caeremoniarum
1374 1828 1548 1863 ecclesiast.
1564 1826 1800 1869 observatione,
1815 1826 1890 1859 ibid.
1906 1824 1953 1859 De

505 1895 575 1918 aere
591 1882 694 1917 alieno
707 1881 869 1925 solvendo,
885 1880 1014 1915 fratrum
1029 1880 1237 1922 correctione,
1251 1878 1506 1913 Reformatorum
1525 1876 1658 1912 Ordine.
1675 1877 1749 1911 ibid.
1767 1877 1795 1909 b.
1816 1874 1863 1909 De
1877 1886 1952 1909 con-

510 1941 657 1967 ventuum
673 1930 939 1966 aedificandorum
958 1929 1064 1969 modo,
1080 1930 1154 1963 ibid.
1175 1928 1222 1962 De
1240 1939 1365 1962 recursu
1386 1926 1422 1962 ad
1443 1926 1597 1974 praelatos
1610 1925 1743 1960 Ordinis
1761 1932 1792 1959 et
1808 1924 1952 1970 ingressu

507 1981 768 2016 monasteriorum
797 1979 980 2014 monialium
1007 1986 1038 2013 et
1067 1978 1179 2013 horum
1208 1977 1366 2020 clausura,
1401 1978 1472 2010 742
1498 1989 1528 2011 a.
1559 1975 1604 2010 De
1633 1974 1785 2020 regimine
1812 1974 1953 2009 locorum

505 2031 619 2066 Terrae
652 2030 799 2073 Sanctae,
827 2031 901 2063 ibid.
931 2030 959 2062 b.
996 2028 1163 2075 Expeusae
1191 2026 1323 2062 fratrum
1353 2026 1548 2073 inquisitoris
1575 2037 1706 2060 munere
1741 2024 1954 2071 fungentium,

507 2082 580 2115 ibid.
609 2079 692 2113 Nihil
720 2078 906 2113 solvendum
937 2091 991 2125 pro
1010 2077 1160 2124 gradibus
1184 2076 1387 2123 recipiendis,
1405 2079 1475 2111 745
1497 2088 1526 2110 α.
1550 2074 1738 2110 Obedientia
1764 2088 1780 2109 a
1809 2074 1955 2109 fratribus

506 2131 572 2165 suis
598 2128 774 2163 exhibenda
803 2128 958 2175 praelatis,
979 2129 1053 2162 ibid.
1078 2126 1126 2161 Ad
1149 2126 1224 2173 quid
1248 2125 1390 2172 obligent
1413 2135 1578 2172 praecepta
1603 2125 1696 2160 liuius
1708 2124 1863 2172 Regulae,
1879 2125 1954 2159 ibid.

407 2180 556 2227 Corporis
578 2178 696 2213 Christi
715 2177 798 2222 (SS.)
813 2177 963 2212 festivitas
978 2178 1069 2212 etiam
1091 2189 1146 2223 per
1165 2184 1306 2210 octavam
1322 2175 1473 2210 celebrari
1490 2183 1604 2222 potest,
1619 2174 1734 2221 apertis
1748 2174 1953 2209 ecclesiarum

507 2228 621 2271 ianuis,
644 2235 785 2273 tempore
813 2226 984 2270 interdicti,
1008 2235 1038 2261 et
1059 2226 1112 2273 qui
1135 2238 1203 2260 eam
1240 2225 1300 2272 piis
1336 2232 1526 2260 venerantur
1554 2224 1706 2272 operibus
1745 2223 1955 2270 indulgentias

506 2284 760 2323 consequuntur,
787 2279 848 2310 751
878 2289 908 2310 α.

409 2328 535 2362 Corsica
558 2335 587 2361 et
610 2326 755 2361 Sardinia
791 2325 972 2371 Aragonum
1012 2325 1077 2371 regi
1111 2324 1225 2358 lacobo
1260 2323 1393 2359 traditur
1429 2323 1495 2358 iure
1533 2322 1747 2367 beneficiario,
1769 2322 1829 2357 sub
1852 2335 1954 2357 annua

463 2411 466 2414 Δ
509 2376 718 2423 praestatione
741 2377 837 2409 2000
861 2375 1059 2410 marcharum
1084 2374 1205 2420 argenti
1229 2373 1304 2408 Sedi
1329 2373 1403 2420 Ap,
1431 2375 1498 2408 155
1521 2375 1548 2408 b.

409 2426 618 2462 Cortonensis
652 2426 853 2472 episcopatus
875 2425 1005 2470 erigitur
1027 2437 1099 2459 cum
1115 2425 1318 2470 exemptione
1334 2437 1349 2458 a
1367 2423 1588 2458 iurisdictione
1605 2422 1767 2458 Ecclesiae
1796 2422 1955 2465 Aretinae,

508 2477 580 2509 312
602 2477 629 2510 b.

410 2524 710 2571 Crucesignatorum
732 2536 787 2570 pro
811 2523 1050 2570 recuperatione
1072 2523 1186 2557 Terrae
1210 2521 1343 2557 Sanctae
1367 2523 1540 2570 privilegia,
1568 2525 1636 2557 115
1658 2523 1676 2557 b
1698 2529 1728 2556 et
1746 2533 1805 2567 seq.

410 2574 601 2621 Cupiditatis
624 2574 711 2608 radix
734 2586 840 2620 prava,
864 2575 933 2608 577
957 2586 986 2608 a.

410 2622 524 2658 Curiae
546 2622 743 2670 Capitolinae
767 2622 906 2657 iudicum
931 2622 1062 2658 facultas
1084 2621 1198 2668 qualis,
1228 2623 1299 2656 596
1322 2623 1349 2655 b.

413 2672 506 2707 Curia
530 2672 672 2707 Romana
696 2672 874 2707 communis
898 2672 1008 2719 patria,
1036 2673 1106 2705 525
1135 2673 1161 2705 b.
