2274 3265
475 263 543 297 7532
1000 273 1183 297 numanum
1209 272 1367 295 noittANtut

423 329 581 364 Ambrosii
605 328 663 372 (S.)
690 328 728 362 de
750 327 884 362 Nemore
914 328 1053 363 Ecclesia
1091 328 1300 375 Regularilius
1324 327 1451 361 nomine
1473 326 1506 359 S.
1531 325 1693 361 Ambrosii
1732 326 1952 374 nuncupandis

519 378 631 421 datur,
660 379 730 411 578
757 390 786 411 a.

422 427 639 461 Anachoretae
663 426 839 473 reprimunt
860 427 954 461 animi
977 427 1108 462 affectus
1132 426 1343 474 poenitentiis,
1367 426 1437 459 618
1460 438 1489 459 α.

421 476 622 511 Andronicus
648 475 840 510 Graecorum
871 477 1040 522 imperator
1072 478 1201 523 eiusque
1230 475 1401 522 complices
1435 483 1464 508 et
1495 474 1701 509 adhaerentes
1732 474 1953 509 excommuni-

517 534 637 566 cantur,
663 527 731 559 185
750 527 778 559 b.

420 575 620 610 Andronicus
643 575 871 621 primogenitus
893 575 1056 610 Michaelis
1083 574 1258 620 Palaeologi
1293 575 1368 621 imp.
1404 574 1595 608 Graecorum
1621 574 1782 619 epistolam
1806 574 1920 620 accipit
1936 586 1950 607 a

516 624 668 670 Gregorio
695 623 722 658 X
751 623 825 665 PR,
848 628 894 659 26
916 637 945 659 a.

419 674 560 721 Angelus
580 674 794 709 Kissamensis
808 674 978 721 episcopus
996 674 1087 721 erigit
1109 674 1300 719 collegiatam
1322 672 1351 707 in
1374 672 1513 707 Ecclesia
1537 672 1571 707 S.
1597 673 1724 719 Georgii
1749 673 1778 706 in
1794 672 1870 719 Alga
1889 672 1949 706 Ve-

517 723 669 759 netiaruui
697 723 943 759 Castellanensis
965 723 1129 767 dioecesis,
1154 725 1224 757 645
1247 725 1275 757 b.

418 773 585 819 Anglicani
613 773 802 808 Parlamenti
834 773 1047 808 ordinationes
1069 785 1162 820 super
1185 772 1364 820 provisione
1387 771 1597 807 Ecclesiaruin
1628 772 1825 819 aliorumque
1854 771 1949 806 bene-

518 823 661 857 ficiorum
690 822 975 857 ecelesiasticorum
1004 822 1205 865 damnantur,
1234 823 1304 857 606
1323 835 1353 856 a.

418 873 579 906 Annetum
603 872 678 919 quid
702 873 753 915 sit,
780 874 849 907 ’108
870 884 900 906 a.
930 873 964 905 V.
993 879 1097 906 notam
1126 871 1163 905 ad
1191 871 1308 906 calcem
1332 870 1449 905 colum.
1473 871 1574 905 eiusd.

418 921 545 956 Antonii
568 921 625 965 (S.)
648 921 802 956 Viennen.
825 921 945 956 abbatia
969 922 1111 966 erigitur,
1134 921 1193 955 soli
1214 920 1414 968 Apostolicae
1441 920 1516 955 Sedi
1541 920 1709 955 subiicitur
1730 929 1758 955 et
1782 920 1951 955 nonnullae

516 971 600 1017 leges
627 970 742 1005 dantur
768 971 812 1010 ei,
844 973 913 1004 143
939 983 959 1004 a
981 980 1011 1005 et
1037 984 1097 1016 seq.

417 1020 642 1067 Appamiarum
671 1020 739 1055 villa
764 1020 793 1054 in
821 1020 976 1054 civitatem
999 1020 1131 1066 erigitur
1157 1028 1187 1054 et
1209 1019 1397 1067 episcopalis
1424 1019 1514 1054 sedes
1541 1019 1728 1060 declat-,atur
1754 1021 1824 1054 132
1845 1032 1875 1053 α.

416 1070 586 1116 Apostatae
608 1069 752 1116 quamvis
778 1069 816 1104 ad
845 1068 1018 1104 Ecclesiam
1042 1069 1237 1116 confugiant
1261 1078 1368 1104 contra
1391 1082 1445 1104 eos
1467 1077 1514 1104 est
1538 1069 1789 1115 procedendum,
1817 1071 1863 1102 25
1867 1071 1888 1103 0
1917 1070 1950 1110 b3

515 1119 630 1165 quibus
657 1119 767 1166 poenis
792 1118 980 1159 coercendi,
1004 1120 1073 1153 5⁶26
1095 1132 1125 1153 a.
1334 1131 1341 1140 ·

416 1168 615 1216 Apostolicae
642 1168 808 1203 cathedrae
835 1168 1021 1209 sublimitaS,
1044 1170 1090 1203 49
1113 1170 1140 1202 b.

417 1218 667 1265 Apostolicarum
692 1218 853 1253 literarum
876 1218 1092 1253 executionem
1117 1218 1326 1265 impedientes
1347 1218 1386 1252 ab
1412 1217 1562 1253 exercitio
1590 1217 1815 1252 iurisdictionis
1836 1217 1949 1251 eccle-

513 1267 657 1303 siasticae
681 1280 736 1315 per
759 1277 821 1303 tres
840 1280 968 1303 menses
995 1268 1246 1315 suspenduntur,
1275 1269 1344 1303 (377
1368 1281 1397 1302 a.

417 1317 596 1364 Apostolica
619 1317 730 1352 Sedes.
759 1318 794 1352 V.
822 1317 922 1352 Sedes
949 1317 1138 1364 Apostoliea.

417 1367 641 1413 Apostolorum
665 1366 790 1401 Ordinis
812 1376 894 1401 secta
918 1367 1096 1406 damnatur,
1121 1370 1164 1401 84
1193 1368 1220 1400 b.

417 1415 607 1463 Appellatio,
629 1420 700 1450 650
721 1429 751 1450 a.
780 1416 914 1462 Pignora
942 1429 1003 1451 non
1027 1424 1102 1450 sunt
1124 1416 1224 1450 danda
1252 1415 1291 1450 ab
1313 1416 1555 1463 appellantibus,
1583 1417 1658 1449 ibid.
1694 1418 1722 1449 b.
1747 1416 1950 1462 Appellantes

516 1478 577 1500 nou
599 1473 672 1500 sunt
701 1465 898 1509 molestandi,
922 1467 985 1499 651
1026 1468 1053 1500 b.

417 1516 593 1561 Aragoniae
619 1527 748 1560 regnum
776 1516 960 1550 conceditur
978 1515 1126 1562 Philippo
1150 1514 1341 1549 Francorum
1367 1515 1428 1560 regi
1466 1517 1534 1549 150
1562 1527 1591 1549 a.
1621 1514 1721 1548 Huius
1761 1515 1848 1560 regni
1887 1523 1950 1548 sta-

516 1572 579 1600 tuta
603 1564 770 1611 quaedam„
794 1577 849 1612 per
875 1577 954 1612 quae
988 1564 1202 1599 Ecclesiarum
1226 1565 1352 1598 libertas
1380 1573 1409 1598 et
1437 1564 1717 1598 ecclesiasticarum
1747 1575 1950 1610 personarum

516 1614 593 1648 bona
616 1614 843 1657 afficiebantur,
865 1614 1066 1658 damnantur,
1090 1616 1159 1648 556
1184 1616 1212 1647 b.

416 1664 543 1698 Aretina
566 1663 717 1698 Ecclesia.
750 1665 780 1697 V.
804 1662 1012 1698 Cortonensis
1034 1664 1244 1710 episcopatus.

416 1713 612 1747 Arnaldistae
634 1713 825 1757 (haeretici),
849 1713 1053 1759 ipsorumque
1078 1712 1129 1746 sitii
1148 1721 1176 1746 et
1199 1711 1371 1759 complices
1394 1712 1725 1755 excommunicantur,
1749 1716 1792 1746 47
1817 1725 1846 1746 α.
1863 1711 1952 1758 lpso-

514 1775 582 1797 rum
605 1762 800 1809 aliorumque
829 1774 959 1809 poenae,
982 1764 1057 1797 ibid.
1083 1764 1110 1795 b.

416 1812 573 1847 Arualdus
599 1812 637 1846 de
665 1812 698 1846 S.
721 1812 896 1851 Desiderio,
922 1815 965 1846 15
988 1814 1016 1846 b.

414 1862 604 1905 Arrendare,
631 1862 798 1896 Arrentare
820 1862 895 1909 quid
918 1862 969 1901 sit,
990 1863 1053 1895 591
1087 1864 1114 1896 b.
1147 1863 1178 1895 l.
1202 1870 1266 1896 not
1290 1862 1328 1896 ad
1352 1861 1468 1896 calcem
1492 1861 1609 1896 colum.
1637 1861 1739 1895 eiusd.

415 1912 593 1946 Attacliiare
612 1911 685 1958 quid
709 1912 759 1951 sit,
783 1912 851 1945 607
875 1913 902 1945 b
931 1913 962 1945 Γ
989 1920 1051 1946 not
1075 1912 1111 1945 ad
1136 1911 1252 1945 calcem
1276 1912 1391 1945 colum.
1415 1911 1515 1945 einsd.

416 1961 584 1995 Auditores
604 1961 718 1995 Curiae
741 1960 901 1995 Romanae
923 1962 990 1995 sine
1012 1974 1112 2008 cappa
1135 1969 1166 1995 et
1194 1961 1320 1996 rocheto
1344 1973 1405 1995 non
1423 1961 1537 1995 debent
1562 1960 1722 2004 incedere,
1740 1962 1807 1994 517
1834 1962 1862 1994 b
1882 1959 1952 1994 Sint

513 2011 688 2056 diligentes
710 2019 739 2044 et
765 2011 869 2044 causis
890 2011 1059 2045 audiendis
1078 2010 1193 2045 debitis
1211 2011 1296 2045 horis
1319 2011 1475 2052 insistant,
1494 2012 1569 2044 ibid.
1594 2009 1685 2044 Festa
1701 2018 1815 2044 statuta
1833 2017 1952 2044 tantum

514 2069 649 2104 servent,
677 2063 746 2094 518
773 2073 802 2094 a.
828 2060 948 2094 Diebus
976 2060 1126 2099 iuridicis,
1149 2060 1311 2107 obsequiis
1338 2038 1545 2094 cardinalium
1571 2072 1632 2094 non
1658 2059 1853 2101 incumbant,
1876 2060 1949 2092 ibid.

514 2109 596 2144 Nihil
619 2122 635 2143 a
663 2122 820 2156 quoquam
846 2111 1010 2156 recipiant,
1026 2119 1053 2143 et
1078 2110 1296 2144 coadiutoruin
1320 2110 1448 2144 consilia
1468 2118 1589 2144 secreta
1606 2118 1729 2144 servent
1751 2109 1810 2143 sub
1831 2109 1954 2143 statutis

513 2160 634 2205 poenis,
655 2161 729 2193 ibid.
758 2160 968 2194 luramentum
992 2160 1075 2207 quod
1105 2160 1221 2193 delient
1242 2159 1358 2205 singuli
1381 2159 1414 2193 S.
1444 2159 1483 2193 R.
1511 2159 1546 2194 E.
1571 2159 1825 2193 viceeancellario
1862 2170 1953 2204 prae-

514 2218 607 2249 stare,
625 2210 699 2243 ibid.
715 2208 802 2243 Ordo
817 2209 988 2243 servandus
1005 2211 1034 2243 in
1052 2209 1320 2256 propositionibus
1336 2222 1515 2252 causarum,
1531 2211 1605 2243 ibid.
1621 2210 1648 2242 b.
1665 2208 1746 2242 Ante
1762 2207 1952 2242 definitivam

514 2259 698 2292 sententiam
714 2258 888 2304 colligenda
903 2260 1007 2293 omnia
1026 2268 1104 2299 tota,
1123 2261 1192 2292 519
1209 2273 1239 2293 α.
1254 2259 1398 2301 Quatuoi
1418 2259 1552 2293 habeant
1569 2257 1788 2292 tantummodo
1805 2258 1952 2296 notarios,

513 2310 587 2342 issbaed
619 2308 755 2342 Caveant
791 2322 829 2342 ne
856 2309 929 2355 quid
960 2309 1036 2343 ultra
1077 2318 1176 2343 laxam
1200 2309 1336 2354 exigant,
1362 2310 1437 2342 ibid.
1454 2310 1481 2342 b
1498 2308 1674 2342 Consilium
1702 2320 1763 2342 non
1796 2315 1953 2354 praestent

517 2359 546 2392 in
575 2359 677 2392 causis
704 2370 807 2392 coram
831 2359 877 2392 ‹is
904 2359 1146 2403 cognoscendis,
1163 2360 1238 2392 ibid.
1264 2358 1450 2393 Auditorum
1480 2358 1609 2393 consilia
1633 2370 1648 2392 a
1679 2357 1805 2391 notariis
1835 2365 1953 2391 secreta

515 2417 687 2452 serventur,
708 2410 782 2442 ibid

418 2456 552 2491 Auditor
577 2458 677 2492 Rotae
700 2457 872 2501 Romanae,
899 2458 949 2492 eui
980 2459 1099 2505 primus
1122 2458 1288 2492 commissa
1306 2459 1404 2492 'causa
1430 2458 1533 2497 suerit,
1558 2458 1626 2491 eius
1644 2457 1683 2491 sit
1712 2456 1818 2496 iudex,
1833 2460 1900 2492 710
1922 2469 1951 2491 α.

418 2508 586 2552 Augustini
608 2507 664 2552 (S.)
677 2508 819 2542 canonici
837 2508 995 2553 regulares
1018 2509 1045 2541 in
1071 2521 1166 2541 unuin
1190 2507 1421 2548 coadunantur,
1436 2518 1463 2541 et
1485 2507 1611 2554 regulae
1626 2508 1672 2542 eis
1686 2508 1811 2547 dantur,
1828 2508 1897 2541 697
1924 2509 1951 2540 b.

419 2557 587 2603 Augustini
616 2557 672 2600 (S.)
695 2557 904 2592 Eremitarnm
933 2556 1030 2591 Ordo.
1064 2559 1095 2591 Γ.
1124 2557 1334 2591 Eremitaruin
1357 2557 1391 2592 S.
1416 2558 1586 2603 Augustini
1611 2557 1709 2592 Ordo.

419 2606 649 2641 Arenionensis
672 2607 829 2641 Ecclesiae
853 2607 1078 2641 iurisdictionis
1102 2619 1171 2653 pars
1193 2607 1345 2653 quaedam
1378 2608 1584 2655 nonnullique
1608 2606 1750 2641 redditus
1785 2608 1815 2640 in
1844 2606 1954 2641 eastris

518 2656 626 2690 Pontis
646 2656 775 2701 Son-grae
797 2667 824 2689 et
849 2658 885 2690 tlt¹
909 2656 1085 2703 liiteraquis
1108 2657 1144 2691 ab
1169 2670 1201 2690 oa
1226 2658 1359 2703 separati
1380 2656 1540 2691 Romanae
1565 2657 1722 2691 Ecclesiae
1741 2666 1768 2689 et
1794 2655 1952 2693 comitatui
