2274 3265
118 249 168 275 Αιι.
185 251 212 274 tl.
230 250 296 275 ¹5:10

134 1939 297 1959 Beneventano-

113 1977 156 1990 rnm
173 1971 242 1990 finium
261 1970 298 1989 de-

113 2002 205 2021 rtona-ia
217 2003 276 2021 ooscr

933 251 1077 273 CLEMENS
1102 251 1129 272 Vl
1158 251 1204 272 Pi».

1743 244 1812 276 499

315 304 513 339 evidentibus
540 304 690 351 appositis
713 304 741 338 iu
776 304 914 339 eisdem:
945 313 973 339 ct
996 304 1066 340 licet
1114 304 1231 339 l‘adulc
1267 317 1337 339 cum
1377 319 1434 341 suo
1471 308 1624 342 ¹suburbio
1663 308 1729 342 sive
1770 308 1863 343 casali

315 353 417 388 dictus
451 354 620 409 ‹pisce-pus
647 367 764 400 seper
798 362 896 389 testes
937 354 1068 388 idoneos
1110 353 1216 388 Sancti
1246 354 1447 401 Αι(1ιιιι·υΙι,
1476 365 1611 391 cistrum
1638 357 1753 392 Montis
1774 357 1864 400 Maii,

314 403 399 437 omni
436 404 622 450 exceptione
655 416 788 438 ιιιι·ιιυιι5
816 403 854 438 de
883 403 1066 445 tenimento

316 460 343 486 lt
349 452 490 491 rritoiiis
506 453 703 487 districtibus
724 461 752 486 ct
769 452 883 487 finibus
901 452 1067 499 praedictis

314 501 481 548 diligenter
530 502 752 541 informaverit,
796 510 899 536 vocata
934 501 970 536 ad
1007 501 1066 536 hoc

316 551 473 597 praedicta
498 552 602 597 regina
632 552 780 597 legitime,
805 551 859 585 sed
884 563 1066 598 comparere

316 613 370 647 per
405 615 437 635 se
468 601 511 635 ul
551 609 784 647 procuratorem
820 600 968 635 idoneum
1004 612 1065 634 nou

315 659 461 690 υιιιιιιιιυς
491 659 593 685 tamen
628 651 692 697 ipse
723 650 854 696 lighilus
887 650 1067 684 infirmitate

314 708 343 733 et
364 699 435 733 aliis
455 678 594 745 legitime
626 699 806 746 impeditus,
833 699 1009 746 prz‘udictos
1036 699 1067 732 fi-

315 762 370 783 nes
406 749 599 795 distinguere
634 762 694 783 nou
725 750 836 796 potuit,
865 762 922 783 nec
955 749 1067 783 liuius—

315 798 399 833 modi
425 799 614 833 territorium
633 799 811 834 terminare.
835 799 966 844 Propter
981 798 1064 844 quod

316 848 516 894 postmodum
543 848 711 882 venerabili
737 848 819 882 fratri
844 857 950 882 nostro
967 848 1066 882 Hani-

315 897 420 936 baldo,
457 897 608 944 episcopo
644 897 839 938 Tusculano,
867 897 1065 944 Apostolicae

313 947 406 981 Sedis
433 947 545 993 legate,
563 948 793 990 commisimus,
814 956 845 981 ut
867 960 963 994 super
983 960 1068 993 prae-

312 996 404 1030 dictis
427 996 645 1031 informatione
667 1006 800 1042 recepta,
827 998 1010 1031 auctoritate
1025 1010 1066 1031 a-

314 1045 461 1091 postolica
484 1054 514 1080 et
536 1045 602 1080 vice
626 1054 742 1087 nostra,
764 1046 967 1085 territorium,
987 1046 1066 1080 {lues

313 1103 342 1128 et
365 1095 528 1129 districtus
552 1095 725 1142 praedictos
745 1095 937 1141 distinguere
957 1108 1065 1142 procu-

313 1153 403 1179 raret:
423 1145 488 1191 qui,
513 1145 584 1179 licet
599 1157 631 1179 se
651 1144 817 1190 diligenter
841 1144 1065 1187 informaverit,

313 1193 349 1227 ad
378 1193 613 1228 distinctionem
647 1202 676 1228 et
704 1194 920 1228 limitationem
962 1202 1063 1227 tamen

313 1243 493 1277 huiusmodi
519 1243 689 1291 procedere
712 1243 824 1282 noluit,
854 1242 944 1276 uobis
970 1255 1066 1289 super

313 1293 371 1327 boc
406 1292 604 1331 inconsuhis,
644 1292 698 1326 sed
736 1292 976 1326 informationes
1012 1305 1065 1338 per

312 1355 383 1377 eum
408 1355 503 1389 super
539 1342 574 1376 iis
601 1350 745 1387 acceptas
782 1341 873 1376 nobis
904 1341 1064 1376 destinare

311 1391 447 1431 curavit;
469 1404 505 1426 ac
533 1404 590 1426 nos
627 1391 769 1425 nolentes
791 1391 875 1438 quod
901 1392 1063 1437 negotium

312 1442 506 1488 praedictum
532 1449 615 1475 tanto
646 1450 787 1487 tempore
816 1441 990 1487 periculose
1014 1440 1065 1474 di-

311 1492 406 1525 latum
440 1491 571 1525 ulterius
605 1491 790 1530 retardetur,
825 1490 1064 1525 informationes

311 1540 486 1587 praedictas
506 1553 561 1588 per
583 1540 705 1588 aliquos
727 1554 762 1574 ex
781 1540 928 1575 fratribus
949 1541 1064 1575 uostris

309 1599 434 1625 sanctae
456 1590 618 1625 Romanae
656 1590 815 1625 Ecclesiae
850 1590 1064 1625 cardinalibus

311 1640 406 1674 videri
440 1648 471 1674 et
504 1640 674 1675 examinari
712 1639 847 1674 fecimus
885 1640 1065 1687 diligenter,

312 1690 520 1724 nihilominus
544 1689 729 1724 mandantes
752 1690 883 1729 eisdem,
908 1698 939 1724 ut
959 1703 994 1724 cx
1017 1703 1065 1723 su-

312 1739 558 1787 perabundantia
582 1751 614 1774 se
635 1753 688 1786 per
704 1747 798 1774 testes
812 1739 940 1774 idoneos
955 1740 1064 1773 linium

311 1789 544 1837 praedictorum
569 1789 720 1823 babentes
750 1789 889 1823 notitiam
913 1789 952 1822 de
976 1802 1066 1835 prac-

311 1839 403 1873 dictis
432 1839 647 1873 informarent.

361 1889 434 1935 §3
471 1888 564 1922 Facta
602 1889 707 1934 itaque
737 1888 827 1922 nobis
852 1901 905 1934 per
940 1900 994 1922 eos
1028 1886 1066 1920 (le

315 1937 482 1985 praedietis
505 1937 779 1972 informationibus
802 1937 950 1971 relatione
971 1936 1067 1980 fideli,

281 2008 299 2020 t*
314 1987 352 2021 de
373 1987 500 2021 fratrum
527 1995 704 2021 nostrorum
730 1986 861 2021 consilio
884 1986 1069 2020 ordinamus

315 2045 344 2070 et
363 2036 571 2076 declaramus,
599 2036 677 2070 fines
704 2044 731 2070 et
761 2036 888 2075 limites,
913 2036 1069 2070 tenimen-

316 2095 379 2120 tum
401 2094 430 2120 et
448 2086 625 2120 districtum
649 2098 704 2120 seu
726 2086 919 2120 territorium
937 2085 1068 2119 ciiitatis

315 2144 440 2170 nostrae
465 2135 640 2182 praedictae
663 2135 903 2170 Beneventauae
931 2136 1068 2169 exEstere

314 2193 344 2219 et
367 2197 438 2220 esse
461 2185 588 2224 debere,
612 2193 641 2219 et
669 2197 705 2219 ex
733 2193 816 2219 certa
836 2185 965 2218 scientia
984 2184 1069 2218 limi-

315 2243 418 2269 tamus
453 2247 507 2281 per
530 2234 659 2269 modum
684 2243 712 2269 et
737 2236 887 2268 terminos
916 2233 1068 2268 infrascri-

314 2293 398 2330 ptos:
429 2285 457 2318 in
483 2284 592 2330 primis
615 2292 751 2318 castrum
777 2283 885 2317 Pontis
914 2283 1068 2317 inhabita-

317 2343 395 2377 tum,
424 2342 454 2368 et
476 2333 548 2367 inde
576 2333 776 2367 ascendendo
804 2333 1068 2367 rastrnmCasal—

317 2383 400 2427 bani,
429 2393 566 2418 castrum
600 2382 712 2429 Campi
742 2382 888 2425 Lactarii‚
930 2392 1067 2417 castrum

315 2432 459 2479 Frangeti
484 2432 660 2471 Monfonis,
683 2440 819 2466 castrum
836 2431 981 2478 Frangeti
1002 2432 1070 2465 Ab·

316 2482 407 2521 batis,
446 2490 582 2516 castrum
610 2482 729 2516 Montis
769 2480 895 2524 Leonis,
930 2489 1067 2515 castrum

314 2531 421 2566 Sancti
442 2531 562 2570 Severi,
578 2540 714 2565 castrum
731 2530 838 2565 Sancti
856 2530 982 2577 Georgii
1007 2530 1068 2564 Mo·

315 2581 436 2621 cinarii,
464 2589 601 2616 castrum
622 2581 727 2616 Sancti
760 2580 893 2615 Andreae
916 2579 955 2615 de
976 2580 1070 2615 Mott-

316 2631 411 2671 naria,
445 2640 580 2666 castrum
613 2630 725 2665 Petrae
762 2629 900 2674 Maioris,
932 2638 1067 2665 castrum

1110 403 1210 437 casale
1233 403 1402 449 'simplam
1417 414 1552 441 castrum
1575 406 1676 453 Apicii
1706 420 1777 441 (um
1814 420 1865 441 ca-

1110 453 1239 493 salibus,
1263 462 1398 487 castium
1434 455 1583 493 lile-wioni
1613 465 1748 490 castrum
1778 455 1867 491 Ven-

1111 502 1218 543 ticaui,
1245 511 1382 537 castrum
1412 503 1528 539 Montis
1549 504 1672 539 Fuscoli
1702 518 1774 540 cum
1811 518 1866 540 ca-

1110 551 1238 593 salibus,
1273 560 1409 587 castrum
1452 554 1544 591 Zufi.
1581 563 1717 588 castrum
1753 554 1863 589 Petrae

1109 601 1277 640 Sturmini,
1296 610 1433 636 castrum
1451 603 1557 637 Sancti
1575 603 1711 643 Martini,
1726 613 1863 638 castrum

1109 650 1324 695 Cerrinariae,
1347 660 1483 685 castrum
1510 652 1625 686 Montis
1654 653 1790 696 Samnii,
1812 666 1865 687 ca-

1109 708 1209 734 strum
1233 700 1314 735 Totii
1338 714 1409 735 cum
1433 701 1589 736 casalibus
1604 729 1612 745 a
1631 710 1766 737 castrum
1790 703 1865 736 Ter-

1111 750 1201 784 luosii
1235 763 1306 785 cum
1344 751 1435 786 casali
1478 750 1583 797 l'apisi
1612 760 1640 785 et
1669 752 1738 785 aliis
1778 764 1865 786 casa-

1110 799 1201 833 libus.
1231 800 1384 835 Volumus
1413 801 1515 847 itaque
1543 809 1573 835 et
1594 802 1765 847 apostolica
1802 814 1864 836 au-

1109 850 1252 884 ctoritate
1275 850 1488 893 deceruimus,
1511 850 1594 897 quod
1620 852 1724 885 omnia
1752 860 1863 890 castra,

1109 900 1219 934 casalia
1249 908 1277 934 et
1306 900 1369 934 loca
1399 901 1576 946 supradicta
1600 914 1670 935 cum
1708 902 1774 935 suis
1802 910 1864 936 ter-

1110 950 1223 984 ritoriis
1251 958 1281 984 et
1305 949 1503 996 pertinentiis
1525 950 1694 989 universis,
1711 964 1747 986 ac
1769 951 1862 985 etiam

1108 1012 1218 1045 castra,
1246 1003 1357 1038 casalia
1381 1014 1409 1038 et
1439 1003 1505 1038 loca
1544 1005 1649 1038 omnia
1687 1017 1758 1039 cum
1800 1006 1865 1039 suis

1110 1057 1318 1102 pertinentiis,
1358 1065 1388 1091 et
1410 1058 1469 1091 alia
1504 1070 1747 1104 quwcumque,
1783 1072 1864 1105 quae

1109 1110 1189 1143 inter
1210 1110 1291 1144 dicta
1316 1119 1427 1150 castra,
1451 1111 1563 1145 casalia
1592 1120 1623 1145 et
1658 1112 1722 1146 loca
1752 1125 1866 1159 supra-

1107 1163 1188 1197 dicta
1213 1172 1365 1198 eteorum
1391 1165 1507 1199 limites
1528 1173 1558 1199 et
1582 1165 1797 1211 pertinentias,
1817 1166 1865 1199 di-

1108 1225 1252 1264 ctamque
1285 1219 1440 1252 civitatem
1478 1218 1732 1253 Beneventanam
1763 1220 1865 1253 iuclu-

1107 1271 1226 1305 duutur
1242 1284 1297 1305 seu
1314 1273 1516 1306 continentur
1543 1272 1794 1319 quomodolibet,
1818 1273 1864 1307 vel

1107 1326 1257 1369 existunt,
1285 1326 1323 1360 de
1352 1327 1521 1370 territorio,
1550 1326 1724 1361 tenimento
1763 1337 1790 1362 et
1814 1328 1865 1361 di-

1107 1383 1215 1416 strictu
1240 1383 1340 1417 dictae
1368 1383 1506 1417 civitatis
1529 1383 1774 1418 Beneventanae
1797 1397 1866 1419 esse

1109 1446 1260 1484 perpetuo
1276 1437 1529 1483 irrefragabiliter
1544 1438 1662 1485 absque
1676 1439 1864 1485 cuiusquam

1107 1493 1359 1528 contradictione
1388 1502 1417 1528 et
1457 1493 1696 1539 impedimento,
1732 1503 1760 1528 et
1785 1494 1865 1528 infra

1107 1547 1228 1582 dictum
1263 1548 1453 1582 territorium
1495 1547 1627 1582 existere
1661 1556 1865 1583 censeantur.

1107 1602 1196 1643 Quae
1218 1610 1329 1640 castra,
1352 1601 1463 1636 casalia
1481 1609 1510 1635 et
1534 1601 1599 1636 loca
1615 1614 1686 1636 cum
1717 1602 1866 1637 omnibus

1109 1657 1231 1699 castris7
1254 1656 1411 1690 casalibus
1438 1664 1467 1690 et
1489 1656 1568 1689 tonis
1594 1669 1629 1690 ac
1656 1656 1724 1690 aliis
1752 1669 1865 1703 supra-

1109 1711 1201 1745 dictis
1220 1711 1256 1745 ad
1287 1711 1335 1745 ius
1375 1719 1403 1744 et
1446 1710 1667 1757 proprietatem
1701 1710 1865 1746 Romanae

1108 1765 1270 1800 Ecclesiae
1294 1765 1449 1812 pertinere
1474 1764 1567 1811 pleno
1591 1764 1669 1804 iure,
1687 1765 1745 1799 boc
1768 1765 1865 1808 salvo,

1109 1819 1193 1866 quod
1222 1820 1247 1853 si
1276 1820 1371 1866 aliqui
1398 1818 1530 1856 nobiles,
1554 1818 1671 1853 autalii
1690 1819 1721 1853 in
1744 1820 1866 1856 castris.

1110 1874 1279 1913 casalibus,
1321 1873 1397 1907 locis
1431 1881 1460 1906 et
1493 1873 1562 1907 aliis
1590 1873 1782 1920 praedictis,
1820 1874 1866 1908 vel

1112 1930 1188 1963 intra
1209 1941 1242 1963 ea
1267 1936 1296 1962 ct
1324 1927 1480 1962 civitatem
1523 1927 1713 1974 praedictam
1748 1928 1868 1975 aliquas

1112 1983 1321 2030 proprietates
1349 1981 1483 2015 babeant
1519 1981 1688 2028 acquisitas
1716 1981 1867 2028 legitime,

1112 2050 1166 2084 per
1194 2037 1255 2071 boc
1279 2036 1323 2070 eis
1348 2049 1409 2069 nou
1441 2035 1643 2069 intendamus
1671 2035 1834 2082 derogare.

1160 2090 1180 2136 ἓ
1202 2093 1234 2124 4.
1264 2089 1345 2124 Nulli
1366 2102 1441 2135 ergo
1468 2089 1598 2123 omnino
1622 2088 1784 2123 bominum
1822 2089 1867 2123 li-

1111 2153 1178 2180 ceat
1194 2146 1273 2180 banc
1289 2146 1433 2191 paginam
1450 2152 1625 2179 nostrarum
1647 2144 1866 2182 ordinationis.

1113 2200 1326 2238 limitationis,
1362 2198 1533 2233 voluntatis
1570 2205 1599 2231 et
1631 2198 1868 2233 constitutionis

1113 2254 1282 2299 iufringere
1303 2253 1347 2287 vel
1371 2253 1397 2287 ei
1417 2265 1495 2287 ausu
1519 2251 1687 2286 temerario
1700 2252 1868 2287 contraire.

1111 2307 1144 2342 Si
1160 2308 1232 2354 quis
1246 2316 1349 2341 autem
1365 2307 1423 2340 boe
1441 2314 1593 2341 attentare
1609 2307 1866 2353 praesumpserit,

1113 2362 1359 2407 indignatimiem
1384 2360 1609 2407 omnipotentis
1638 2359 1707 2404 Dei,
1733 2372 1767 2394 ae
1798 2360 1868 2395 bea-

1113 2423 1213 2449 torum
1238 2414 1321 2448 Petri
1345 2422 1375 2447 et
1397 2413 1483 2448 Pauli
1508 2413 1722 2460 apostolorum
1743 2413 1812 2448 eius
1834 2426 1867 2448 se

1113 2469 1232 2503 noverit
1261 2469 1475 2503 incursurum.

1162 2523 1277 2557 Datum
1294 2522 1455 2556 Avcnione
1472 2521 1607 2568 septimo
1619 2520 1868 2565 kalendasiumi,

1114 2576 1315 2624 pontificatus
1343 2575 1441 2610 noui-i
1465 2588 1547 2610 anno
1572 2588 1616 2610 ix.

1162 2638 1221 2668 [lat.
1242 2638 1287 2667 die
1307 2637 1344 2667 ⁶26
1365 2638 1431 2668 maii
1457 2638 1539 2675 1350,
1560 2637 1660 2676 pontif.
1681 2647 1756 2666 anno
1777 2646 1812 2666 tx.

1879 252 1927 279 Αιι.
1950 253 1977 277 ιἰᾟ
1997 251 2063 277 1350

1914 2096 2024 2117 Clausulae
