2274 3265
213 273 261 298 An.
281 272 307 297 (ἶ.
328 272 393 298 ¹289

460 257 506 288 90

459 321 524 365 Ego
548 318 728 353 Rei-nardus
751 317 947 359 Por-tuensis‚
974 325 1004 350 et
1027 315 1159 349 Sanctae

408 370 542 403 Rufinae
570 368 738 414 episcopus
765 365 950 412 subscripsi.

458 418 523 463 Ego
547 417 704 451 Ber-ardus
737 415 963 450 Praenestinus
990 414 1161 460 episcopus

409 467 591 512 subscripsi.

460 515 526 561 Ego
554 515 647 549 frater
668 514 763 559 Ilugo
787 513 831 548 tit.
862 513 996 547 Sanctae
1026 511 1162 545 Sabinae

411 565 573 612 presbyter
591 563 757 598 cardinalis
777 562 964 608 subscripsi.

458 614 525 659 Ego
549 613 726 648 Matthaeus
747 612 882 647 Sanctae
904 611 1019 645 Mariae
1037 609 1065 643 in
1082 608 1163 642 Por-

411 665 472 697 ticu
496 664 650 697 diaconus
671 660 839 697 cardinalis
861 659 1049 705 subscripsi.

459 712 527 758 Ego
555 712 748 746 Benedictus
771 710 876 745 Sancti
900 709 1018 743 Nicolai
1040 707 1069 740 in
1089 705 1165 740 Car-

410 774 481 797 cere
512 761 658 795 Tulliano
693 760 845 794 diaconus
883 757 1052 792 cardinalis
1087 754 1163 790 sub-

411 811 534 857 scripsi.

461 860 527 906 Ego
549 859 664 894 Petrus
694 857 801 893 Sancti
829 855 988 891 Eustachii
1013 854 1165 888 diaconus

410 909 576 944 cardinalis
598 907 782 954 subscripsi.

459 957 575 992 Datum
614 956 713 991 Reate
757 969 812 1003 per
851 966 978 989 manum
1023 951 1164 998 magistri

410 1007 536 1042 Ioannis
562 1007 670 1040 decani
687 1005 884 1048 Baiocensis7
911 1003 945 1037 S.
969 1002 1008 1036 R.
1031 1001 1069 1036 E.
1089 1001 1167 1035 vice-

410 1056 601 1095 cancellarii,
634 1055 758 1089 decimo
785 1055 897 1101 quinto
931 1051 1082 1086 kalendas
1107 1062 1165 1084 au-

411 1106 514 1152 gusti⁷
543 1104 718 1139 indictione
753 1103 912 1145 secunda,
941 1099 1167 1136 incarnationis

413 1155 589 1189 dominicae
623 1166 707 1188 anno
743 1153 911 1187 millesimo
946 1149 1167 1185 ducentesimo

412 1205 629 1249 octuagesimo
652 1215 754 1243 nono,
780 1201 981 1249 pontificatus
1009 1210 1082 1233 vero
1110 1197 1167 1232 do—

414 1254 488 1287 miui
510 1252 628 1287 Nicolai
652 1252 756 1298 Papae
778 1251 878 1298 quarti
907 1262 990 1284 anno
1013 1248 1166 1283 secundo.

481 1314 542 1343 Dat.
561 1314 608 1343 die
632 1314 668 1343 r18
692 1313 756 1343 iulii
775 1322 852 1342 anno
876 1311 989 1341 Domini
1014 1310 1099 1342 1289,

666 1357 769 1396 pontif.
789 1365 865 1385 anno
885 1365 913 1385 11.

766 1505 817 1540 IV.

415 1582 606 1627 Approbotio
637 1580 754 1613 Tertiae
769 1578 901 1622 Requlne
927 1578 1061 1621 fratrum
1083 1582 1109 1608 et
1124 1587 1170 1608 so-

463 1642 569 1664 rorum
602 1629 697 1662 Tertii
731 1629 861 1662 Ordinis
883 1639 903 1660 a
930 1626 966 1658 Β.
1006 1626 1170 1659 Frarici'sco

464 1682 631 1717 institutae,
665 1690 721 1722 pro
744 1678 952 1711 saecularibus
982 1677 1014 1708 in
1035 1676 1171 1720 propriis

464 1730 604 1762 domibus
624 1721 808 1769 viventibus,
835 1726 994 1759 Tertiart'i’s
1013 1736 1170 1768 imncupa-

465 1780 501 1811 tis
523 1782 578 1819 (tt.

683 1854 804 1885 SUMMA
811 1853 896 1883 [ttUtt

417 1924 603 1954 Prooemium.
619 1939 657 1944 —
671 1921 738 1960 Gap.
751 1921 770 1950 l.
782 1921 908 1950 Examen
922 1919 1170 1958 recipiendorum.

455 1985 492 1989 —
510 1967 542 1996 II.
565 1967 604 1996 De
614 1967 780 2005 receptione
800 1966 834 1995 ad
848 1964 1046 2004 probationem
1062 1968 1088 1992 et
1105 1972 1172 2001 pro-

457 2013 624 2047 fessionem,
643 2021 675 2041 ac
697 2011 856 2040 stabilitate
876 2010 903 2038 in
931 2009 1041 2038 ordine⁴
1065 2025 1103 2029 —
1126 2007 1171 2037 III.

457 2056 494 2086 De
514 2057 613 2086 babitu
643 2061 669 2084 et
688 2054 869 2084 indumentis
893 2053 1014 2082 fratrum
1035 2057 1062 2081 et
1091 2061 1173 2081 soro-

457 2110 530 2129 rum.
553 2117 591 2122 —
626 2098 670 2128 IV.
702 2098 740 2128 De
770 2097 948 2137 spectaculis
972 2101 999 2125 et
1031 2096 1171 2125 conviviis

456 2144 591 2174 vitandis.
608 2161 646 2166 -
663 2143 695 2172 V.
715 2143 754 2172 De
773 2142 902 2171 ieiuniis.
922 2157 961 2163 —
976 2140 1021 2170 Π.
1041 2140 1080 2169 De
1099 2140 1172 2170 Con—

458 2190 586 2218 sessione
607 2193 634 2218 et
652 2187 875 2217 communione.
893 2202 932 2206 —
950 2182 1006 2214 Vll.
1020 2183 1058 2213 De
1077 2193 1172 2214 armo-

457 2243 520 2262 rum
542 2233 698 2263 delatione.
721 2248 758 2252 —
777 2229 847 2259 VIII.
872 2229 909 2258 De
936 2230 1072 2258 horarum
1097 2230 1173 2258 reci-

458 2278 565 2307 tatione
594 2281 623 2306 et
651 2276 716 2305 aliis
754 2273 948 2304 orationibus.
980 2291 1019 2296 -
1055 2273 1098 2302 IX,
1134 2273 1171 2302 De

457 2321 650 2350 testamentis.
682 2336 720 2341 —
749 2319 779 2348 X.
803 2319 841 2348 De
874 2328 955 2357 pace.
986 2336 1026 2341 —
1057 2318 1100 2347 XI.
1134 2317 1171 2347 De

459 2367 607 2395 vexatione
627 2370 726 2394 contra
747 2364 910 2403 privilegia.
929 2381 967 2385 —
983 2362 1041 2392 XII.
1059 2362 1098 2392 De
1122 2363 1171 2392 iu-

457 2411 607 2440 ramentis.
635 2427 674 2432 —
696 2409 765 2438 xttt.
790 2409 827 2438 De
855 2409 943 2438 missa
967 2408 1112 2438 audienda
1145 2412 1173 2437 ct

453 2477 491 2511 (t)
509 2476 655 2503 Nonnullas
666 2476 794 2503 Ordinem
815 2475 885 2501 hunc
901 2478 1092 2501 concernentes
1109 2482 1171 2501 con—

419 2517 568 2543 stitutiones
585 2525 612 2543 se
629 2517 849 2550 praetermisisse,
871 2515 965 2542 asserit
989 2514 1171 2541 Cberubinus:

420 2556 486 2582 illam
512 2557 581 2583 enim
607 2558 632 2582 in
664 2556 742 2582 viridi
767 2563 825 2582 esse
847 2555 917 2585 vult,
939 2562 1008 2589 quae
1027 2554 1122 2589 legitur
1148 2554 1171 2579 in

421 2596 505 2622 Leone
522 2597 546 2622 X
565 2597 702 2630 incipien.‚
720 2597 789 2621 Dum
801 2595 881 2628 insi-u.
896 2594 969 2621 Hanc
987 2602 1050 2621 vero
1071 2593 1173 2619 Cheru-

420 2636 471 2661 bini
493 2637 613 2671 exempto
631 2645 681 2663 non
714 2635 887 2663 omittendam
909 2634 1010 2669 putari.

994 260 1095 282 BULLA
1101 259 1181 282 ttttm
1205 258 1367 281 ROMANUM

1243 312 1469 350 congregatione
1483 309 1625 338 facienda.
1640 324 1680 331 —-
1694 307 1763 337 XIV.
1776 306 1814 336 De
1831 307 1955 336 intirmis

1242 361 1269 385 et
1287 355 1418 394 exequiis
1447 353 1663 383 defunctorum.
1685 367 1724 372 —
1745 349 1802 379 XV.
1830 348 1870 379 De
1894 349 1957 380 offi-

1243 399 1298 429 ciis
1320 403 1398 428 recte
1418 395 1670 428 administrandis.
1688 410 1727 416 -—
1744 391 1813 423 XVI.
1836 392 1876 423 De
1891 402 1957 423 cot·-

1242 443 1372 473 rectione
1400 440 1646 480 delinquentium.
1672 455 1712 461 —
1733 436 1815 466 xvlt.
1837 436 1876 467 De
1895 437 1956 467 liti>-

1244 488 1300 524 =eiis
1324 487 1457 516 vitandis.
1487 502 1525 507 —-
1552 482 1646 513 xvtlt.
1673 482 1711 511 De
1734 481 1958 519 dispensatione

1243 532 1319 561 circa
1341 531 1545 560 abstinentias.
1567 546 1606 551 -—
1622 527 1691 557 XIX.
1711 527 1748 556 De
1772 526 1960 564 incorrigibi—

1244 576 1332 605 libus.
1352 592 1391 598 -
1407 574 1462 604 XX.
1482 574 1520 603 De
1540 583 1597 603 non
1616 570 1843 602 observantibus
1867 578 1958 607 regu-

1244 620 1313 650 lam.
1331 637 1372 642 —
1388 619 1505 650 Sanctio
1525 617 1668 657 poenalis.

1204 687 1329 715 Nicotaus
1347 687 1489 722 episcopus
1505 692 1598 715 servus
1619 691 1760 714 servorum
1778 683 1834 716 Dei.
1851 682 1962 712 dilectis

1250 735 1315 764 tuiis
1334 735 1482 768 fratribus,
1507 736 1536 763 et
1554 735 1664 763 dilectis
1682 734 1710 762 in
1725 733 1835 762 Christo
1854 732 1962 760 filiabus

1250 785 1390 814 sororibus
1409 785 1513 813 ordinis
1530 784 1653 813 fratrum
1668 783 1700 812 de
1712 782 1891 815 Paenitentia.
1902 782 1961 810 tam

1250 834 1442 870 praesentibus
1465 839 1545 869 quam
1564 832 1681 866 futuris.
1701 831 1820 861 salutem
1839 832 1868 860 ot
1896 837 1962 867 apu-

1253 883 1382 912 stolioam
1400 882 1623 910 benedictionem.

1258 945 1359 992 Supra
1389 953 1527 979 montem
1555 944 1728 979 catholicae
1756 943 1839 982 fidei,
1866 955 1961 990 quam

1210 996 1335 1042 populis
1358 995 1517 1040 gentium,
1545 994 1598 1040 qui
1622 992 1827 1028 ambulabant
1856 993 1884 1026 in
1910 1001 1962 1027 te·—

1210 1044 1332 1083 nebris,
1355 1043 1585 1090 discipulorum
1607 1042 1726 1077 Christi
1755 1042 1876 1077 sincera
1899 1041 1963 1076 de·-

1210 1094 1292 1127 votio
1315 1094 1386 1140 igne
1405 1093 1542 1126 caritatis
1566 1100 1771 1133 exaestuans,
1801 1090 1896 1126 verbo
1918 1103 1964 1125 so—

1210 1143 1314 1177 licitae
1351 1142 1597 1188 praedicationis
1632 1140 1778 1184 edocuit,
1804 1152 1965 1187 quamque

1212 1192 1353 1226 Romana
1374 1201 1458 1225 tenet
1480 1199 1509 1225 et
1526 1198 1628 1225 servat
1649 1189 1804 1230 Ecclesia,
1826 1189 1964 1224 solidum

1210 1241 1399 1276 christianae
1442 1240 1604 1286 religionis
1646 1239 1781 1285 positum
1824 1240 1965 1274 noscitur

1212 1290 1470 1333 fundamentum⁷
1498 1289 1593 1323 nullis
1612 1301 1760 1335 umquam
1785 1288 1965 1323 concutien-

1211 1339 1287 1373 dum
1324 1338 1519 1377 turbinibus,
1549 1338 1645 1373 nullis
1667 1337 1882 1385 quassandum
1904 1336 1965 1372 ssu-

1211 1389 1315 1424 ctibus
1337 1395 1572 1435 tempestatum.
1597 1387 1682 1422 Haec
1704 1395 1752 1422 est
1774 1388 1891 1422 etenim
1914 1397 1965 1421 re-

1212 1446 1259 1473 cta
1271 1466 1279 1482 ,
1303 1450 1436 1484 veraque
1452 1437 1541 1478 fides,
1563 1436 1682 1483 absque
1700 1437 1791 1471 cuius
1805 1436 1965 1471 consortio

1213 1499 1306 1522 nemo
1322 1488 1352 1522 in
1371 1495 1521 1533 cospectu
1544 1485 1698 1521 Altissimi
1722 1493 1872 1532 acceptus
1891 1483 1966 1521 red·

1212 1537 1307 1577 ditur.
1335 1548 1429 1571 nemo
1445 1536 1603 1582 gratiosus
1625 1535 1773 1570 occurrit.
1802 1534 1887 1569 Haec
1905 1542 1964 1574 est,

1212 1598 1292 1632 quae
1328 1586 1439 1620 salutis
1467 1586 1610 1620 semitam
1647 1591 1826 1631 praeparat,
1862 1591 1892 1619 et
1919 1583 1966 1618 fe-

1214 1636 1337 1670 licitatis
1364 1643 1510 1669 aeternae
1541 1634 1676 1681 praemia
1703 1634 1882 1680 gaudiaque
1905 1633 1966 1679 pol-

1214 1685 1336 1719 licetur.
1364 1684 1503 1731 Ideoque
1539 1684 1696 1730 gloriosus
1723 1683 1842 1717 Cbristi
1878 1682 1967 1717 Con-

1214 1734 1313 1769 sessor
1338 1733 1374 1768 B.
1398 1733 1588 1768 Franciscus
1616 1733 1711 1767 buius
1733 1732 1853 1767 ordinis
1876 1732 1967 1767 insti-

1214 1791 1310 1827 tutor,
1326 1784 1406 1818 viam
1423 1782 1614 1817 ascendendi
1629 1782 1666 1816 ad
1682 1782 1854 1816 Dominum
1872 1781 1966 1816 verbo

1215 1833 1329 1879 pariter
1359 1840 1389 1867 et
1423 1832 1567 1878 exemplo
1595 1832 1829 1875 demonstrans,
1866 1831 1966 1878 ipsius

1214 1882 1394 1917 sinceritate
1418 1881 1488 1916 fidei
1516 1894 1591 1916 suos
1614 1881 1693 1915 tilios
1716 1881 1869 1920 erudivit⁷
1895 1892 1968 1914 eos·

1214 1944 1275 1978 que
1299 1931 1380 1966 illam
1410 1931 1561 1978 profiteri,
1585 1937 1766 1965 constanter
1788 1939 1906 1971 tenere,
1929 1929 1968 1963 si-

1215 1982 1330 2015 militer
1352 1993 1386 2014 ac
1410 1992 1504 2027 opere
1529 1980 1626 2014 voluit
1647 1979 1834 2026 adimplere,
1857 1987 1889 2013 ut
1913 1990 1968 2026 per

1213 2031 1283 2064 eius
1307 2030 1452 2064 semitam
1480 2030 1647 2064 salubriter
1671 2029 1866 2072 incedentes,
1893 2040 1968 2063 me·-

1215 2087 1359 2114 rerentur
1375 2088 1444 2126 post
1467 2080 1544 2113 vitae
1566 2079 1740 2125 praesentis
1762 2077 1967 2123 ergastulum,

1214 2137 1360 2163 aeternae
1384 2128 1588 2163 beatitudinis
1610 2128 1688 2162 ellici
1718 2138 1927 2174 possessores.

1249 2202 1294 2234 De
1321 2202 1410 2234 modo
1437 2201 1641 2234 examinandi
1665 2201 1794 2233 volentes
1815 2199 1932 2232 intrare

1381 2251 1414 2282 in
1435 2250 1584 2283 ordinem.
1604 2270 1653 2275 —
1671 2248 1752 2283 CAP.
1777 2248 1800 2282 l.

1264 2321 1328 2356 Nos
1352 2321 1445 2367 igitur
1466 2320 1610 2355 ordinem
1646 2320 1751 2367 ipsum
1779 2319 1968 2367 opportunis

1216 2372 1372 2406 favoribus
1400 2379 1648 2418 prosequentes,
1688 2370 1727 2404 ad
1766 2370 1835 2405 eius
1865 2381 1968 2415 augu-

1216 2428 1358 2455 mentum
1388 2420 1559 2467 benignius
1594 2419 1813 2459 intendentes,
1853 2419 1968 2454 statui-

1216 2483 1297 2514 mus,
1322 2478 1354 2504 nt
1381 2482 1504 2513 omnes,
1526 2481 1608 2517 quos
1630 2469 1666 2504 ad
1689 2469 1877 2505 servandum
1906 2468 1967 2503 ltu-

1215 2519 1350 2554 iusmodi
1380 2519 1458 2554 vitae
1483 2519 1614 2555 formam
1643 2519 1761 2555 assumi
1790 2519 1968 2565 contigerit,

1215 2577 1287 2603 ante
1322 2569 1569 2616 assumptionem
1599 2582 1654 2604 seu
1684 2569 1895 2616 receptionem
1913 2569 1968 2616 ip-

1215 2630 1342 2663 sorum,
1371 2618 1409 2652 de
1444 2618 1505 2653 tide
1537 2618 1688 2653 catholica
1732 2626 1761 2653 et
1789 2618 1965 2653 obedientia

1972 252 2020 278 Αη.
2037 252 2063 278 C.
2083 252 2154 278 1²8⁹

2270 1594 2274 1855 Ι

1996 2338 2086 2358 Examen
2111 2330 2169 2358 reei-

1983 2370 2113 2396 plendorum.
