2274 3265
239 289 287 315 An.
307 289 333 314 C.
356 289 421 315 1589

252 744 286 765 His
327 745 420 766 firmatus.

239 777 262 795 ad
305 776 421 795 huiusmodi

238 806 284 825 testi
298 806 422 831 public-itio-

239 842 285 856 nem
302 840 321 856 et
347 836 422 856 obser-

239 871 327 887 martiam
341 868 423 893 episeo-

240 905 275 923 ,ως
284 902 422 924 caeterosque

239 929 360 950 adhortatur

281 2351 300 2371 (t
309 2352 394 2373 insulae,

483 275 551 308 604

435 342 547 376 missae
573 351 609 373 ae
637 338 867 386 praedictarum
896 338 1042 372 horarum
1068 336 1178 371 osticiis

436 392 634 424 interessent.
657 395 783 423 centnm
800 387 866 421 dies
888 386 1023 433 singulis
1050 394 1177 419 octava-

435 453 502 475 rum
525 440 661 485 ipsarum
686 437 798 471 diebus
817 436 854 469 «le
878 436 1103 483 omnipotentis
1122 434 1177 468 Dei

434 487 662 527 misericordia,
685 495 714 521 et
739 486 899 520 beatorum
930 485 1009 519 Petri
1037 493 1065 518 et
1089 484 1176 518 Panli

433 537 646 585 apostolorum
670 537 738 570 eius
765 536 947 570 anctoritate
970 536 1118 575 conlisus,
1140 534 1177 566 de

435 588 581 622 iniunctis
613 586 670 621 sibi
702 585 903 633 poenitentiis
933 583 1179 618 misericorditer

435 636 590 672 relaxavit.

483 687 503 734 S
536 690 568 721 5.
603 685 647 719 Ne
675 692 798 726 autem,
822 697 876 730 pro
904 681 1054 728 eoquod,
1083 681 1180 726 ipsius

438 734 687 783 praedecessoris
702 734 942 780 superveniente
957 731 1058 769 obitu,
1074 729 1179 763 literae

436 785 624 832 apostolicae
643 797 738 830 super
753 783 931 830 praemissis
953 780 1112 814 conlectae
1129 779 1179 811 mi-

438 836 520 869 nime
556 835 747 875 extiterunt,
784 830 963 866 huiusmodi
997 828 1180 862 constitutio

436 885 509 919 dicti
524 883 771 931 praedecessoris
795 882 958 915 frustretur
980 878 1109 912 effectu:
1128 890 1181 911 vo-

436 934 534 967 lentes
556 941 585 966 et
612 933 794 966 auctoritate
818 928 988 976 apostolica
1008 927 1182 961 decernen-

436 992 491 1023 tes,
523 983 604 1029 quod
634 980 811 1014 huiusmodi
848 976 1029 1013 constitutio
1056 989 1071 1010 a
1100 975 1180 1010 dicta

435 1032 496 1075 die,
525 1029 665 1065 videlicet
688 1039 774 1063 sexto
803 1028 872 1061 idus
894 1026 999 1073 aprilis
1016 1054 1023 1067 ,
1052 1025 1181 1072 perinde

437 1081 583 1115 sortiatur
606 1079 774 1118 effectum,
798 1089 832 1111 ac
859 1077 883 1111 si
911 1088 1006 1122 super
1033 1088 1066 1109 ea
1091 1087 1181 1122 prae-

435 1129 608 1164 decessoris
624 1129 730 1162 literae
745 1126 804 1161 sub
821 1127 918 1173 ipsius
940 1125 1001 1160 diei
1018 1124 1087 1159 data
1103 1136 1180 1159 con-

436 1180 531 1214 tectae
555 1178 702 1219 tuissent,
723 1185 815 1224 prout
836 1175 983 1222 superius
1001 1182 1179 1209 enarratur:

435 1230 583 1276 quodque
607 1235 788 1274 praesentes
811 1226 915 1260 literae
930 1224 966 1259 ad
984 1223 1179 1271 probandum

437 1279 525 1324 plene
554 1276 811 1312 constitutionem
845 1273 1028 1309 huiusmodi
1065 1273 1181 1320 ubique

436 1327 603 1365 sufficiant,
629 1339 684 1361 nec
706 1325 743 1360 ad
768 1325 797 1359 id
827 1324 1022 1371 probationis
1051 1323 1182 1357 alterius

437 1376 663 1412 adminiculum
689 1375 880 1422 requiratur:
899 1374 1065 1408 universos
1093 1373 1184 1420 patri-

438 1427 558 1466 archas,
577 1426 841 1472 archiepiscopos,
869 1424 1037 1471 episcopos
1056 1431 1085 1457 et
1106 1422 1184 1457 alios

438 1476 649 1511 Ecclesiarum
671 1474 824 1520 praelatos
844 1485 1010 1507 monemus
1030 1480 1059 1506 et
1079 1472 1184 1506 horta-

439 1539 508 1561 mur
531 1526 559 1559 in
584 1525 729 1563 Domino,
755 1536 808 1570 per
822 1522 993 1570 apostolica
1009 1522 1053 1557 eis
1069 1522 1183 1568 scripta

438 1577 467 1609 in
496 1576 607 1609 virtute
642 1582 765 1608 sanctae
804 1572 1003 1607 obedientiae
1044 1570 1183 1606 districte

439 1623 661 1671 praecipiendo
677 1623 860 1658 mandantes
874 1630 903 1657 et
919 1622 948 1656 in
966 1621 1183 1656 remissionem

438 1675 653 1721 peccaminum
693 1673 890 1719 iniungentes
907 1699 916 1716 ,
942 1679 1097 1718 quatenus
1124 1678 1184 1705 tam

439 1724 609 1769 gloriosum
630 1723 740 1757 festum
757 1730 787 1756 et
803 1721 925 1757 celebre
942 1720 1031 1755 annis
1051 1720 1185 1766 singulis

439 1782 525 1808 sexto
559 1784 656 1807 nonas
688 1772 779 1815 iulii,
809 1780 841 1806 ut
870 1770 1053 1818 praefertur,
1076 1769 1187 1804 devote

440 1835 475 1857 ac
501 1823 682 1858 solemniter
704 1821 885 1865 celebrent,
913 1833 948 1855 ac
972 1820 1123 1855 ieiunium
1149 1821 1188 1853 vi-

440 1872 529 1919 giliae
558 1871 739 1906 huiusmodi
767 1872 915 1906 suadeant
939 1870 968 1905 in
984 1877 1186 1916 augmentum

442 1923 541 1956 meriti
570 1922 739 1965 observari,
766 1930 796 1956 et
812 1921 923 1955 faciant
948 1933 1004 1967 per
1027 1919 1188 1954 universas

441 1971 597 2006 Ecclesias
624 1984 751 2007 suarum
775 1971 934 2006 civitatum
955 1979 984 2005 et
1005 1970 1187 2005 dioecesum

444 2021 604 2061 celebrari,
628 2024 663 2056 ac
677 2022 814 2056 osticium
833 2022 936 2068 peragi
953 2021 1187 2068 supradictum:

444 2081 477 2106 ut
504 2073 549 2119 pia
572 2072 712 2107 eiusdem
737 2071 874 2118 Virginis
898 2072 1011 2106 Mariae
1046 2072 1188 2106 interces-

445 2127 532 2161 sione
555 2127 613 2173 ipsi
637 2126 754 2161 Christi
778 2126 901 2166 fideles,
925 2135 954 2161 et
984 2127 1033 2160 liic
1056 2139 1071 2160 a
1088 2126 1190 2161 noxiis

446 2182 588 2227 protegi,
617 2189 647 2215 et
680 2181 710 2214 in
738 2180 842 2215 futuro
866 2181 1055 2227 sempiterna
1079 2180 1188 2226 gaudia

444 2236 593 2282 consequi
618 2243 807 2270 mereantur.

493 2290 513 2337 g
534 2291 565 2324 6.
583 2289 665 2324 Nulli
681 2301 755 2335 ergo
772 2290 900 2323 omnino
915 2289 1079 2323 bominum
1100 2288 1187 2324 liceat

446 2345 524 2379 hanc
559 2352 683 2378 nostrae
712 2344 902 2387 voluntatis,
930 2344 1189 2382 constitutionis,

445 2400 639 2442 monitionis,
662 2399 846 2433 hortationis
873 2406 902 2432 et
926 2398 1060 2432 mandati
1095 2400 1186 2443 pagi-

446 2467 515 2488 nam
540 2453 721 2500 insi-ingere,
745 2462 795 2487 etc.

495 2507 607 2542 Datum
623 2508 743 2542 Romae.
766 2507 847 2554 apud
866 2507 899 2542 S.
923 2507 1064 2542 Petrum.
1082 2509 1189 2553 quinto

447 2562 517 2597 idus
545 2561 732 2605 novembris,
761 2562 960 2608 pontificatus
982 2562 1078 2595 nostri
1107 2573 1189 2595 anno

448 2617 558 2662 primo.

480 2677 539 2707 Dat.
554 2678 598 2708 die
614 2679 631 2706 ‘J
648 2677 812 2708 novembris
832 2679 913 2715 1389,
931 2683 1007 2717 pont.
1024 2687 1099 2707 anno
1116 2686 1132 2707 i.

1079 280 1263 304 nummum
1293 278 1404 301 ttoMAN
1410 278 1453 300 tm

1576 332 1613 366 ll.

1223 415 1366 448 Gamerae
1398 413 1590 458 Apostolicae
1618 413 1697 446 bona
1730 413 1890 446 detinentes
1919 426 1970 447 seu

1270 465 1348 497 alias
1375 462 1600 507 quomodolibet
1630 468 1825 506 occupantes,
1849 463 1969 496 sciewes

1270 524 1387 557 quoque
1417 519 1442 544 et
1469 523 1531 545 non
1559 512 1731 549 revelantes,
1768 514 1969 544 excommuni-

1270 563 1413 600 cationis,
1436 562 1565 606 aliisque
1584 561 1688 605 poenis
1715 561 1885 605 plectuntur
1912 562 1967 604 (l).

1493 647 1704 678 SUMMARIUM

1226 714 1424 744 triumuirum
1442 714 1632 753 cupiditatem
1651 713 1804 744 fraudibus
1822 714 1881 745 fere
1897 725 1972 745 sem-

1263 768 1313 797 per
1337 760 1465 788 innixam
1499 758 1585 788 dolet.
1613 776 1651 781 —-
1673 759 1700 788 02.
1733 758 1809 788 Bona
1835 759 1972 790 Gamerae

1261 807 1401 842 occupata
1422 803 1516 833 eidem
1534 803 1647 833 restitui
1665 804 1753 833 iubet.
1770 821 1808 826 —
1821 804 1847 834 3.
1859 804 1973 835 Additis

1261 848 1353 886 dupli,
1376 865 1413 869 —
1444 847 1774 884 Excommunicafionis,
1806 866 1842 870 —
1862 848 1894 878 Et
1911 851 1973 888 pri-

1263 892 1387 922 vationis
1411 896 1470 921 tum
1496 891 1720 929 beneficiorum,
1745 897 1803 922 tum
1832 893 1974 923 bonorum

1264 937 1376 976 poenis.
1399 954 1437 959 —
1458 937 1486 967 t.
1509 936 1621 966 Poenas
1641 937 1759 967 easdem
1783 938 1819 967 ad
1838 947 1895 968 non
1925 948 1973 968 re-

1264 981 1393 1011 velantes
1429 981 1472 1010 vel
1496 982 1690 1020 imposterum
1710 982 1811 1012 eadem
1836 982 1909 1012 bona
1927 994 1976 1012 uc-

1263 1030 1406 1065 cupantes
1424 1026 1561 1055 extendit.
1590 1042 1628 1047 —
1654 1025 1681 1054 5.
1708 1025 1858 1056 Publicari
1886 1036 1973 1066 prae-

1263 1075 1361 1101 sentes
1381 1071 1481 1100 literas
1501 1071 1629 1100 mandat.
1647 1087 1684 1092 -—
1702 1071 1729 1100 6.
1749 1070 1915 1100 clausulae.

1258 1146 1413 1175 Bonifaoius
1432 1146 1573 1182 episcopus
1594 1152 1687 1174 servus
1707 1152 1846 1175 servorum
1870 1146 1931 1179 Dei,

1380 1196 1414 1224 ad
1434 1195 1558 1224 futuram
1585 1196 1627 1224 rei
1650 1195 1816 1225 memoriam.

1272 1269 1291 1315 ,ξ
1324 1272 1351 1302 t.
1382 1268 1483 1303 Caeca
1518 1267 1697 1313 cupiditas,
1726 1268 1975 1314 inextinguibilis

1224 1318 1328 1358 ardor,
1356 1325 1384 1351 et
1410 1318 1477 1352 sitis
1505 1316 1691 1352 insatiabilis
1714 1318 1925 1364 quorumdam
1944 1320 1973 1353 in

1224 1375 1345 1403 tantum
1373 1367 1469 1402 crevit
1484 1366 1631 1407 habendi,
1652 1374 1696 1411 ut,
1723 1368 1911 1414 experientia
1934 1376 1973 1404 te-

1224 1426 1282 1456 ste,
1311 1430 1373 1451 non
1410 1416 1466 1450 viis
1498 1424 1527 1451 et
1561 1416 1681 1450 artibus
1708 1416 1847 1452 honestis
1883 1427 1975 1466 atquc
2023 1421 2026 1424 ⁴

1227 1466 1389 1514 permissis
1411 1466 1449 1500 ad
1475 1479 1537 1501 rein
1558 1466 1741 1500 familiarem
1766 1467 1928 1502 tutandam
1947 1477 1977 1502 et

1226 1517 1399 1563 augendam
1438 1515 1613 1555 insudent,
1642 1528 1748 1550 verum
1772 1516 1884 1556 eiiam,
1922 1519 1977 1552 viis

1227 1567 1304 1613 ipsis
1329 1574 1359 1600 ut
1384 1565 1555 1613 plurimum
1584 1564 1751 1605 derelictis,
1769 1574 1798 1601 et
1820 1566 1977 1602 abstinere

1226 1629 1241 1650 a
1258 1616 1359 1650 vetitis
1382 1615 1569 1654 nescientes,
1593 1627 1628 1649 ac
1651 1614 1745 1660 furto,
1768 1615 1880 1655 fraudi,
1906 1617 1978 1652 dolo

1229 1665 1322 1704 malo,
1348 1664 1478 1711 rapinis,
1493 1663 1706 1708 occultationi,
1723 1665 1857 1713 aliisque
1877 1667 1980 1701 modis

1230 1714 1371 1762 reprobis
1394 1714 1563 1754 inhiantes,
1596 1713 1633 1748 ad
1663 1713 1740 1748 hona
1768 1715 1978 1751 ecclesiastica

1229 1765 1265 1798 ad
1294 1764 1459 1799 Cameram
1493 1763 1707 1810 Apostolicam
1730 1772 1759 1799 et
1787 1765 1825 1799 ad
1853 1777 1911 1800 nos
1934 1767 1977 1800 vel

1229 1814 1267 1849 de
1305 1814 1424 1848 directo
1448 1813 1493 1847 vel
1517 1826 1554 1848 ex
1584 1815 1795 1849 reservatione
1817 1814 1919 1862 aliqua
1942 1816 1978 1850 ad

1230 1873 1366 1898 nostram
1388 1872 1417 1898 et
1434 1863 1503 1898 eius
1519 1862 1758 1910 dispositionem
1782 1865 1980 1911 pertinentia,

1230 1926 1309 1961 quae
1338 1927 1393 1961 pro
1416 1913 1653 1948 conservatione
1676 1921 1706 1947 et
1733 1922 1924 1960 augumento
1943 1915 1980 1949 fi-

1230 1964 1280 1999 dei
1296 1964 1468 1998 catholicae
1491 1976 1525 1998 ac
1542 1963 1727 1998 universalis
1742 1964 1937 2011 reipublicae
1952 1975 1981 2000 et

1231 2015 1374 2049 alimonia
1390 2026 1576 2062 pauperum,
1592 2013 1724 2061 aliisque
1736 2014 1795 2061 piis
1812 2014 1920 2050 usibus
1933 2016 1980 2050 de-

1232 2064 1666 2113 putatasunt,avidasmanus
1677 2064 1981 2113 extendant2illaque

1232 2116 1365 2163 rapiant,
1388 2114 1527 2163 capiant,
1542 2122 1697 2162 occupent
1719 2122 1747 2149 et
1768 2123 1931 2162 usurpent,
1946 2129 1980 2151 ea

1233 2165 1398 2201 restituere
1426 2165 1526 2200 dictae
1553 2163 1707 2199 Gamerae
1734 2177 1795 2199 nou
1823 2174 1979 2201 curantes:

1231 2215 1359 2263 quidam
1378 2228 1450 2250 vero
1466 2215 1515 2249 alii
1533 2215 1775 2261 praemissorum
1791 2227 1852 2249 non
1869 2215 1980 2262 ignari,

1232 2266 1277 2300 vel
1303 2265 1561 2312 pusillanimitate
1575 2271 1628 2298 aut
1642 2265 1827 2311 negligentia
1844 2264 1979 2312 quadam

1231 2329 1264 2351 ea
1288 2315 1436 2362 gentibus
1458 2315 1559 2350 dictae
1581 2313 1744 2355 Gamerae,
1769 2327 1823 2362 per
1844 2327 1921 2362 quas
1943 2316 1979 2350 ad

1232 2378 1289 2400 nos
1312 2365 1507 2413 proveniant,
1523 2378 1583 2400 non
1601 2365 1737 2399 revelant
1757 2366 1785 2399 in
1804 2365 1979 2400 animarum

1231 2428 1357 2450 suarum
1385 2429 1477 2463 grave
1507 2415 1696 2463 periculum,
1715 2424 1745 2450 et
1766 2414 1909 2449 eiusdem
1925 2415 1980 2450 Ca-

1233 2478 1334 2499 merae
1368 2479 1427 2501 non
1457 2466 1617 2501 modicum
1645 2465 1879 2500 detrimentum.

1280 2516 1299 2563 ξ
1327 2519 1359 2549 2.
1391 2516 1526 2563 Expedit
1554 2529 1628 2562 ergo
1646 2543 1655 2559 ,
1684 2523 1716 2550 ut
1738 2529 1818 2563 quos
1847 2515 1901 2550 Dei
1932 2516 1978 2549 ti—

1233 2577 1300 2599 mor
1326 2578 1362 2600 ac
1398 2566 1518 2600 virtutis
1554 2578 1640 2600 amor
1667 2574 1696 2599 et
1735 2566 1878 2613 propriae
1900 2577 1978 2600 con-

1231 2615 1378 2650 scientiae
1405 2616 1553 2650 stimulus
1576 2628 1636 2650 non
1662 2624 1848 2656 commovet,
1872 2615 1977 2650 subse-

1266 2682 1305 2716 (t)
1322 2682 1359 2709 Ex
1378 2682 1480 2717 Regest.
1498 2681 1524 2709 in
1541 2680 1650 2709 Archiv.
1670 2680 1750 2708 Vatic.

1987 278 2034 304 An.
2055 278 2081 303 (ἶ.
2100 277 2165 304 1590

2003 1282 2115 1303 Humanam
2136 1287 2175 1302 cu—

1989 1315 2097 1340 piditatem
2117 1312 2174 1333 [rau-

1989 1344 2048 1364 dihus
2064 1343 2107 1364 tere
2121 1349 2175 1364 sem-

1990 1381 2027 1402 per
2038 1375 2128 1395 innixam
2140 1375 2175 1394 do*

1999 1408 2018 1426 et

2007 2524 2061 2545 Bona
2078 2523 2177 2544 Came-rae

1993 2559 2096 2582 occupata
2109 2555 2176 2575 eidem

1993 2588 2075 2608 restitui
2091 2586 2155 2607 iubet.
