2274 3265
229 261 277 290 Λη,
296 261 323 289 (ἶ,
343 262 407 291 15911

259 1106 366 1127 Exordium

240 1378 391 1403 congregauo-

228 1417 274 1431 nem
298 1411 350 1430 hane
371 1409 407 1429 suh

226 1445 292 1468 apost.
304 1442 408 1466 recipiens

227 1472 410 1500 proteciione‚b·=-

227 1505 410 1525 naomntaeicon-

227 1537 300 1556 firmat.

268 2280 384 2301 clausulae

473 254 541 286 510

724 326 862 362 XXXVI.

880 283 893 298 0
1005 272 1188 294 norbanum!
1217 271 1375 294 ROMANI'M

1501 323 1657 359 XXXVll.

424 408 615 451 Approbatio
637 409 881 453 conqreqatiom's
908 420 1105 443 nrorracorum
1126 410 1163 442 B.
1211 410 1302 449 (morl
1339 409 1492 452 regulares
1528 407 1742 450 cm'uscumque
1769 407 1886 439 ordinis
1912 409 1954 440 ad

474 457 596 490 Mariae
624 458 737 490 Montis
766 457 878 491 oliveti
894 459 1010 492 ordinis
1040 460 1074 492 S.
1106 460 1167 492 150-

473 506 591 540 nedictt'.

688 575 900 607 StotlttAntUM

425 647 588 677 Exordium.
616 664 654 670 -
682 648 707 677 1.
735 647 993 686 Congregatiouem
1020 648 1092 677 banc
1113 647 1168 677 snb

462 696 554 729 apost.
577 692 721 731 recipiens
744 693 940 731 protectione,
968 691 1042 721 bona
1071 692 1167 721 omnia

463 736 489 766 ei
511 737 673 767 confirmat.
697 753 734 758 —-
752 737 779 766 ΕΞ.
798 737 961 766 Clausulae.

423 812 533 841 loannes
552 812 691 848 opiscopus
710 819 802 841 servus
826 819 963 840 servorum
980 811 1036 844 Dei.
1060 811 1169 840 dilectis

466 861 531 891 filiis
550 862 653 894 abbati,
673 862 815 890 conventui
845 861 1005 889 monasterii
1024 861 1049 888 S.
1069 861 1170 889 Mariae

466 911 497 939 de
517 910 605 939 monte
629 911 731 939 oliveto
755 911 783 939 in
802 911 903 938 Accona
923 910 1023 938 ordinis
1044 911 1068 938 S.
1089 910 1170 938 Bene-

465 960 535 988 dicti
551 960 655 989 Aretin.
674 960 813 993 dioecesis,
834 959 950 988 salutem
980 960 1009 987 et
1038 959 1169 995 apostoti-

466 1017 525 1038 cam
543 1010 765 1039 benedictionem.

471 1073 551 1109 Cum
573 1086 589 1108 a
613 1072 704 1107 nobis
728 1073 843 1119 petitur
877 1072 961 1120 quod
986 1073 1101 1107 iustum
1124 1082 1170 1107 est

423 1132 453 1158 ct
480 1123 661 1163 honestum,
690 1131 751 1158 tam
773 1123 859 1168 vigor
876 1123 1051 1170 aequitatiS,
1074 1135 1168 1169 quam

423 1172 500 1209 ordo
523 1172 618 1218 exigit
641 1173 782 1213 rationis,
817 1181 849 1207 ut
883 1172 914 1207 id
938 1185 992 1218 per
1014 1172 1170 1207 sollicitu-

422 1223 528 1258 dinem
555 1222 647 1257 officii
678 1223 774 1257 nostri
810 1223 846 1257 ad
875 1222 1017 1257 debiturn
1047 1222 1170 1269 perdu—

422 1281 509 1308 catur
536 1272 695 1307 effectum.

470 1322 490 1369 5
509 1326 537 1356 t.
555 1322 744 1370 Eapropter,
767 1321 871 1357 dilecti
889 1322 918 1356 in
940 1321 1079 1356 Domino
1102 1320 1169 1364 lilii,

423 1372 534 1406 vestris
557 1372 647 1407 iustis
676 1372 941 1419 postulationibus
973 1379 1062 1417 grato
1093 1383 1170 1405 con-

423 1429 586 1457 currentes
612 1434 760 1460 assensu,
803 1433 953 1469 personas
988 1428 1106 1455 vestras
1140 1429 1170 1455 et

424 1470 549 1512 locum,
591 1471 621 1506 in
659 1484 723 1518 quo
765 1471 871 1506 divino
909 1471 983 1505 estis
1016 1470 1170 1516 obsequio

425 1521 603 1568 mancipati,
626 1534 696 1556 cum
725 1521 872 1556 omnibus
895 1520 998 1561 bonis,
1032 1532 1111 1566 quae,
1140 1520 1169 1553 in

425 1570 670 1618 praesentiarum
713 1569 937 1606 rationabiliter
977 1569 1171 1617 possidetis

424 1628 476 1655 aut
504 1620 533 1654 in
557 1620 697 1655 futurum
722 1620 812 1654 iustis
838 1619 956 1663 modis,
994 1627 1170 1667 praestante

424 1670 580 1710 Domino,
620 1670 760 1717 poteritis
795 1670 949 1716 adipisci,
989 1670 1049 1704 sub
1090 1668 1170 1702 beati

425 1720 508 1755 Petri
536 1728 567 1754 et
594 1727 696 1754 nostra
728 1720 923 1766 protectione
963 1719 1171 1765 suscipimus

424 1769 600 1817 specialiter
643 1778 769 1809 autem,
811 1769 969 1809 decimas,
1008 1768 1171 1816 granc-ias,

425 1827 541 1863 curtes,
563 1827 673 1859 terras,
698 1819 819 1863 vineas,
842 1819 964 1857 domos,
990 1828 1088 1866 prata,
1116 1829 1173 1851 ne-

426 1882 532 1910 mora,
568 1869 785 1917 possessiones
811 1878 840 1904 et
862 1868 919 1904 alia
944 1868 1024 1903 bona
1062 1874 1173 1911 vestra,

427 1921 509 1955 sicut
529 1932 565 1954 ea
592 1919 697 1953 omnia
721 1919 798 1953 iuste
817 1931 853 1953 ac
881 1918 1009 1965 pacifice
1031 1917 1174 1965 posside-

428 1971 486 2010 tis,
522 1969 611 2004 vobis
637 1976 667 2003 et
696 1981 751 2016 per
774 1981 828 2003 vos
851 1968 1041 2002 monasterio
1070 1975 1175 2001 restro

427 2020 611 2055 auctoritate
657 2018 827 2066 apostolica
873 2018 1109 2057 confirmamus,
1145 2024 1175 2050 et

431 2069 603 2117 praesentis
616 2068 722 2115 scripti
740 2068 912 2115 patrocinio
928 2068 1175 2109 communimus,

429 2119 511 2155 salva
539 2132 569 2153 m
598 2118 764 2166 praedictis
797 2117 926 2152 decimis
962 2117 1176 2151 modciitione

431 2168 555 2204 concilii
577 2168 743 2214 generalis.

479 2219 499 2266 g
521 2220 553 2252 ⁹2.
581 2217 664 2252 Nulli
693 2230 767 2264 ergo
793 2216 922 2251 omnino
945 2215 1108 2250 hominum
1139 2214 1177 2248 li-

432 2277 499 2304 ceat
520 2267 601 2302 hauc
621 2268 766 2315 paginam
787 2275 909 2301 nostrae
930 2265 1132 2313 protectionis
1149 2272 1178 2299 et

432 2317 679 2353 confirmationis
707 2317 875 2363 infringere
898 2316 943 2350 vel
967 2316 993 2350 ei
1022 2328 1099 2349 ausu
1131 2324 1178 2349 tc—

434 2369 566 2403 merario
588 2367 754 2402 contraire
777 2366 810 2401 Si
833 2366 931 2413 quis
923 2373 1025 2400 autem
1045 2365 1104 2399 boc
1132 2372 1179 2398 at—

434 2426 552 2453 tentare
568 2417 825 2464 praesumpserit,
851 2415 1099 2461 indignationem
1116 2426 1180 2448 om-

436 2467 606 2514 nipotentis
621 2467 677 2501 Dei
697 2479 732 2501 ac
757 2443 935 2501 beatorumD
937 2465 1019 2499 Petri
1044 2472 1074 2498 ct
1090 2463 1179 2498 ΡιιιΙί

434 2518 648 2564 apostolorum
678 2517 746 2551 eius
764 2528 797 2551 se
825 2516 943 2550 noverit
965 2515 1178 2549 incursui-nn

483 2567 598 2601 Datum
621 2566 774 2601 Avenioni
811 2568 854 2600 16
883 2565 942 2599 kat.
977 2565 1064 2604 iunii,
1092 2572 1179 2610 pont.

438 2616 532 2651 nostri
559 2629 641 2651 anno
667 2628 737 2651 vm.

477 2673 536 2703 Dat.
562 2674 607 2704 die
631 2674 661 2703 17
680 2674 747 2703 maii
769 2673 852 2710 1324,
872 2672 972 2712 pontis.
989 2680 1065 2702 anno
1086 2680 1142 2701 vm.

1254 466 1355 502 parles
1395 457 1563 501 infidelium
1601 467 1629 489 se
1663 456 1814 499 conferre,
1854 457 1954 501 ibique

1257 508 1378 540 verbum
1408 507 1466 539 Dei
1481 506 1662 553 praedicare
1683 507 1793 550 absque
1814 507 1953 550 superio-

1257 568 1325 590 rum
1352 567 1476 590 suorum
1519 555 1640 590 licentia
1672 556 1794 600 speciali
1833 555 1955 587 minime

1256 607 1370 650 possint
1393 609 1448 649 (t).

1473 679 1685 710 SUMMAttttut

1211 744 1357 774 Fraticelli
1373 743 1521 772 Orientem
1538 743 1600 772 suis
1620 741 1795 772 haeresibus
1813 741 1956 770 inficiunt.

1249 805 1287 810 —
1310 789 1335 817 ’1.
1354 787 1437 817 Vetiti
1457 787 1590 817 monachi
1609 785 1757 816 Orientem
1778 790 1874 825 petere
1894 785 1955 815 sine

1250 833 1366 862 licentia
1400 832 1595 871 superiorum,
1618 831 1725 870 quibus
1752 831 1865 859 idoneis
1890 835 1955 859 tan-

1251 882 1309 906 tum
1334 886 1396 905 eam
1420 876 1581 905 concedere
1612 875 1789 913 iniungitur:
1817 875 1956 904 intentato

1251 921 1286 950 iis
1315 921 1507 955 anathemate,
1526 920 1575 958 qui
1602 925 1700 949 contra
1726 919 1797 948 haec
1826 919 1956 949 tendunt.

1309 965 1335 994 2).
1356 965 1462 994 Dantur
1485 964 1672 1003 praesulibus
1692 964 1823 1002 imperia,
1843 968 1873 993 ut
1892 973 1955 993 mo-

1251 1010 1359 1039 nachos
1379 1009 1441 1038 sine
1465 1009 1541 1038 (licta
1565 1008 1721 1047 singrapha
1747 1009 1957 1046 praedicantes

1250 1054 1293 1083 vel
1322 1053 1432 1092 aliquid
1463 1057 1562 1082 contra
1593 1052 1765 1090 religionem
1794 1052 1957 1081 effutientes

1250 1098 1355 1127 debitis
1374 1102 1528 1126 coerceant
1546 1097 1658 1136 poenis
1674 1113 1712 1118 -—
1728 1097 1754 1126 3.
1772 1096 1956 1125 Obstantium

1250 1143 1407 1181 derogatio.

1273 1210 1384 1238 Ioannes
1402 1208 1543 1245 episcopus
1571 1215 1663 1237 servus
1682 1214 1820 1236 servorum
1836 1207 1895 1240 Dei.

1344 1259 1377 1286 ad
1405 1260 1565 1294 perpetuam
1589 1258 1630 1287 rei
1656 1257 1824 1286 memoriam.

1261 1322 1308 1357 Ad
1333 1330 1472 1357 nostrum
1509 1334 1609 1368 nuper
1639 1321 1747 1355 relatio
1778 1320 1837 1354 fide
1864 1320 1957 1366 digna

1213 1373 1358 1428 perduxit
1388 1372 1544 1411 anditum
1580 1371 1662 1418 quod
1703 1370 1844 1405 nonnulli
1879 1370 1959 1404 reli—

1212 1436 1314 1468 gionis
1335 1431 1491 1468 gestantes
1515 1421 1671 1460 habitum
1706 1420 1761 1455 sed
1789 1428 1818 1454 et
1847 1420 1958 1453 virtute

1212 1473 1287 1519 relig
1277 1473 1370 1507 ionis
1392 1472 1521 1506 omnino
1546 1471 1642 1511 vacui
1666 1479 1695 1505 ct
1727 1469 1878 1504 modestia
1897 1482 1958 1516 pe-

1214 1523 1296 1557 nitus
1322 1522 1432 1561 alieni
1468 1521 1504 1555 ad
1540 1530 1641 1567 partes
1662 1520 1851 1567 quaudoque
1882 1519 1961 1553 infi-

1213 1572 1327 1606 delium
1360 1584 1394 1605 se
1426 1570 1627 1609 tr·‚ansl'eiunt
1662 1583 1690 1603 m
1719 1569 1835 1616 quibus
1869 1569 1958 1615 pauci

1215 1622 1320 1656 tideles
1343 1629 1486 1666 respectu
1511 1619 1685 1653 infidelium
1709 1626 1960 1657 commorantur;

1213 1680 1243 1706 ct
1266 1680 1298 1705 ut
1321 1671 1436 1705 ibidem
1462 1670 1584 1704 facilius
1598 1669 1744 1715 decipere
1767 1668 1959 1714 simplicium

1213 1722 1347 1765 animos,
1375 1733 1409 1754 ae
1430 1721 1515 1774 ipsos
1530 1728 1558 1753 ct
1578 1719 1683 1754 alios
1679 1732 1707 1752 ιιι
1731 1730 1853 1753 errores
1872 1730 1962 1773 piae-

1214 1772 1343 1818 cipitare
1371 1783 1425 1804 Stu
1456 1770 1588 1804 retinere
1624 1769 1759 1807 valeant
1787 1767 1846 1802 sub
1869 1768 1960 1802 mina

1216 1829 1299 1856 veste
1335 1833 1370 1855 ac
1390 1820 1572 1854 humilitatis
1596 1818 1702 1853 babitu
1732 1818 1874 1865 lupinum
1895 1818 1962 1852 ani-

1216 1884 1301 1906 mum
1325 1870 1538 1913 occultantes,
1565 1868 1723 1903 doctrinas
1749 1880 1822 1902 suas
1854 1879 1963 1914 repro-

1216 1922 1270 1956 bas
1293 1929 1321 1955 et
1345 1932 1502 1959 erroneas,
1524 1919 1641 1966 quibus
1665 1918 1803 1952 fidelium
1830 1925 1962 1960 mentes,

1215 1980 1367 2027 quantum
1392 1970 1420 2003 in
1441 1970 1487 2004 eis
1501 1977 1558 2008 est,
1581 1980 1783 2023 corrumpere
1805 1975 1963 2013 satagunt,

1217 2022 1248 2056 in
1271 2033 1346 2068 ipsis
1370 2019 1509 2066 partibus
1538 2018 1713 2065 periculose
1730 2017 1862 2052 nimium
1878 2029 1962 2064 spar-

1217 2083 1291 2117 gere
1325 2081 1386 2104 nou
1414 2069 1581 2108 omittunt3
1611 2080 1668 2102 nec
1698 2080 1758 2102 non
1788 2075 1819 2101 et
1851 2079 1886 2101 os
1908 2079 1964 2100 su—

1220 2134 1271 2155 um
1301 2127 1454 2167 ponentes
1482 2119 1512 2152 in
1541 2118 1686 2160 coelum,
1720 2117 1825 2163 lingua
1854 2128 1963 2150 eorum

1219 2178 1399 2205 transeunte
1421 2168 1558 2202 falsidica
1582 2175 1816 2213 superterram,
1839 2173 1965 2200 sanctae

1218 2221 1379 2255 Romanae
1419 2217 1578 2252 Ecclesiae
1615 2216 1777 2251 detrahere
1812 2215 1966 2250 constitu·-

1219 2269 1369 2313 tionibus,
1404 2276 1433 2301 ct
1468 2268 1524 2301 alia
1560 2266 1655 2301 multa
1693 2279 1708 2300 3
1737 2266 1797 2300 fide
1824 2265 1912 2300 devia
1937 2266 1965 2299 in

1220 2320 1286 2354 suis
1308 2317 1508 2353 sermonibus
1531 2325 1559 2351 et
1587 2316 1716 2351 secretis
1748 2315 1967 2351 collocutioni-

1222 2370 1279 2404 bus
1301 2380 1446 2402 evomere
1471 2367 1588 2400 insanis
1615 2365 1746 2401 ausibus
1771 2378 1831 2399 non
1862 2377 1969 2399 veren-

1221 2427 1286 2457 tur:
1315 2430 1350 2452 ex
1373 2416 1491 2464 quibus
1514 2416 1599 2450 Deus
1625 2415 1805 2459 otl'cnditur,
1841 2414 1961 2461 pericu-

1222 2469 1285 2503 losa
1321 2468 1514 2501 suscitantur
1541 2466 1700 2509 scandala,
1740 2472 1865 2511 paratur
1891 2465 1969 2498 sim-

1223 2517 1357 2564 plicibus
1392 2518 1540 2563 laqueus,
1573 2516 1695 2563 ipsique
1731 2515 1839 2549 talium
1878 2526 1969 2561 prae-

1223 2576 1401 2614 surnptm·es
1428 2567 1467 2601 de
1495 2566 1614 2601 haeresi
1644 2565 1846 2599 veliementer
1876 2577 1969 2609 argu-

1259 2634 1297 2669 (1)
1314 2634 1350 2659 Ex
1374 2634 1474 2667 chcst.
1497 2641 1519 2658 m
1538 2631 1646 2657 Archiv.
1667 2631 1750 2658 Vatic.
1768 2631 1879 2657 Consule
1897 2630 1968 2664 Ray-

1225 2674 1329 2701 naldum
1346 2674 1377 2700 ad
1400 2680 1497 2700 annum
1522 2673 1597 2703 1325,
1614 2671 1628 2707 S
1645 2671 1688 2697 ⁶26.

1967 271 2014 298 An.
2033 270 2062 298 C.
2080 270 2146 296 ¹525

1987 1331 2092 1351 Fratiuelli
2127 1330 2157 1351 Ο·

1974 1365 2062 1382 rientem
2114 1363 2157 1381 suis

1973 1393 2097 1413 haeresibus
2122 1394 2159 1412 in-

1973 1425 2052 1444 iriam.
