2274 3265
91 254 140 280 Αιι.
158 253 187 279 C.
206 253 274 280 11109

904 255 921 276 Λ
928 254 1097 277 [ΕΧΑΝΙΠίΙι
1124 254 1141 276 V
1166 254 1214 276 ΙΨ,

502 310 765 360 ALEXANDER
805 310 832 359 V

567 398 660 428 PAI‘A
683 398 762 429 CCVI

428 463 520 496 Anno
542 463 672 497 Domini
693 463 892 498 MCCCCIX.

288 548 482 620 Alexander
513 583 551 624 V,
583 592 672 619 antea
706 585 818 620 Petrus
854 585 1039 631 Pliilargus,

287 639 449 673 Cretensis
472 637 720 681 (Bononiensem
741 639 827 673 illum
845 639 940 673 fuisse
964 651 1040 673 non-

289 693 364 727 nulli
388 700 534 727 asserunt
557 696 637 736 (1)),
664 693 851 729 Vieeutinus
874 694 946 728 olim
972 694 1037 740 epi-

288 759 415 794 scopuS,
438 759 511 782 mox
541 747 574 781 S.
605 747 642 782 R.
672 749 708 782 E.
743 749 903 796 presbyter
935 748 1040 783 cardi-

290 802 368 835 nalis
404 801 484 835 tituli
516 800 567 835 Ss.
598 801 776 837 Duodecim
812 803 1037 850 Apostolorum

287 865 316 889 et
333 855 578 890 Mediolanensis
600 857 876 904 archiepiscopus,
899 858 1039 892 sessione

287 921 347 943 xtx
371 910 494 944 concilii
523 910 642 951 Pisani,
670 911 720 946 die
747 913 794 946 ⁶26
822 912 897 946 iunii
933 914 1038 951 4409,

286 977 301 998 a
324 964 536 999 cardinalibus
558 966 695 1000 conclavi
720 966 865 1007 inclusis,
894 966 1037 1001 Pontifex

286 1018 386 1052 factus
408 1027 456 1054 est
489 1019 548 1053 sul)
569 1019 739 1054 Alexandri
768 1020 793 1054 V
817 1021 956 1061 nomine,
984 1021 1037 1068 qui

285 1072 335 1106 die
359 1075 378 1106 7
401 1075 562 1121 sequentis
582 1074 646 1108 iulii
670 1084 837 1110 coronatus
864 1083 921 1109 est.
951 1075 1038 1110 Pon-

286 1126 391 1162 tificali
429 1141 560 1163 munere
582 1129 721 1169 functus,
755 1141 879 1163 menses
906 1142 939 1168 x,
969 1129 1038 1165 (lies

285 1192 342 1215 vui
369 1184 425 1227 (2),
447 1183 644 1230 temporibus
665 1183 796 1218 Roberti
819 1184 900 1229 regis
918 1183 1038 1218 Roma-

285 1248 396 1270 norum
421 1244 451 1270 et
473 1236 691 1272 Emmanuelis
712 1238 739 1272 It
763 1238 791 1271 in
817 1237 947 1272 Oriente
976 1238 1037 1271 im-

287 1291 450 1336 peratoris,
466 1291 542 1325 obiit
557 1291 719 1326 Bononiae
731 1292 782 1325 die
798 1293 819 1325 4
835 1292 905 1325 maii
930 1294 1035 1331 1410,

284 1353 314 1377 et
343 1345 486 1391 sepultus
513 1354 558 1379 est
588 1346 616 1379 iu
640 1346 771 1379 ecelesia
804 1345 947 1379 Fratrum
976 1344 1036 1379 Mi-

285 1411 410 1433 norum.
428 1400 453 1433 A
470 1400 519 1434 die
537 1399 642 1434 obitus
660 1400 829 1434 Alexandri
853 1401 890 1434 ad
911 1400 1036 1435 loannis

282 1452 384 1487 XXII!
407 1454 592 1489 electionem
617 1455 775 1489 fluxerunt
801 1455 868 1488 ‹lies
896 1467 951 1489 xiv
979 1458 1033 1499 (3).

429 1658 558 1693 UNICA
586 1659 883 1694 CONSTlTUTlO.

282 1741 396 1774 Contra
424 1753 453 1773 se
480 1742 664 1785 inqerenteS,
695 1743 739 1774 vel
764 1742 897 1786 reyimen
923 1749 948 1774 et
975 1743 1033 1774 ad-

329 1792 586 1824 ministrationem
623 1792 852 1832 Ecclesiarum,
880 1799 1033 1824 monaste-

329 1841 447 1873 riorum
476 1842 670 1885 aliorumque
704 1842 915 1886 beneficiorum
943 1842 1032 1874 ercle-

332 1891 525 1923 siaslicorum
571 1892 796 1934 quomodolibet
839 1898 1005 1924 exercentes
1025 1918 1032 1927 ,

332 1940 426 1973 literis
457 1941 632 1985 apostolicis
658 1952 730 1974 suae
756 1941 940 1984 provisionis
973 1942 1033 1973 mi-

332 1990 410 2022 nime
433 1991 581 2035 expeditis
603 1992 660 2032 (li).

548 2068 761 2098 SUMMARIUM

279 2131 445 2161 Exordium.
469 2148 507 2153 —-
528 2132 641 2160 Causae
666 2131 817 2161 faciendae
846 2131 1032 2161 constitutio-

320 2176 375 2204 nis.
398 2193 436 2197 —
463 2176 491 2205 ἓ.
510 2175 684 2205 Cnnstitutio
709 2178 755 2213 (ile
780 2186 830 2215 quo
851 2177 878 2204 in
899 2176 1031 2213 rubrica).

319 2236 358 2241 —-
376 2220 403 2249 3.
427 2219 541 2250 Poenae
572 2225 671 2249 contra
697 2220 911 2250 inobedientes.
939 2238 977 2242 —
1003 2221 1031 2250 4.

320 2264 468 2294 Rescissio
492 2274 579 2294 secus
598 2270 739 2294 actorum.
759 2282 796 2287 —
815 2264 983 2295 Clausulae.

310 2341 462 2370 Alexander
491 2341 633 2377 episcopus
652 2348 747 2370 servus
775 2349 914 2371 servorum
939 2341 997 2375 Dei,

415 2392 449 2419 ad
477 2392 637 2426 perpetuam
668 2392 709 2419 rei
727 2391 896 2420 memoriam.

330 2454 376 2488 Ex
400 2455 542 2489 iniuncto
566 2455 655 2489 nobis
682 2455 819 2501 desuper
846 2468 939 2490 onere
972 2457 1031 2490 mi-

213 2514 238 2525 ·1‘·
281 2504 399 2538 nisterii
425 2505 599 2551 pastoraliS,
626 2505 663 2539 ad
694 2506 743 2539 illa
773 2505 905 2540 libenter
933 2506 1031 2540 inten-

315 2577 354 2608 (ι)
368 2576 583 2608 Ghirardaccius,
604 2577 670 2603 Hist.
690 2577 847 2609 Bononien.,
865 2577 909 2604 lib.
928 2585 1028 2603 xxviii.

280 2617 318 2649 (2)
340 2615 380 2642 Ab
406 2616 541 2642 electionis
560 2616 602 2643 die
622 2617 827 2651 computandos
859 2618 899 2652 (3)
921 2618 1031 2644 lnclusis

279 2656 415 2683 extremis.
453 2657 493 2692 (lt)
514 2657 552 2683 Ex
573 2658 677 2691 Regest.
699 2658 781 2684 Vatic.

1711 244 1780 277 635

1081 310 1185 343 dimus
1209 321 1263 356 per
1285 322 1366 356 quae
1388 310 1563 345 animarum
1588 310 1749 358 periculis,
1775 310 1833 344 Ee-

1080 359 1247 393 clesiarum
1288 367 1317 393 et
1354 360 1614 395 monasteriorum
1654 359 1831 407 dispendiis

1081 408 1232 442 obviatur.

1128 458 1148 504 S
1172 462 1202 492 1.
1226 457 1309 492 Sane
1332 458 1370 493 ad
1394 458 1583 493 audientiam
1609 466 1746 493 nostram
1769 458 1830 493 fide

1081 506 1249 554 dignorum
1274 520 1375 555 nuper
1398 509 1546 543 relatione
1567 508 1730 556 perducto
1752 520 1829 542 non-

1081 535 1183 591 3111105
1216 557 1253 591 ad
1289 557 1534 605 patriarchales
1575 539 1876 604 iiietropotiticas,m⁵

1079 607 1287 654 episcopales
1315 607 1486 642 alibatiales
1508 615 1538 641 et
1561 607 1636 641 alias
1660 607 1831 653 dignitates

1079 656 1260 703 spirituales
1284 664 1344 691 tam
1362 657 1522 702 regulares
1541 669 1635 704 quam
1656 656 1832 692 saeculares

1081 714 1265 753 promotos,
1301 719 1355 741 seu
1393 706 1432 740 (le
1461 706 1577 754 quibus
1615 719 1671 752 per
1701 718 1757 740 nos
1779 715 1831 741 aut

1080 756 1262 791 auctoritate
1304 766 1407 791 nostra
1451 756 1618 804 praedictis
1655 755 1806 790 Ecclesiis
1825 785 1832 797 ,

1080 805 1280 842 monasteriis
1315 807 1380 841 sive
1409 805 1598 854 prioratibus
1633 813 1833 840 conventua-

1080 855 1164 890 libus
1200 857 1351 891 hactenus
1392 855 1632 904 quomodolibet
1671 855 1832 902 provisum

1080 906 1150 950 fuit,
1174 906 1201 940 in
1225 905 1424 953 expeditione
1452 906 1611 940 literarum
1638 905 1832 953 apostolica-

1081 968 1149 990 rum
1173 968 1271 1003 super
1294 955 1525 1002 provisionibus
1549 955 1608 989 sibi
1629 954 1717 989 factis
1740 955 1833 1001 negli-

1079 1013 1200 1051 gentes,
1225 1007 1255 1040 in
1275 1017 1368 1051 grave
1388 1005 1569 1040 huiusmodi
1589 1003 1833 1051 praeiudicium,

1079 1054 1283 1102 dispendium
1308 1063 1338 1089 et
1359 1067 1526 1102 gravamen
1550 1055 1696 1095 existere,
1729 1066 1833 1101 quos-

1078 1104 1149 1138 dam
1183 1117 1255 1140 vero
1288 1117 1324 1139 ex
1355 1105 1542 1152 praedictis,
1573 1104 1657 1152 quod
1692 1103 1832 1138 deterius

1078 1153 1289 1195 arbitramur,
1311 1154 1431 1202 absque
1454 1153 1636 1189 huiusmodi
1660 1153 1768 1194 literis,
1796 1166 1830 1188 ea

1078 1203 1189 1238 ductos
1219 1203 1370 1251 cupidine
1400 1216 1435 1238 ac
1459 1205 1489 1238 in
1512 1216 1588 1238 suae
1612 1203 1721 1238 salutis
1742 1203 1831 1238 inter-

1078 1252 1169 1292 itum,
1192 1253 1228 1287 ad
1261 1253 1437 1297 Ecclesias,
1466 1253 1655 1287 monasteria
1683 1261 1713 1287 et
1740 1253 1832 1300 prio—

1079 1311 1163 1336 ratus
1185 1303 1232 1337 eis
1253 1302 1377 1346 collata,
1392 1311 1514 1349 praeter
1535 1311 1565 1336 et
1584 1311 1690 1337 contra
1714 1302 1829 1349 stylum

1077 1360 1107 1385 et
1131 1363 1249 1386 morem
1273 1351 1435 1386 Romanae
1457 1351 1573 1386 Curiae
1596 1352 1747 1386 hactenus
1768 1352 1831 1386 lau-

1077 1400 1222 1435 dabiliter
1237 1401 1432 1445 observatos,
1455 1413 1490 1436 ae
1504 1401 1597 1435 etiam
1620 1409 1727 1435 eontra
1756 1413 1829 1447 pro-

1077 1450 1261 1486 hibitionem
1293 1451 1390 1485 felicis
1420 1451 1646 1485 recordationis
1674 1450 1828 1485 Bonisacii

1076 1500 1138 1534 ΡΡ.
1163 1500 1245 1541 VIII,
1269 1501 1519 1547 praedecessoris
1543 1500 1652 1544 nostri,
1673 1513 1753 1548 quae
1782 1501 1829 1535 in-

1075 1551 1151 1596 cipit
1174 1552 1357 1590 Iniunccae,
1384 1551 1533 1585 accedere
1566 1551 1828 1606 praesumpsisse,

1075 1612 1110 1634 ac
1132 1600 1368 1640 Ecclesiarum,
1392 1601 1655 1635 monasteriorum
1683 1609 1713 1635 et
1744 1601 1828 1648 prio-

1075 1658 1197 1684 ratuum
1223 1650 1404 1684 huiusmodi
1426 1650 1584 1696 regimini,
1608 1649 1827 1696 gubernationi

1074 1708 1103 1733 et
1130 1699 1391 1734 administrationi
1417 1712 1450 1733 se
1471 1700 1564 1734 etiam
1595 1700 1765 1746 ingessisse
1791 1712 1827 1734 ac

1075 1749 1300 1789 immiscuisse,
1324 1756 1353 1782 et
1377 1750 1519 1795 ingerere
1541 1762 1577 1783 ac
1595 1761 1628 1783 se
1649 1750 1827 1784 immiscere

1074 1798 1294 1834 damnabiliter
1316 1799 1408 1833 etiam
1433 1799 1471 1833 de
1495 1799 1663 1846 praesenti.

1122 1848 1142 1894 S
1164 1850 1197 1882 ἰ).
1220 1848 1284 1883 Nos
1306 1848 1470 1895 cupientes
1499 1849 1678 1883 liuiusmodi
1703 1849 1827 1884 damnis

1076 1897 1264 1932 instantibus
1286 1906 1315 1932 et
1338 1898 1452 1933 futuris
1467 1898 1640 1932 remedium
1665 1898 1825 1942 adbibere,

1075 1948 1256 1993 praemissis
1275 1957 1305 1981 et
1325 1948 1485 1982 nonnullis
1499 1948 1568 1982 aliis
1589 1948 1826 1983 rationabilibus

1073 1998 1178 2031 causis
1205 1998 1241 2031 ad
1271 1998 1330 2031 lioc
1358 2006 1499 2032 nostrum
1528 1998 1729 2032 moventibus
1756 2000 1826 2033 ani—

1074 2059 1173 2091 mum,
1207 2059 1242 2081 ac
1274 2047 1313 2081 de
1342 2047 1567 2082 venerabilium
1597 2047 1726 2082 fratrum
1761 2062 1825 2083 no-

1073 2104 1209 2130 strorum
1238 2096 1271 2130 S.
1296 2096 1333 2131 R.
1368 2097 1403 2131 E.
1434 2097 1639 2132 cardinalium
1672 2098 1824 2138 consilio,

1073 2147 1258 2181 auctoritate
1274 2148 1445 2193 apostolica
1468 2155 1497 2180 et
1520 2160 1556 2181 ex
1580 2155 1662 2181 certa
1679 2148 1824 2188 scientia,

1074 2197 1226 2242 praesenti
1269 2197 1494 2231 constitutione.
1526 2198 1694 2231 statuimus
1731 2207 1825 2245 atque

1073 2245 1274 2280 decernimus
1309 2247 1392 2293 quod
1422 2259 1534 2281 omnes
1565 2256 1594 2281 et
1621 2247 1734 2292 singuli
1769 2260 1824 2294 pa—

1073 2296 1237 2335 triarcliae,
1267 2296 1509 2343 archiepiscopi,
1536 2298 1688 2343 episcopi,
1722 2297 1822 2337 electi,

1072 2345 1342 2379 administratores
1360 2354 1390 2380 et
1408 2346 1677 2387 commendatarii,
1697 2346 1823 2381 abbates

1072 2403 1101 2429 et
1125 2396 1245 2442 priores
1272 2395 1466 2439 huiusmodi,
1489 2396 1527 2430 de
1549 2396 1665 2443 quibus
1689 2409 1743 2443 per
1766 2409 1822 2431 nos

1071 2453 1124 2479 aut
1166 2446 1349 2479 auctoritate
1389 2454 1492 2480 nostra
1534 2446 1685 2480 hactenus
1729 2445 1822 2480 alicui

1073 2495 1283 2541 patriarchali,
1306 2496 1564 2543 metropolitanae
1585 2496 1629 2530 vel
1651 2496 1822 2543 episcopali

1072 2544 1222 2578 Ecclesiis
1244 2553 1297 2578 aut
1325 2546 1524 2580 monasteriis
1550 2558 1606 2579 seu
1635 2546 1823 2592 prioratibus

1072 2594 1336 2629 conventualibus
1357 2595 1449 2629 etiam
1471 2596 1499 2629 in
1520 2595 1821 2630 administrationem

1072 2644 1116 2678 vel
1151 2645 1370 2679 commendam
1405 2646 1563 2691 provisum
1595 2646 1761 2687 extitisset,
1792 2653 1823 2680 et

1847 255 1894 280 Λιι.
1913 256 1940 281 C.
1963 256 2028 282 11110

1845 471 1982 522 (1113333131
1994 479 2031 492 e-ri

1929 506 2011 523 ιιιιιιιιΙ

1854 1858 1980 1879 constitutio
1990 1861 2024 1885 (de

1841 1892 1910 1916 quain
1923 1891 2024 1917 rubrica}⁴
