2274 3265
266 255 315 282 Ᾰιι.
331 254 361 281 C.
382 255 444 280 15¹7

509 244 579 275 240

459 309 628 349 clauserat,
660 307 774 343 emisso
808 320 862 355 per
888 320 963 343 suos
989 308 1025 343 ad
1053 309 1203 344 Sanctum

461 358 554 392 istum
575 364 656 400 voto,
679 357 746 391 eius
765 357 885 392 meritis
902 357 1020 392 reddita
1041 358 1095 393 fuit
1114 360 1203 394 vitae.

507 412 522 450 g
549 409 607 441 25.
634 406 794 448 Quaedam
824 407 926 453 puella
955 407 1086 447 nobilis,
1123 421 1204 455 quae

460 469 495 491 ex
523 469 595 491 casu
623 456 661 490 ad
686 464 799 491 terram
827 456 866 492 de
901 457 1031 491 nutricis
1073 457 1206 493 brachiis

462 518 516 550 per
537 514 606 541 octo
635 518 758 541 menses
777 519 865 554 passa
888 506 987 541 fuerat
1009 506 1205 547 surditatem,

461 555 539 591 facto
568 564 639 591 voto
672 556 709 590 ad
750 556 942 603 praedictum
971 556 1122 591 Sanctum
1152 569 1206 604 per

461 613 590 651 patrem,
613 618 629 640 a
651 605 730 640 dicta
758 606 909 641 surditate
935 605 973 641 ad
997 605 1124 652 plenum
1150 618 1208 640 ex-

460 656 518 689 titit
541 655 679 690 liberata.

507 708 523 748 §
549 708 607 740 26.
634 705 770 748 Quidam
794 717 866 739 cum
894 713 962 752 post
986 703 1105 738 febrem
1131 715 1207 738 con-

461 755 578 790 tinuam
603 754 791 810 perdidisset
807 754 963 801 loquelam
980 761 1011 787 et
1033 754 1079 788 sic
1101 763 1208 788 mutus

461 817 514 850 per
535 816 677 839 mensem
701 804 856 850 integrum
884 802 1120 850 petmansisset,
1152 803 1209 837 ad-

459 855 574 889 ductus
596 854 632 889 ad
652 854 856 911 sepulchrum
879 852 985 887 Sancti
1015 851 1125 896 huius,
1152 852 1208 886 fuit

461 903 575 938 ibidem
604 903 762 950 loquelae,
787 902 872 936 linita
900 902 1005 946 missa,
1034 902 1206 936 restitutus.

507 958 522 995 ἕ
549 957 607 987 27.
646 952 760 986 Mulier
791 951 962 999 quaedam,
996 963 1077 998 qnae
1104 951 1208 985 subito

459 1010 544 1036 muta
572 1010 602 1036 et
637 1002 794 1048 impotens
823 1001 862 1035 de
884 1013 946 1035 uuo
976 1001 1102 1035 brachio
1131 1000 1207 1035 facta

461 1051 528 1095 fuit,
559 1063 595 1086 ac
619 1051 799 1086 infirmitate
821 1050 879 1086 sibi
910 1062 963 1097 per
985 1062 1124 1086 mensem
1148 1050 1208 1085 du-

460 1109 559 1144 rante,
595 1101 712 1135 emisso
741 1109 813 1135 voto
847 1112 902 1147 per
925 1108 1068 1140 matrem,
1103 1100 1206 1134 statim

460 1149 497 1184 ad
511 1150 676 1185 sanitatem
698 1150 860 1198 pristinam
880 1157 926 1184 est
946 1150 1084 1185 reducta.
1108 1149 1209 1191 Quac-

460 1199 530 1234 dam
555 1200 647 1235 etiam
672 1200 801 1240 mulier,
828 1199 904 1233 dum
938 1212 975 1234 ex
1009 1207 1097 1246 partu
1127 1211 1209 1246 quo-

460 1249 530 1284 dam
555 1249 703 1289 violento,
723 1248 762 1284 de
787 1261 883 1296 puero
906 1257 1029 1284 mortuo
1051 1257 1081 1284 et
1097 1249 1210 1283 ineius

461 1308 548 1333 utero
576 1307 794 1339 transversato,
820 1306 977 1333 contracta
1005 1299 1033 1332 in
1063 1297 1209 1332 manibus

460 1348 648 1396 etpedibus
680 1357 709 1382 et
747 1348 936 1387 femoribus,
973 1348 1101 1382 biennio
1134 1359 1209 1395 per—

462 1398 646 1440 mansisset,
678 1398 758 1432 facto
786 1406 857 1432 voto
883 1397 920 1431 ad
944 1397 1095 1433 Sanctum
1120 1409 1210 1444 prae-

463 1448 570 1492 fatum,
592 1447 678 1496 quod
694 1449 720 1482 si
742 1456 916 1491 curaretur,
936 1455 1079 1495 scoparet
1099 1447 1128 1481 iu
1148 1455 1208 1481 tota

462 1498 519 1531 vita
552 1497 716 1533 ecclesiam
742 1497 770 1531 in
791 1509 851 1544 qua
871 1497 961 1541 iacet,
984 1497 1121 1532 dormire
1146 1508 1211 1530 coe-

463 1547 518 1594 pit,
540 1556 570 1582 et
602 1546 829 1594 expergefacta,
863 1558 878 1581 a
907 1546 1017 1581 morbo
1053 1545 1210 1593 praedicto

464 1598 589 1643 penitus
624 1604 671 1631 est
704 1604 819 1631 curata.
855 1595 910 1630 Vir
936 1596 1064 1643 quidam
1098 1607 1210 1642 passus

462 1646 552 1680 annis
586 1658 639 1681 sex
666 1654 784 1692 guttam
814 1646 845 1680 in
873 1657 966 1680 manu
1001 1655 1032 1681 et
1064 1645 1211 1689 brachio,

464 1704 570 1731 ventre
604 1708 639 1731 ac
662 1696 807 1735 humero,
835 1695 915 1730 facto
939 1703 1009 1730 voto
1031 1694 1115 1742 quod
1144 1696 1212 1729 eius

464 1745 568 1780 limina
598 1746 747 1789 visitaret,
775 1745 876 1779 statim
906 1745 964 1779 fuit
986 1744 1127 1780 sanitatis
1155 1745 1212 1779 be-

464 1794 609 1830 neficium
640 1803 864 1843 consequutus.
900 1794 1037 1836 Quidam
1074 1793 1212 1842 denique

465 1845 627 1893 presbyter
663 1857 774 1892 passus
795 1853 915 1890 guttam
945 1844 974 1878 in
998 1845 1104 1885 latere,
1132 1856 1213 1891 quae

465 1897 569 1942 ipsum
606 1895 713 1930 afflixit
749 1895 884 1941 graviter
922 1894 1036 1929 diebus
1071 1902 1213 1941 septem,

466 1945 546 1979 facto
570 1953 640 1979 roto
667 1944 704 1979 ad
727 1953 935 1978 memoratum
958 1943 1122 1983 Sanctum,
1142 1943 1214 1977 dili-

465 1994 590 2039 gentius
625 1994 693 2029 eius
715 1994 873 2028 tumulum
902 1993 1069 2038 visitando,
1098 1993 1215 2039 recepit

466 2044 618 2078 contiuuo
659 2044 835 2079 sanitatem.
885 2042 1048 2085 Quaedam
1085 2043 1213 2082 mulier,

466 2106 546 2140 quae
580 2106 634 2141 per
667 2101 737 2128 octo
770 2105 869 2127 anuos
909 2092 1019 2127 morbo
1047 2093 1215 2139 epileptico

467 2143 554 2190 quasi
581 2143 721 2190 quotidie
752 2142 954 2189 gravabatur,
988 2142 1104 2176 emisso
1128 2150 1215 2181 voto

468 2193 551 2240 quod
574 2193 780 2240 sepulchrum
804 2193 885 2232 eius,
913 2193 938 2227 si
962 2204 1069 2226 curam
1099 2192 1214 2238 recipc-

470 2251 527 2284 ret,
550 2244 640 2277 annis
666 2242 800 2289 singulis
824 2242 973 2286 visitaret,
1001 2253 1108 2276 curam
1130 2253 1217 2276 rece-

471 2293 531 2339 pit,
565 2293 673 2339 sicque
700 2305 736 2327 ex
766 2303 841 2328 tuuc
874 2292 912 2326 de
936 2291 1046 2326 morbo
1069 2292 1137 2338 ipso
1161 2303 1217 2338 pe-

471 2344 554 2377 nitus
568 2343 644 2377 nibil
658 2343 768 2377 sensit.
791 2342 936 2377 Monialis
952 2340 1119 2389 quaedam,
1138 2353 1218 2387 quac

473 2401 541 2439 pust
568 2392 686 2427 febrem
709 2392 853 2438 longam,
877 2404 970 2438 quam
994 2403 1085 2439 passa
1106 2390 1217 2429 fuerat,

471 2442 610 2477 dolorem
636 2442 813 2477 incurrebat
837 2443 867 2476 in
891 2441 1041 2476 omnibus
1069 2439 1219 2475 membris

472 2493 551 2536 eius,
580 2492 609 2527 in
632 2500 754 2527 tantum
778 2492 861 2540 quod
894 2492 923 2526 in
953 2491 1118 2526 duodecim
1145 2490 1221 2524 die—

474 2542 541 2582 hus,
579 2542 635 2577 nisi
659 2542 762 2577 alieno
784 2541 956 2585 adiutorio,
984 2540 1022 2575 de
1056 2541 1135 2575 lecto
1158 2552 1219 2574 uon

475 2601 593 2638 poterat
630 2604 664 2627 se
699 2603 835 2631 movere,
863 2598 985 2638 portato
1023 2590 1082 2624 sibi
1120 2589 1220 2637 pedali

475 2653 593 2686 panno,
615 2642 667 2689 qui
700 2642 857 2688 quondam
882 2640 988 2675 Sancti
1014 2641 1106 2674 huius
1135 2639 1222 2673 dicc-

1044 254 1228 277 immunitum
1252 253 1412 276 ROMANUM

1248 309 1338 343 batur
1361 308 1469 352 fuisse,
1492 319 1526 341 ac
1548 307 1607 342 sibi
1629 308 1786 353 applicato
1799 308 1836 343 ad
1853 320 1992 348 carnem.

1247 371 1319 393 sana
1346 367 1375 393 et
1398 354 1565 391 incolumis
1586 366 1630 391 cst
1653 358 1772 392 effoeta.
1801 357 1882 392 Cum
1900 359 1994 393 homo

1246 408 1393 455 quidam,
1426 407 1479 453 qui
1508 406 1667 441 miraculis
1696 407 1785 441 istius
1807 406 1913 442 Sancti
1936 407 1995 443 de-

1248 458 1369 492 trahere
1403 457 1580 494 nitebatur,
1626 457 1865 491 reversationem
1906 457 1994 492 faciei

1247 515 1277 542 et
1303 507 1465 541 oculorum
1495 506 1626 552 turpiter
1653 506 1853 549 incurrisset,
1888 507 1996 553 sicque

1249 568 1378 591 manens
1406 569 1460 603 per
1487 555 1553 590 dies
1579 567 1649 600 sex,
1678 554 1751 589 huie
1777 555 1897 590 Sancto
1925 567 1995 590 cum

1247 606 1413 640 devotione
1435 617 1494 652 qua
1515 613 1648 652 poterat,
1681 617 1714 639 se
1735 604 1928 644 devovisset,
1958 605 1996 640 ad

1248 655 1451 702 sepulchrum
1481 654 1549 689 eius
1570 666 1700 689 veniens
1727 662 1758 689 et
1780 654 1917 689 offerens
1944 666 1998 689 ca-

1250 713 1304 752 put
1326 717 1467 745 cereum,
1490 713 1658 752 antequam
1682 704 1780 739 exiret
1802 703 1997 744 Ecclesiam,

1250 753 1387 802 perfecte
1410 754 1523 799 reperit
1552 766 1584 788 se
1612 762 1766 788 curatum.

1297 808 1312 846 ξ
1339 805 1396 837 28.
1420 802 1506 838 Haec
1538 810 1612 838 sunt
1636 803 1788 838 mirabilia
1816 814 1910 849 opera
1943 814 1998 837 so-

1249 851 1308 886 lius
1335 852 1508 892 Altissimi,
1534 852 1651 899 quibus
1678 861 1708 886 et
1739 852 1807 887 aliis
1829 851 1994 899 quamplu-

1251 901 1337 936 ribus
1359 901 1526 936 mirificare
1549 901 1648 936 voluit
1669 901 1818 936 Sanctum
1840 902 1946 945 istum,
1964 913 1998 936 ac

1250 951 1303 985 toti
1327 950 1447 985 mundo
1471 950 1602 985 reddere
1622 951 1849 986 venerandum.
1877 950 1999 986 Laude-

1251 1009 1301 1034 tur
1322 1000 1415 1046 igitur
1439 1000 1602 1046 magnifice
1634 1000 1722 1034 Deus
1760 1008 1877 1044 noster,
1911 1000 2000 1035 cuius

1250 1050 1377 1084 dextera
1399 1049 1473 1085 huic
1499 1049 1649 1097 episcopo
1671 1049 1792 1084 confert
1814 1049 1998 1084 stelliferum

1251 1100 1336 1145 regui
1360 1099 1515 1133 diadema.
1539 1097 1741 1146 Applaiidant
1757 1108 1788 1134 et
1811 1099 1861 1133 isti
1886 1099 2000 1146 pariter

1250 1149 1328 1184 coeli
1352 1149 1448 1190 cives,
1470 1161 1604 1196 quorum
1625 1148 1768 1184 coetibus
1790 1148 1927 1183 Sanctus
1949 1147 2000 1182 hic

1250 1199 1316 1233 sole
1362 1198 1560 1246 splendidior
1599 1208 1645 1233 est
1685 1199 1830 1233 insertus.
1878 1196 2001 1232 Cauant

1250 1260 1378 1295 quoque
1412 1248 1562 1283 altissime
1600 1248 1776 1292 Franciae,
1812 1246 1939 1281 Siciliae
1966 1258 2002 1280 ac

1251 1297 1430 1344 Hungariae
1450 1309 1543 1343 regna
1568 1296 1682 1338 felicia,
1704 1297 1743 1332 de
1757 1309 1892 1344 quorum
1910 1296 2003 1330 horto

1251 1347 1396 1382 candoris
1420 1347 1498 1381 nivei
1528 1347 1586 1381 flos
1612 1347 1732 1395 erupit,
1766 1358 1903 1394 quorum
1933 1346 2003 1380 vitis

1251 1397 1405 1443 germinat
1423 1396 1548 1431 dulcem
1564 1409 1668 1441 uvam,
1696 1397 1785 1431 cuius
1808 1395 1912 1443 liquor
1930 1407 2004 1429 coe-

1253 1449 1297 1481 los
1320 1446 1502 1487 laetificans,
1535 1446 1660 1481 abunde
1683 1445 1825 1480 funditur
1848 1446 1878 1479 in
1907 1444 2003 1479 calice

1251 1496 1375 1531 Summi
1398 1495 1505 1542 Regis.
1545 1496 1694 1531 Laetetur
1729 1495 1859 1543 insuper
1894 1494 2003 1529 civitas

1251 1546 1407 1581 Tolosana
1442 1553 1528 1580 tanto
1562 1545 1657 1580 ditata
1705 1544 1869 1590 praesule,
1906 1555 2002 1591 quem

1252 1596 1334 1642 apud
1371 1595 1472 1629 Deum
1503 1595 1688 1630 advocatum
1725 1594 1818 1629 babet
1856 1593 2002 1629 sedulum

1252 1654 1282 1679 et
1306 1653 1482 1692 patronum.
1507 1644 1587 1679 Vere
1604 1644 1675 1679 felix
1699 1657 1742 1684 es,
1763 1656 1781 1678 o
1797 1642 2004 1686 tu,Marsilia,

1253 1694 1330 1729 facta
1368 1693 1546 1728 divinorum
1589 1702 1764 1729 aromatum
1804 1702 1864 1727 tam
1904 1694 2002 1727 sancti

1253 1745 1394 1791 corporis
1420 1744 1580 1790 apotheca.
1609 1743 1672 1779 Sed
1695 1752 1725 1778 et
1748 1743 1875 1778 fratrum
1900 1742 2004 1777 Mino-

1255 1807 1323 1828 rum
1347 1794 1423 1828 ordo
1446 1793 1652 1841 conspicuus,
1687 1805 1781 1827 novae
1806 1793 1907 1827 laudis
1930 1805 2006 1827 can-

1255 1844 1351 1878 ticum
1377 1855 1522 1891 promere
1550 1855 1612 1877 non
1636 1842 1764 1877 desistat
1783 1842 1813 1876 in
1835 1842 1904 1877 aula
1931 1854 2006 1876 coe-

1256 1894 1342 1934 lesti,
1374 1902 1434 1927 tarn
1471 1893 1664 1939 praeclarum
1693 1892 1856 1926 alumnum
1891 1891 2006 1925 divinis

1257 1943 1364 1978 festive
1391 1942 1613 1989 conspectibus
1636 1949 1886 1989 repraesentans.

1304 1993 1392 2039 §⁶23
1405 1991 1586 2031 Caeterum,
1600 1992 1671 2038 quia
1689 1990 1846 2031 convenit,
1865 1998 1897 2024 ut
1912 2001 2005 2037 quem

1256 2042 1414 2077 Dominus
1442 2042 1472 2076 iu
1509 2041 1597 2076 coelo
1631 2041 1831 2087 magnificat,
1869 2039 2008 2073 mundus

1257 2092 1348 2135 colat,
1373 2104 1429 2125 nos
1451 2092 1489 2125 de
1514 2092 1676 2125 sanctitate
1706 2091 1783 2123 vitae
1806 2102 1841 2123 ac
1877 2089 2007 2123 veritate

1259 2141 1507 2176 miraculorum
1503 2141 1603 2187 ipsius
1632 2140 1747 2195 inquiri
1772 2139 1905 2173 fecimus
1928 2138 2009 2172 dili—

1258 2199 1378 2236 gtuter.
1420 2190 1457 2224 Et
1485 2203 1556 2236 quia
1586 2198 1655 2237 post
1692 2189 1930 2244 inquisitionem
1955 2200 2010 2222 so-

1258 2218 1366 2275 lertern
1402 2248 1431 2273 et
1466 2240 1639 2274 studiosam
1677 2239 1942 2273 examinationem
1980 2247 2009 2271 et

1259 2291 1489 2325 discussionem
1540 2290 1713 2324 solemnem
1729 2316 1738 2331 ,
1778 2288 2010 2342 supplicatione

1259 2340 1369 2374 devota
1405 2348 1433 2373 et
1468 2340 1578 2373 humili
1615 2339 1825 2393 praelatorum
1867 2349 2009 2371 omnium

1259 2390 1342 2444 apud
1359 2389 1473 2424 Sedent
1491 2389 1706 2436 xpostoticam
1720 2388 1921 2422 existentium
1937 2399 2009 2421 cum

1262 2440 1403 2474 instantia
1431 2439 1589 2486 requisiti,
1612 2438 1650 2472 de
1671 2438 1798 2472 fratrum
1830 2445 2010 2471 nostrorum

1261 2489 1391 2523 consilio
1420 2497 1449 2523 et
1473 2501 1618 2527 assensu
1645 2487 1684 2522 de
1706 2487 1934 2534 omnipotentis
1952 2486 2010 2521 Dei

1263 2540 1376 2574 virtute
1403 2538 1533 2579 confisi,
1569 2538 1753 2572 auctoritate
1781 2549 1908 2584 quoque
1932 2537 2012 2571 bea—

1263 2596 1363 2623 torum
1378 2588 1462 2622 Petri
1487 2596 1515 2622 et
1540 2587 1628 2622 Pauli
1644 2587 1856 2634 apostolorum
1880 2587 1959 2627 eius,
1982 2594 2012 2620 et

1265 2648 1379 2672 nostra.
1407 2639 1508 2685 ipsum
1533 2638 1664 2684 septima
1686 2636 1736 2670 die
1758 2636 1864 2683 aprilis
1887 2644 2015 2671 sancto-

2008 255 2058 282 Αιι.
2076 255 2105 282 C.
2124 255 2190 281 ¹517

2040 813 2176 833 Gaudendum

2013 847 2083 872 itaque
2113 846 2132 866 iu
2157 844 2198 865 Ec-

2014 877 2087 897 etesia.

2023 2001 2145 2021 Sanctorum
2154 1999 2206 2020 Con-

2022 2033 2125 2053 fessorum
2146 2035 2206 2051 catu-

2023 2064 2070 2089 logo
2101 2061 2207 2083 adseritu-

2023 2098 2054 2115 1ut'
2066 2102 2070 2113 t
