2274 3265
96 291 143 316 An.
163 290 189 316 C.
213 289 276 315 129st
884 284 1074 307 ιιοκιΡΑσιιε
1102 284 1160 306 viii
1191 284 1236 305 ΡΡ.
1724 272 1788 302 13ῗῖ
1857 280 1905 305 An,
1924 279 1950 303 c,
1973 278 2036 303 129¹«

341 345 439 389 3¹36.
470 342 681 390 Dispensantli
704 342 798 377 etiam
833 352 903 374 cum
940 339 1043 373 fratri-

116 404 255 439 bermundi
293 396 352 431 bus
379 407 433 431 seu
463 396 604 431 monacis
636 396 674 430 ad
718 402 816 430 vestra
857 392 1042 427 monasteria

94 435 277 485 “⁰2:232ssbe
292 458 321 484 et
346 449 410 484 loca
439 449 692 489 convolantibus,
720 456 749 483 et
777 447 892 482 ibidem
921 446 1044 492 (legeu-

293 503 388 543 tibus‚
411 516 507 550 super
534 501 818 549 irregularitatibus
839 500 1044 548 quibuscum-

292 570 364 604 que,
393 557 486 592 etiam
510 558 534 592 si
559 557 646 604 prius
674 569 726 591 eas
755 556 885 590 fortasse
917 562 1044 589 contra-

1088 338 1217 372 honoris
1241 338 1285 371 vel
1314 346 1413 373 status
1455 339 1579 380 existat,
1608 339 1637 371 in
1676 345 1835 384 posterum

1087 392 1253 438 contigerit
1281 392 1483 438 promulgari,
1513 391 1659 425 volumus
1692 403 1729 424 eo
1769 391 1838 436 ipso

1088 454 1215 492 penitus
1239 458 1299 479 non
1325 453 1442 479 tenere.

1135 500 1154 545 ,ξ
1183 501 1239 533 40.
1266 498 1299 532 Ιιι
1323 499 1449 544 signum
1489 512 1559 533 vero
1592 506 1755 545 perceptae
1796 499 1838 531 li—
1856 505 1940 549 *tunm

2020 538 2037 549 V2

1088 556 1216 591 bertatis
1258 564 1388 599 vestrae,
1430 563 1459 589 et
1502 556 1708 590 subiectionis
1743 556 1839 590 solius
1855 534 2039 591 lilinum-diff*

1977 508 2040 523 {Eco-

108 1202 230 1223 Oblatiouei
247 1208 278 1223 ro-

96 1234 195 1260 Pipleudl,
207 1234 280 1254 etiam-

97 1264 113 1283 si
122 1264 163 1283 sint
173 1264 225 1283 boun
237 1263 281 1284 feu-

96 1295 162 1315 dulia:

113 1648 134 1668 E!
149 1654 284 1675 praecipuum

101 1683 250 1700 monasterium
260 1679 284 1699 ad

100 1710 179 1731 libitum
202 1713 285 1730 mutan-

117 1979 208 2000 Ismario
240 1985 286 1999 om-

104 2017 159 2031 nium
170 2016 223 2038 quae
235 2015 287 2030 ren-

104 2044 135 2062 πᾶ
170 2046 286 2068 praemissa

104 2075 207 2092 attentata
241 2071 287 2092 fue-

105 2106 153 2124 rint.

293 612 406 655 xerint,
428 624 523 658 quam
547 610 704 658 praedicta
733 610 798 645 loca
826 617 855 643 et
887 616 1044 643 monaste-

294 666 336 700 ria
361 666 571 704 intravissent,
599 664 773 699 dummodo
808 675 844 698 ex
882 662 1043 697 homicidii

294 719 338 754 vel
355 719 562 754 mutilationis
575 731 680 757 causa,
698 717 944 763 irregularitates
959 716 1045 763 ipsae

294 773 422 808 minime
441 774 504 808 sint
525 781 715 808 contractae.
740 771 932 806 Absolvendi
952 771 1044 804 etiam

293 826 403 861 fratres
429 835 459 861 et
494 839 644 862 monacos
685 834 874 861 memoratos
911 825 950 859 ab
989 838 1046 860 ex-

291 881 581 916 communicatione
619 894 845 928 quacumque,
886 880 980 915 etiam
1021 880 1044 914 si

292 936 360 970 eius
382 935 538 970 absolutio
561 944 683 971 tantum
717 936 758 970 sit
791 934 867 970 Sedi
906 934 1046 981 Aposto-

292 989 369 1024 licae
397 997 564 1034 reservata,
588 990 712 1037 plenam
737 998 766 1025 et
789 989 920 1024 liberam
945 988 1046 1033 vobis,

293 1043 345 1077 [ilii
369 1042 510 1083 abbates,
533 1043 719 1079 auctoritate
742 1043 911 1089 apostoliea
936 1054 1047 1078 conce-

293 1096 398 1131 dimus
422 1105 623 1143 potestatem.

342 1150 362 1197 g
384 1154 440 1185 57.
466 1150 672 1198 Indulgemus
685 1152 779 1186 etiam
798 1151 896 1192 vobis,
916 1158 949 1185 ut
968 1150 1048 1185 bona

294 1204 428 1239 feudalia
451 1205 496 1239 vel
524 1205 582 1240 alia
618 1205 776 1253 quaelibet
822 1205 908 1240 vobis
947 1204 1048 1240 oblata

295 1257 393 1293 libere
420 1258 562 1306 recipere
586 1260 713 1294 valeatis
735 1272 771 1294 ac
793 1259 876 1294 licite
903 1259 1050 1298 retinere,

296 1312 378 1347 nulla
402 1313 630 1347 constitutione
653 1325 707 1347 seu
733 1313 965 1348 consuetudine
978 1326 1052 1348 con-

297 1367 388 1401 traria
412 1366 597 1407 obsistente;
625 1375 678 1401 aut
700 1367 792 1401 etiam
816 1368 841 1401 si
866 1367 925 1402 loci
961 1368 1051 1403 dioe-

295 1433 431 1456 cesanus
459 1423 539 1457 bona
563 1423 628 1469 ipsa
658 1435 714 1469 pro
733 1422 866 1456 decimis
901 1435 963 1456 uon
1000 1435 1051 1457 so-

297 1475 383 1514 tutis,
410 1484 461 1510 aut
495 1476 761 1523 praestationibus
792 1477 860 1510 aliis
895 1476 954 1511 sibi
1000 1485 1051 1511 aut

297 1530 456 1565 Ecclesiae
479 1543 554 1566 suae
577 1539 695 1567 asserat
717 1531 864 1578 obligata.

346 1585 366 1630 g
389 1588 445 1620 38.
474 1585 514 1620 Et
541 1586 615 1634 quia
634 1586 768 1621 mutatio
792 1595 970 1634 temporum
1008 1587 1052 1621 fa-

299 1639 338 1673 cti
363 1640 566 1675 mutationem
591 1641 668 1675 sorte
706 1641 888 1688 requireret,
932 1641 1051 1675 licitum

300 1694 337 1728 sit
365 1694 454 1729 vobis
492 1695 620 1743 aliquod
656 1695 739 1729 aliuil
782 1695 821 1730 (le
855 1696 1054 1730 monasteriis

301 1749 421 1790 vesti-is,
462 1750 681 1798 praesentibus
721 1758 771 1784 aut
809 1751 935 1795 futuris,
959 1759 1053 1797 caput

300 1802 432 1838 aliorum
470 1805 732 1840 monasteriorum
769 1814 798 1839 et
837 1805 1052 1839 membrorum

301 1865 474 1894 vestroruin
499 1861 535 1903 (si
563 1860 734 1907 expediens
758 1860 860 1903 suerit)
895 1858 1053 1894 ordinare.

354 1917 373 1963 S
397 1918 453 1950 39.
478 1915 542 1950 Nos
564 1916 650 1950 enim
674 1927 712 1949 ex
736 1927 818 1949 nunc
852 1913 1055 1949 deceruimus

302 1971 423 2006 irritum
447 1979 477 2005 et
500 1971 592 2005 inane
615 1969 764 2017 quicquid
789 1977 896 2004 contra
913 1978 1053 2003 tenorem

301 2026 556 2061 concessionum,
580 2025 858 2063 constitutionum,
883 2022 1056 2068 indulgen-

303 2081 415 2114 tiarum
444 2088 473 2114 et
516 2078 739 2113 inhibitionunt
781 2076 989 2119 huiusmodi,
1027 2084 1057 2110 et

303 2135 512 2181 capitulorum
541 2133 683 2168 omniun]
711 2141 739 2165 et
776 2132 868 2166 etiam
907 2130 1057 2176 singulo-

304 2201 384 2229 rum,
412 2201 492 2235 quae
520 2187 667 2234 superius
696 2195 769 2221 sunt
807 2198 967 2232 expressa,
1004 2196 1059 2231 per

304 2253 522 2290 quoscumque
549 2249 734 2277 attentatum
772 2249 829 2284 cst,
861 2239 907 2274 vel
937 2239 967 2272 in
1001 2250 1059 2285 po-

304 2306 422 2333 sterum
450 2297 615 2343 contigerit
637 2296 798 2335 attentari,
827 2304 856 2329 et
887 2292 1058 2333 interdicti,

305 2353 552 2399 suspensionum
567 2360 596 2385 et
612 2349 979 2385 excommunicationum
991 2360 1061 2381 sen·

306 2406 430 2445 tentias,
458 2407 483 2440 si
513 2418 592 2452 quas
631 2412 737 2439 contra
775 2402 973 2450 praemissa,
1014 2400 1058 2434 rel

306 2459 433 2508 aliquod
463 2459 719 2505 praemissorum,
744 2458 772 2491 in
795 2469 849 2491 vos
873 2456 916 2490 vel
947 2456 975 2488 in
1003 2467 1060 2488 re—

307 2523 406 2549 strum
438 2514 590 2560 aliquem,
629 2512 693 2545 sive
727 2510 862 2557 aliquos,
902 2517 955 2544 aut
993 2508 1059 2542 loca

309 2576 422 2609 vestra,
443 2581 498 2603 seu
522 2566 739 2602 benefactores
761 2573 879 2599 vestros
902 2571 956 2598 aut
986 2573 1061 2597 exe-

309 2631 432 2656 cutores
456 2621 501 2655 vel
525 2619 688 2662 haeredes,
715 2631 731 2652 a
767 2630 970 2665 quocumque
1005 2628 1062 2650 cu-

311 2672 497 2718 iuscumque
521 2669 795 2717 praeeminentiae,
814 2667 989 2714 dignitatis,
1009 2673 1063 2700 aut

1087 611 1249 645 Romanae
1278 610 1438 644 Ecclesiae
1462 623 1515 656 per
1549 622 1606 643 uos
1641 609 1728 643 tobis
1763 622 1839 643 con-

1087 677 1207 703 cessae,
1233 672 1265 698 ut
1300 663 1448 710 superius
1489 663 1710 709 praemittitur,
1747 676 1838 696 unani

1089 719 1213 753 unciam
1234 717 1311 757 auri,
1328 717 1511 751 solvendam
1535 717 1626 750 annis
1650 716 1783 762 singulis
1812 717 1839 749 ιιι

1090 774 1167 807 l'esto
1188 771 1366 807 Nativitatis
1390 771 1538 815 Domini,
1558 779 1618 805 tani
1650 783 1704 817 pro
1728 771 1840 817 capitv.

1088 839 1182 875 quam
1213 838 1267 872 pro
1290 825 1441 860 membris
1465 824 1586 864 vestris,
1611 823 1701 859 nobis
1728 832 1841 859 etsuc-

1088 880 1266 916 cessoribus
1290 879 1404 914 nostris
1443 879 1597 913 Romanis
1633 877 1841 913 Pontificibus¹

1090 935 1274 983 persolvatis
1300 937 1353 979 (t).

1137 989 1221 1024 Nulli
1245 1001 1320 1036 ergo
1340 988 1469 1024 omnino
1497 987 1662 1022 bominum
1691 994 1742 1021 etc.

1139 1043 1209 1078 Dat.
1240 1042 1371 1090 Aquilae
1395 1055 1410 1076 v
1433 1041 1582 1077 kalendas
1605 1040 1756 1084 octobris,
1770 1054 1845 1087 pou-

1090 1098 1226 1133 titicatus
1254 1097 1352 1132 nostri
1376 1109 1459 1131 auno
1488 1108 1509 1131 1.

1121 1159 1180 1189 Dat.
1198 1159 1243 1189 die
1260 1159 1296 1188 27
1314 1157 1490 1197 septembris
1508 1158 1593 1194 1294,
1611 1161 1688 1196 pout.
1704 1166 1779 1187 anno
1796 1166 1813 1186 1.

1396 1242 1520 1250 ...-

1293 1344 1545 1394 BoNtrActth
1580 1344 1652 1393 Vlll

1354 1437 1446 1467 PAPA
1483 1437 1587 1468 CXCIII

1236 1510 1327 1541 Anno
1354 1508 1484 1541 Domini
1512 1507 1717 1540 MCCXCIV.

1096 1589 1176 1664 Die
1204 1632 1245 1664 ta
1272 1629 1450 1664 decembris
1479 1628 1550 1662 anni
1598 1630 1686 1662 1294
1730 1628 1849 1663 electus

1096 1697 1142 1724 est
1168 1688 1300 1736 Neapoli
1324 1688 1356 1722 in
1380 1687 1551 1722 Summum
1574 1687 1760 1722 Pontificem
1788 1686 1850 1722 Be-

1097 1747 1243 1783 nedictus
1285 1746 1471 1786 Caietanus,
1510 1745 1700 1791 Anagninus
1740 1747 1849 1792 patria,

1097 1815 1184 1853 patre
1217 1818 1289 1841 vero
1331 1804 1509 1844 Luitfredo,
1548 1803 1663 1839 illustri
1699 1803 1850 1839 Caietano

1097 1873 1262 1900 stemmate
1292 1873 1391 1904 ortus,
1428 1864 1481 1910 qui
1522 1864 1622 1898 fuerat
1647 1871 1737 1897 autea
1761 1875 1851 1909 pres<

1099 1924 1187 1972 byter
1212 1922 1381 1958 cardinalis
1410 1923 1460 1957 Ss.
1491 1921 1633 1957 Silvestri
1663 1929 1693 1956 et
1726 1921 1851 1955 Martini

1100 1983 1177 2018 tituli
1206 1982 1336 2029 Equitii.
1360 1981 1394 2016 ln
1419 1981 1604 2015 Pontificem
1633 1980 1763 2020 electus,
1790 1979 1853 2013 ΒΟνβ

1099 2041 1233 2076 nifacius
1260 2040 1330 2075 VllI
1360 2039 1455 2075 voluit
1489 2038 1655 2086 appellari:
1680 2048 1851 2073 consecra-

1102 2108 1151 2135 tus
1188 2111 1260 2135 vero
1283 2106 1329 2134 est
1356 2106 1387 2133 ct
1409 2105 1580 2133 coronatus
1601 2096 1722 2131 Romae
1745 2107 1851 2130 mens—1*

1102 2158 1242 2194 ianuario
1264 2157 1336 2192 anni
1359 2156 1533 2203 sequentis.
1562 2154 1652 2190 Sedit
1680 2155 1709 2188 in
1749 2163 1853 2200 ponti-

1102 2217 1193 2251 ficatu
1209 2229 1309 2251 annos
1332 2228 1401 2260 viu,
1425 2227 1524 2249 mens.
1540 2226 1588 2254 tx,
1603 2213 1669 2247 dies
1692 2224 1778 2246 xvut
1796 2213 1854 2255 (21,

1101 2274 1332 2323 imperantibus
1373 2274 1403 2307 iu
1426 2273 1557 2308 Oriente
1580 2271 1762 2306 Andronico
1779 2297 1788 2314 ,
1822 2283 1851 2303 ιιι

1101 2332 1279 2368 Occidente
1307 2343 1379 2366 vero
1408 2330 1591 2377 Rodulpbo,
1616 2341 1692 2363 mox
1724 2328 1853 2362 Alberto

1103 2391 1230 2438 regibus
1242 2389 1469 2424 Rornanorum.
1494 2388 1581 2422 Obiit
1603 2387 1724 2421 Romae
1743 2385 1794 2421 die
1810 2389 1823 2420 1
1840 2388 1846 2418 1

1103 2449 1241 2485 octobris
1268 2459 1351 2482 anuo
1376 2448 1482 2486 1505,
1506 2453 1535 2479 et
1570 2444 1716 2492 sepultus
1743 2451 1790 2478 est
1824 2457 1852 2477 ιιι

1105 2507 1232 2543 basilica
1280 2504 1386 2540 Sancti
1431 2503 1528 2538 Petri.
1585 2502 1711 2537 Vacavit
1765 2501 1855 2536 sedes

1104 2566 1173 2601 dies
1201 2576 1247 2599 xi.

1141 2636 1180 2671 (¹)
1201 2636 1299 2662 Forsan
1327 2635 1485 2666 person-eus.
1525 2631 1564 2666 (ἢ)
1586 2631 1626 2658 Ab
1651 2630 1786 2658 electionis
1815 2630 1857 2656 dr>

1105 2675 1308 2711 computandos.
