2274 3265
101 326 145 351 An.
170 327 198 352 C.
215 325 279 351 ¹355

131 2121 212 2143 [aerae
241 2121 300 2141 solii-

117 2155 181 2175 tionis
218 2153 300 2172 contri-

118 2184 209 2204 hunonis
217 2189 256 2209 quo
266 2188 301 2208 ps-

119 2219 152 2236 cto
178 2214 300 2240 sigillundae

120 2250 139 2266 et
177 2247 300 2266 custodien-

120 2279 165 2299 dae,

893 322 1088 345 BENEDtCTus
1112 321 1157 344 ΧΗ
1184 322 1230 344 Ι“Ι“,

297 378 440 419 restabit,
469 379 525 426 ipsi
557 379 692 426 capitulo
728 391 782 414 seu
817 378 1036 413 definitoribus

297 428 396 476 ipsius
419 429 546 476 capituli
582 429 822 464 custodiendum
859 429 1039 471 restituere,

299 479 391 513 modo
426 479 607 525 praemisso,
643 491 697 525 per
723 478 799 513 alios
825 486 886 512 tres
911 478 1040 513 abbates

299 541 353 575 per
371 529 473 575 ipsum
498 528 666 576 capitulum
686 540 740 562 seu
763 527 943 562 definitores
958 529 1039 567 eius,

300 587 332 613 ut
360 577 585 624 praetenditur,
612 576 819 624 deputandos.

348 627 368 673 S
395 630 452 662 21.
481 627 630 673 Dictique
652 634 713 660 tres
735 626 882 670 abbates,
916 625 1041 673 quando

300 677 337 712 ad
366 677 521 724 praedicta
549 676 799 723 deputabuntur,
832 676 1040 711 iuramentum

303 727 517 774 praestabunt,
550 725 633 772 quod
659 726 687 760 in
718 726 913 773 recipiendo,
936 733 1044 760 custo-

301 777 416 811 diendo
429 784 459 810 et
473 774 680 822 expendendo
695 775 943 810 contributiones
960 787 1044 821 prae-

302 826 409 866 dicias,
432 837 466 860 ac
495 825 525 858 in
554 823 714 859 reddendo
748 825 897 860 rationem
914 825 952 860 de
968 825 1044 872 ipsis

303 874 435 909 fideliter
461 886 494 908 se
516 873 686 908 babebunt.

351 923 371 970 S
397 925 454 958 22.
478 923 630 957 Poterunt
656 931 759 957 autem
796 923 870 958 dicti
899 932 962 958 tres
988 922 1046 958 ab-

304 973 389 1007 bates
418 979 613 1019 receptores,
650 972 744 1007 modo
772 973 931 1019 praedicto
953 985 968 1007 a
992 985 1046 1019 ge-

304 1022 399 1057 nerali
434 1021 570 1069 capitulo
597 1034 651 1056 seu
688 1021 906 1057 definitoribus
949 1023 1047 1068 ipsius

304 1071 432 1118 capituli
467 1071 625 1118 deputati,
666 1071 704 1105 de
745 1072 883 1119 ipsorum
924 1071 1047 1107 abbatis

305 1120 523 1156 Cisterciensis
546 1129 575 1155 et
603 1128 738 1167 quatuor
765 1121 950 1156 coabbatum
974 1122 1047 1155 toti-

305 1170 375 1205 dem
400 1169 620 1218 principalium
644 1170 775 1205 filiarum
792 1171 934 1215 consilio,
956 1171 1050 1205 certis

306 1220 448 1267 personis
471 1219 615 1254 fidelibus
633 1228 662 1254 et
684 1219 843 1260 discretis,
870 1220 960 1254 annis
981 1220 1050 1254 sin-

304 1269 388 1316 gulis
411 1270 493 1304 vices
514 1281 588 1304 suas
609 1269 805 1304 committere
829 1269 865 1303 ad
895 1269 1048 1315 recipien-

306 1319 381 1353 dum
418 1318 668 1353 contributiones
691 1318 721 1351 in
745 1317 883 1364 generali
912 1318 1050 1365 capitulo

306 1380 367 1402 non
385 1367 513 1403 solutas.
536 1367 598 1410 Qui
628 1367 783 1414 siquidem
812 1368 934 1402 discreti
960 1380 1050 1415 prae·

305 1417 432 1451 stabunt
443 1417 626 1452 solemniter
636 1416 860 1461 iuramentum,
872 1417 953 1464 quod
966 1430 1052 1464 prae-

307 1467 383 1501 fatas
409 1466 660 1501 contributiones
684 1467 846 1513 recipient,
882 1466 1049 1506 levabunt,

307 1516 431 1562 exigent
452 1525 481 1550 et
507 1515 673 1551 servabunt
707 1516 849 1557 fideliter,
883 1524 913 1551 et
939 1516 976 1551 ad
1000 1529 1051 1551 se-

307 1578 406 1613 quens
441 1566 587 1612 generale
626 1566 800 1613 capitulum
842 1566 932 1600 dictis
969 1578 1052 1600 com—

308 1616 460 1650 missariis
486 1615 641 1662 generalis
668 1616 795 1663 capituli
831 1628 886 1650 stu
910 1616 1053 1651 definito-

308 1665 397 1700 ribus
423 1666 490 1700 eius
529 1665 720 1711 integraliter
755 1665 981 1713 deportabunt;
1009 1666 1052 1699 ‹li-

309 1716 412 1762 ctique
435 1723 496 1750 tres
517 1715 644 1750 abbates
668 1716 818 1750 rationem
843 1714 976 1750 reddent
998 1728 1052 1750 co-

310 1777 373 1800 ram
397 1764 513 1799 eisdem
542 1765 652 1800 abbate
679 1765 879 1800 Cisterciensi
915 1773 944 1799 et
972 1778 1052 1812 qua-

310 1823 380 1849 tuor
414 1814 617 1850 coabbatibus
660 1815 789 1850 totidem
832 1815 1051 1862 principalium

311 1865 462 1905 filiarum,
497 1866 521 1899 si
558 1877 669 1900 omnes
703 1873 884 1912 praesentes
917 1863 1053 1908 fuerint,

311 1926 432 1949 necnon
461 1926 564 1949 coram
602 1914 663 1949 illis
697 1914 940 1952 definitoribus,
976 1926 1055 1960 quos

313 1963 439 2011 praefati
455 1962 674 1998 Cisterciensis
689 1972 718 1998 et
734 1972 868 2010 quatuor
889 1962 1055 1997 coabbates

312 2014 342 2047 in
366 2012 520 2047 divisione
548 2012 742 2047 decreverint
769 2012 966 2047 detinendos.

361 2062 381 2109 g
402 2063 459 2096 25.
479 2061 634 2096 Volumus
656 2075 794 2109 quoque,
817 2063 899 2109 quod
920 2062 970 2095 fiat
989 2074 1055 2109 spe-

314 2111 391 2146 ciale
418 2111 574 2157 sigillum,
596 2124 660 2158 quo
685 2112 789 2146 literae
805 2111 971 2146 solutionis
986 2124 1055 2146 con-

315 2160 520 2196 tributionum
553 2161 626 2195 dicti
654 2162 773 2196 ordinis
800 2161 838 2195 ‹le
860 2169 982 2196 caetero
1011 2162 1054 2195 si-

314 2211 473 2257 gillentur,
496 2211 577 2257 quod
606 2211 730 2258 quidem
760 2210 895 2256 sigillum
924 2211 982 2244 snb
1007 2211 1058 2245 tri-

314 2261 373 2295 bus
407 2262 571 2295 serraturis
605 2269 634 2295 et
676 2260 889 2295 ‹liversificatis
921 2260 1057 2294 clavibus

317 2322 411 2357 penes
437 2310 537 2344 dictos
572 2319 634 2345 tres
663 2310 788 2345 abbates
824 2310 869 2344 vel
900 2309 928 2343 in
952 2310 1056 2357 aliquo

316 2360 524 2400 monasterio,
558 2359 597 2393 de
631 2372 693 2407 quo
716 2360 760 2394 eis
789 2361 886 2405 magis
909 2360 1057 2406 expedire

316 2409 492 2451 videbitur,
537 2409 618 2456 apud
657 2410 794 2456 aliquem
833 2409 876 2443 vel
913 2409 1056 2456 aliquos,

316 2471 409 2506 quem
447 2460 491 2493 vel
518 2471 598 2505 quos
625 2458 804 2505 eligendum
829 2460 872 2493 vel
897 2459 1058 2504 eligendos

317 2509 530 2549 decreverint,
567 2508 626 2542 iam
653 2509 770 2543 dictum
800 2509 934 2554 sigillum
965 2509 1057 2544 modo

319 2567 451 2605 przeacto
478 2567 632 2593 servetur:
664 2558 838 2605 praedictae
867 2567 968 2593 tamen
988 2572 1058 2605 per-

318 2621 423 2653 sonae,
445 2608 560 2655 quibus
574 2607 612 2642 de
628 2607 680 2641 dd.
699 2607 819 2642 abbatis
837 2607 1058 2643 Cisterciensis

318 2667 348 2693 et
374 2667 507 2705 quatuor
532 2657 719 2692 coabbatum
749 2657 875 2691 totidem
901 2658 1059 2704 principa-

318 2708 395 2742 lium
426 2707 555 2741 liliarum
583 2707 725 2747 consilio,
746 2707 802 2754 ipsi
832 2715 894 2741 tres
920 2707 1058 2746 abbates,

400 2764 472 2795 Ball.
491 2764 566 2794 Rom.
591 2764 643 2794 tf'ol.
665 2764 696 2793 lt
885 2765 923 2794 43

1702 310 1769 344 337

1082 386 1114 412 ut
1142 377 1351 425 praedicitur,
1389 378 1586 413 committent
1614 378 1694 414 vices
1729 391 1824 423 sua-2,

1081 427 1156 462 dum
1186 440 1246 462 non
1274 427 1394 462 solutas
1420 428 1670 463 contributiones
1696 440 1825 475 recepe-

1083 477 1154 522 rint,
1184 486 1327 525 poterunt
1360 477 1398 512 de
1425 478 1632 513 solutionibus
1657 479 1825 526 particula-

1085 527 1181 571 ribus,
1208 540 1287 574 quae
1315 529 1393 562 liunt
1417 536 1500 562 extra
1529 529 1700 575 caffiitulum
1728 540 1825 574 gene-

1085 577 1157 618 rale,
1181 577 1410 623 recognitiones
1430 576 1529 611 facere
1551 577 1610 611 sub
1632 577 1740 622 sigillis
1758 590 1827 624 pro-

1086 626 1161 674 priis
1179 626 1385 668 eorumdem,
1404 627 1458 662 sed
1477 627 1538 670 illa,
1554 639 1632 674 quae
1650 627 1726 661 siunt
1746 636 1829 674 post-

1087 675 1215 710 modum
1238 677 1298 717 eis,
1329 676 1546 722 sigillabuntur
1568 676 1724 722 praedicto
1753 689 1828 724 spe-

1086 726 1154 761 ciali
1178 726 1291 772 sigillo.

1135 775 1155 823 S
1180 778 1237 810 ⁶24.
1261 775 1436 810 praemissa
1466 788 1537 811 vero
1560 776 1641 810 circa
1664 775 1829 810 ordinatio-

1088 839 1158 861 nem
1187 825 1455 860 contributionum
1491 826 1535 860 sic
1561 833 1667 861 exacte
1694 837 1730 861 ac
1758 824 1830 859 dili-

1087 883 1197 923 genter
1224 875 1432 910 observentur
1463 875 1492 909 in
1521 874 1630 910 ordine
1657 873 1830 915 antedicto,

1088 924 1171 973 quod
1196 925 1288 959 etiam
1320 937 1374 972 per
1399 924 1545 970 generale
1577 924 1748 972 capitulum
1786 924 1831 959 vel

1088 975 1182 1009 alium
1211 987 1266 1009 seu
1294 974 1372 1009 alios
1399 974 1566 1022 quoslibet,
1599 987 1709 1022 quovis
1727 973 1832 1009 colore

1089 1024 1243 1072 quaesito,
1258 1032 1364 1058 contra
1380 1036 1414 1059 ea
1434 1024 1509 1058 nibil
1523 1023 1586 1058 fieri
1603 1032 1832 1071 praesumatur;

1090 1082 1121 1109 et
1147 1086 1172 1107 si
1196 1073 1265 1120 quis
1287 1086 1379 1108 secus
1404 1080 1555 1108 attentare
1578 1073 1834 1128 praesumpserit,

1091 1124 1228 1158 incurrat
1273 1122 1608 1159 excommunicationis
1645 1123 1833 1157 sententiam

1092 1173 1159 1220 ipso
1186 1172 1277 1206 facto.

1140 1222 1159 1268 g
1185 1223 1243 1255 25.
1265 1220 1385 1268 Nempe
1402 1222 1527 1256 cautius
1544 1222 1705 1268 providere
1729 1222 1836 1256 volen-

1092 1278 1150 1312 tes,
1172 1270 1256 1317 quod
1286 1282 1340 1316 pro
1367 1270 1475 1305 divino
1497 1271 1582 1305 cultu
1616 1279 1646 1306 et
1680 1270 1752 1306 aliis
1779 1270 1836 1305 ob-

1091 1321 1211 1366 sequiis
1234 1320 1430 1366 praestandis
1465 1321 1494 1355 in
1518 1319 1627 1355 ordine
1655 1320 1835 1367 praelibato,

1093 1382 1244 1416 personae
1267 1369 1457 1416 recipiantur
1485 1370 1602 1404 idoneae
1625 1370 1701 1417 ipsis
1729 1369 1837 1405 officiis

1093 1427 1315 1465 congruentes,
1357 1419 1522 1453 statuimus
1560 1429 1590 1454 et
1631 1419 1837 1460 ordinamus,

1093 1469 1176 1515 quod
1211 1469 1249 1503 de
1280 1476 1402 1503 caetero
1433 1469 1463 1503 in
1499 1468 1609 1503 eodem
1643 1469 1753 1504 ordine
1775 1481 1836 1503 non

1094 1518 1288 1566 recipiantur
1310 1518 1339 1552 in
1365 1530 1513 1553 monacos
1529 1518 1575 1552 vel
1593 1531 1762 1554 conversos
1777 1518 1836 1552 nisi

1096 1580 1247 1615 personae
1271 1568 1391 1602 idoneae
1412 1568 1450 1602 ad
1474 1580 1520 1608 ea,
1544 1580 1624 1616 quae
1647 1569 1839 1604 conveniunt

1096 1619 1235 1653 monacis
1263 1618 1308 1652 vel
1332 1618 1493 1652 conversis
1522 1617 1669 1664 praedicti
1704 1618 1838 1658 ordinis,

1095 1676 1124 1702 et
1153 1667 1212 1702 nisi
1237 1680 1292 1715 per
1326 1667 1455 1703 abbates
1493 1669 1754 1703 monasteriorum
1791 1666 1838 1703 vel

1097 1717 1312 1765 principaliter
1344 1717 1590 1765 praesidentium
1619 1717 1837 1764 regiminibus,

1095 1775 1125 1801 et
1142 1767 1276 1802 aliorum
1300 1767 1440 1802 locorum
1461 1768 1715 1802 conventualium
1740 1767 1838 1815 ipsius

1096 1817 1215 1852 ordinis
1242 1825 1271 1852 et
1300 1816 1377 1851 infra
1401 1818 1587 1852 monasteria
1610 1830 1663 1852 seu
1689 1817 1754 1853 loca
1778 1817 1838 1852 liu-

1097 1867 1245 1908 iusmodi,
1267 1879 1338 1902 cum
1366 1866 1498 1902 consilio
1520 1867 1681 1902 seniorum
1705 1867 1744 1902 de
1763 1880 1842 1902 con—

1098 1924 1204 1957 ventu,
1234 1929 1288 1951 seu
1318 1917 1443 1951 maioris
1465 1926 1494 1951 et
1517 1917 1650 1951 sanioris
1675 1918 1771 1964 partis
1793 1930 1841 1952 eo⁴

1097 1978 1166 2000 rum
1194 1966 1375 2001 monasterii
1403 1965 1449 2000 vel
1472 1965 1602 2001 alterius
1620 1965 1680 2001 loci
1708 1979 1843 2002 conven-

1098 2015 1198 2055 tualis,
1222 2015 1250 2049 in
1274 2028 1337 2062 quo
1365 2027 1569 2051 monacorum
1598 2015 1643 2050 vel
1666 2028 1840 2051 converso-

1098 2077 1166 2099 rum
1191 2065 1221 2098 fit
1258 2066 1394 2113 receptio
1424 2064 1666 2112 praedictorum.
1694 2065 1728 2100 Si
1751 2078 1841 2101 secus

1098 2122 1201 2149 actum
1228 2113 1329 2155 suerit,
1352 2127 1458 2149 carere
1483 2115 1602 2150 viribus
1623 2115 1840 2150 decernentes.

1146 2168 1166 2215 g
1187 2170 1243 2203 26.
1269 2168 1426 2214 Profecto,
1449 2169 1519 2216 quia
1544 2169 1703 2210 honestas,
1726 2176 1843 2217 tempe-

1100 2223 1195 2257 rantia
1219 2232 1248 2257 et
1272 2223 1423 2258 modestia
1444 2222 1560 2257 debent
1584 2223 1613 2257 in
1630 2223 1753 2258 cunctis
1770 2236 1843 2270 per-

1099 2276 1184 2311 sonis
1219 2277 1451 2321 ecclesiasticis,
1474 2286 1504 2311 et
1533 2277 1666 2310 maxime
1691 2277 1842 2322 regulari-

1101 2330 1158 2365 bus
1180 2330 1294 2365 divinis
1324 2330 1466 2365 laudibus
1500 2329 1642 2364 sedulius
1669 2330 1842 2374 dedicatis,

1101 2385 1203 2419 locum
1227 2385 1431 2432 praecipuum
1454 2385 1606 2429 obtinere,
1628 2386 1795 2419 statuimus
1811 2393 1840 2419 et

1100 2440 1190 2474 etiam
1228 2439 1429 2483 ordinamus,
1458 2448 1490 2473 ut
1522 2451 1632 2473 omnes
1663 2439 1790 2474 abbates
1812 2449 1842 2475 et

1102 2494 1314 2541 praesidentes
1332 2492 1538 2540 regiminibus
1554 2493 1684 2527 alioruin
1702 2493 1840 2529 locorum

1101 2549 1538 2593 conventualium,etmonaci
1554 2549 1695 2583 eiusdem
1712 2549 1842 2594 ordinis,

1102 2604 1211 2649 pannis
1239 2603 1329 2637 bruni
1358 2604 1402 2637 vel
1438 2603 1497 2638 albi
1529 2603 1643 2637 coloris
1681 2602 1841 2639 dumtaxat

1103 2666 1246 2701 utantur,
1281 2665 1310 2691 et
1332 2657 1415 2704 quod
1438 2657 1639 2692 domicellum
1668 2671 1721 2693 seu
1743 2659 1842 2693 domi-

1102 2711 1196 2746 cellos
1219 2711 1256 2745 de
1286 2711 1423 2746 vestibus
1449 2711 1493 2746 vel
1529 2712 1612 2746 robis
1643 2713 1762 2760 partitis
1788 2722 1841 2748 aut

1839 321 1876 348 Αη
1906 321 2017 348 C.1355

1853 785 1966 811 tiupitulnm
1979 790 2016 810 gen

1845 816 1895 836 nibil
1907 817 1932 836 de
1948 817 1985 836 hac
1996 822 2017 836 or

1845 848 1951 866 animumne
1988 854 2025 873 pn-

1846 882 1886 898 test
1910 882 2017 898 immutare

1863 1241 1891 1261 De
1905 1240 2033 1266 recipiendis

1850 1272 1870 1291 in
1887 1271 1966 1290 ordine.

1866 2182 1893 2204 De
1918 2182 1987 2203 habitu
2008 2183 2042 2203 nb-

1857 2214 1925 2234 batum
1937 2218 1957 2234 et
1968 2220 2041 2234 mona-

1858 2246 1943 2266 chorum
1955 2254 1957 2264 :
