2274 3265
101 276 150 302 An.
169 274 196 301 C.
217 274 280 301 128¹

111 707 147 728 niv
137 709 197 728 vinae
210 709 281 735 provi-

98 739 181 759 dentiae
222 745 281 759 com-

97 770 202 791 mendatio

916 273 1082 297 MAlt'rtNUs
1111 273 1142 295 tv
1167 273 1214 296 ΙΨ.

338 332 392 357 tur.
419 344 458 349 —
477 326 605 366 Explicat
626 337 708 357 suam
732 328 760 357 in
788 327 894 366 Papam
923 327 1044 357 electio-

337 381 412 401 nem.
435 389 471 395 -
489 372 517 402 ⁶2.
547 372 707 402 Catbedrae
735 373 917 411 Apostolicae
946 371 1042 401 subli-

337 417 432 445 mitas.
448 433 487 438 —
498 416 629 447 Demisse
642 417 677 447 de
690 426 721 446 se
734 418 829 446 sentit.
841 433 880 439 —
891 415 1043 451 Quomodo

338 461 446 490 invitus
466 461 665 501 pontificatum
684 461 839 500 acceperit.
857 477 895 482 —
913 460 939 489 3.
957 458 1043 488 Prae-

337 505 434 535 sulum
455 515 555 546 preces
577 506 722 545 implorat.

340 581 475 611 Martinus
493 582 633 618 episcopus
652 588 747 610 servus
772 587 913 611 servorum
942 582 998 610 Del.

346 654 680 701 lncomprebensibilia
704 654 760 689 Dei
788 654 914 697 iudicia,
949 663 979 689 ct
1002 655 1044 688 in-

297 705 496 751 vestigabiles
514 704 580 739 viae
603 704 672 739 eius
700 704 849 749 grandem
894 705 1041 739 nimirum

296 762 457 801 stuporem
492 739 768 788 considerantibus
803 755 975 799 ingerunt;
1014 763 1043 788 et

295 816 420 838 causam
445 802 584 850 profecto
622 815 683 836 non
716 802 793 838 levis
829 803 1044 838 admirationis

295 852 460 888 inducunt.
484 852 564 894 Quis
588 851 671 887 enim
695 852 724 886 iu
749 852 871 887 illorum
901 853 1045 887 conside-

295 903 413 937 ratione
441 914 502 936 non
531 904 672 948 stupeat?
694 901 774 943 Quis
796 914 857 936 uon
885 902 1043 948 stupendo

295 951 423 986 miretur
444 959 474 986 et
501 951 609 986 timeat
632 951 681 985 illa
705 951 895 986 iudiciorum
922 960 1041 986 secreta

294 1000 489 1043 caelestium,
511 1012 644 1047 quorum
682 1001 824 1035 ordinem
856 1013 917 1035 non
954 1001 1044 1037 datur

294 1062 387 1084 nosse
428 1050 624 1093 mortalibus,
657 1058 711 1084 aut
750 1050 779 1084 in
816 1058 895 1084 terra
927 1063 1043 1096 ponere

295 1100 458 1139 rationem;
478 1112 611 1145 quorum
633 1100 776 1146 mysteria
796 1112 886 1134 mens
908 1099 1041 1135 bumana

295 1160 352 1183 nec
388 1149 603 1194 investigando
625 1148 896 1195 comprehendere
919 1148 1042 1189 sufficit,

295 1209 352 1232 nec
365 1197 594 1232 considerando
609 1197 778 1242 discutere,
787 1198 833 1231 vel
845 1198 1044 1232 manifestare

295 1247 469 1294 loquendo?
486 1247 578 1289 Quis,
601 1247 742 1294 inquam,
765 1247 884 1294 absque
914 1255 1043 1288 stupore

294 1309 329 1330 ac
354 1305 471 1331 terrore
495 1297 625 1330 latentes
664 1297 918 1343 quotidianorum
955 1309 1043 1331 even·

295 1354 383 1379 tuum
405 1346 617 1391 praevisiones
643 1345 799 1380 attendat?
825 1346 906 1388 Quis
934 1346 1043 1381 intelli-

292 1406 365 1439 gere
395 1395 491 1429 valeat
513 1395 680 1429 discretam
711 1395 830 1430 lancem
866 1396 1042 1443 aequitatis,

292 1455 350 1490 qna
374 1443 444 1485 Ille,
469 1445 497 1478 in
520 1457 583 1492 quo
605 1444 662 1478 sibi
690 1444 903 1480 misericordia
931 1454 959 1480 et
989 1458 1043 1479 ve-

293 1494 366 1528 ritas
393 1493 572 1534 obviarunt,
591 1495 645 1540 qni
668 1493 839 1535 Ecclesiae,
861 1506 955 1541 quam
980 1507 1041 1529 non

292 1547 393 1577 solum
417 1543 674 1583 misericorditer,
693 1545 748 1578 sed
777 1544 959 1578 mirabiliter
986 1557 1041 1579 suo

291 1592 454 1639 Sanguine
481 1593 617 1639 pretioso
650 1592 802 1635 fundavit,
836 1602 866 1627 et
899 1594 928 1627 in
964 1595 1042 1628 adeo

292 1642 390 1676 solida
415 1642 561 1677 firmitate
585 1651 691 1690 petrae
715 1643 903 1678 inviolabilis
938 1644 1042 1679 stabi-

292 1691 368 1736 livit,
393 1700 425 1727 ut
448 1693 545 1740 portis
573 1693 677 1748 inseri,
711 1701 742 1727 et
775 1694 883 1728 mortis
920 1693 1041 1740 legibus

293 1742 495 1788 praevaleret,
531 1755 621 1778 suam
657 1743 687 1777 in
726 1744 844 1778 sanctis
882 1743 1042 1790 Apostolis

293 1792 437 1838 promisit
465 1792 726 1840 omnipotentiam
756 1805 855 1848 usque
884 1794 922 1828 ad
963 1806 1041 1828 cou-

291 1842 536 1877 summationem
564 1842 679 1877 saeculi
702 1843 917 1882 assistricem:
942 1844 1039 1891 ipsam

291 1890 430 1926 humano
467 1892 584 1927 iudicio
622 1892 855 1939 quodammodo
896 1894 1040 1928 derelin-

290 1952 404 1987 quens,
426 1952 494 1975 eam
518 1950 579 1976 tam
602 1941 815 1988 frequentium
842 1943 1038 1977 vacationum

290 1998 320 2024 et
351 1990 521 2038 aliquando
560 1991 652 2025 etiam
694 1991 900 2029 diffusarum,
937 1993 1038 2027 vexari

292 2040 441 2084 permittit
482 2040 702 2081 incommodis,
749 2050 779 2075 et
826 2041 1038 2076 substituendi

290 2088 456 2124 pontilicis
490 2091 708 2136 expectatione
754 2091 930 2136 languere?
969 2091 1038 2133 Qua

291 2139 357 2184 ipse
381 2139 464 2174 idem
487 2140 741 2186 sapientissimus
762 2140 969 2184 Pouderator,
984 2142 1037 2187 qui

291 2200 347 2222 sua
375 2188 522 2223 ineffabili
550 2190 703 2235 sapientia
727 2190 756 2223 in
780 2198 893 2225 statera
929 2192 1040 2225 rectis-

291 2238 367 2271 sima
404 2239 511 2272 merita
546 2240 740 2285 singulorum
770 2240 932 2286 appendit,
967 2241 1039 2274 uni-

290 2288 407 2334 cuique
433 2289 609 2322 secnndum
632 2301 723 2336 opera
747 2301 803 2324 sua
820 2289 933 2329 reddit,
958 2291 1039 2325 illins

292 2338 443 2383 regimen,
470 2338 526 2371 etsi
566 2338 656 2382 iusta,
685 2339 777 2373 nobis
801 2347 903 2373 tamen
934 2340 1037 2385 ignota

291 2395 322 2421 et
345 2386 484 2421 miranda
522 2387 685 2423 libratione
715 2389 927 2435 dispensans,
964 2390 1037 2424 illud

292 2438 336 2471 sic
364 2437 441 2472 libra
478 2437 690 2472 inscrutabilis
715 2438 960 2485 dispensationis
995 2441 1038 2474 al-

292 2500 405 2535 ternat,
430 2500 460 2525 ut
489 2492 513 2526 is
540 2492 741 2527 subtrabatur
780 2493 951 2533 interdum,
989 2495 1038 2529 cui

292 2545 480 2592 suppetebat
504 2546 534 2580 in
557 2546 746 2581 abundantia
769 2547 919 2582 fortitudo
943 2549 1039 2583 virtu-

293 2607 371 2641 tum,
393 2601 483 2635 cuius
511 2601 569 2635 vita
599 2600 732 2635 subditis
765 2601 926 2648 profutura
963 2616 1040 2650 spe-

294 2654 351 2688 rari
375 2662 493 2701 poterat
521 2667 558 2690 eo
591 2656 657 2702 ipse
691 2655 871 2703 longaevior
893 2656 930 2691 ad
966 2657 1041 2692 dan-

371 2710 444 2741 Ball.
470 2711 543 2743 Rom.
566 2711 621 2743 Vol.
641 2712 687 2742 IV.
858 2713 872 2742 ἰ’

1736 264 1780 295 49

1084 327 1154 361 dam
1179 328 1286 361 silutis
1308 328 1468 362 scientiam
1493 327 1574 374 plebi
1598 340 1683 362 suae:
1712 328 1830 362 substi-

1084 385 1188 411 tuatur
1211 389 1296 417 vero,
1318 378 1370 424 qui
1400 390 1432 412 se
1469 385 1570 425 potest
1600 390 1660 411 non
1703 377 1829 424 indigne

1085 426 1169 461 fueri
1211 434 1239 460 et
1281 427 1427 461 virtutum
1463 428 1565 474 inopia
1605 427 1764 468 de,bilem
1799 437 1829 463 et

1083 476 1187 510 alias
1182 488 1331 523 imparem
1359 476 1396 510 ad
1429 477 1542 511 summi
1575 477 1722 523 pontificii
1763 489 1829 511 sar-

1084 526 1185 561 cinam
1209 526 1477 573 supportandam?

1132 580 1147 618 ξ
1185 581 1212 610 l.
1271 575 1459 610 Huiusmodi
1507 576 1749 611 subtractionem
1796 577 1826 611 in

1083 626 1168 661 obitu
1193 627 1293 662 felicis
1311 626 1437 660 record.
1459 626 1576 660 Nicolai
1604 626 1704 673 Papae
1740 639 1828 672 prae-

1083 677 1259 713 decessoris
1299 678 1406 716 nostri,
1448 678 1536 712 citius
1578 677 1671 723 louge
1706 677 1828 724 lateque

1084 728 1162 762 sama
1201 728 1321 768 claruit,
1357 727 1503 768 emicuit,
1546 727 1604 761 vita
1639 727 1827 773 experientia

1083 786 1113 811 et
1133 777 1296 824 prudentia
1333 776 1501 817 eminebat,
1538 776 1644 811 eadem
1681 787 1826 822 perpessa

1085 835 1182 861 mater
1209 826 1349 861 Ecclesia
1373 826 1532 860 viduitatis
1554 826 1725 872 angustias,
1765 825 1829 859 ali-

1083 876 1220 923 quandiu
1257 888 1416 923 peramare
1455 876 1591 910 deflevit:
1631 874 1830 909 substitutio-

1085 938 1155 960 nem
1178 933 1283 960 autem
1309 934 1482 972 praetactae
1502 937 1562 959 non
1597 924 1770 958 absimilem
1799 924 1827 957 in

1085 983 1187 1009 nostra
1213 976 1374 1009 vocatione
1397 975 1434 1009 ad
1463 974 1654 1022 apostolatus
1681 972 1828 1013 officium,

1083 1025 1173 1059 cuius
1195 1025 1307 1059 seriem
1330 1024 1505 1070 subscripta
1540 1022 1736 1061 describunt,
1773 1035 1830 1057 nos

1084 1087 1120 1108 ex
1149 1082 1324 1108 nostrorum
1353 1073 1602 1108 consideratione
1636 1071 1829 1113 defectuum,

1085 1123 1112 1156 in
1138 1123 1322 1157 humilitatis
1350 1123 1462 1170 spiritu
1497 1122 1690 1170 profitemur.
1714 1121 1828 1156 Memo-

1085 1180 1150 1206 rato
1166 1173 1322 1219 siquidem
1349 1173 1590 1219 praedecessore
1607 1179 1723 1209 nostre,
1739 1178 1829 1217 prout

1083 1221 1220 1256 Domino
1243 1222 1369 1268 placuit,
1393 1221 1430 1255 ab
1465 1222 1523 1256 bac
1556 1221 1626 1255 luce
1659 1219 1828 1261 subtracto,

1084 1271 1215 1318 eiusque
1235 1283 1365 1318 corpore
1387 1270 1489 1305 delato
1516 1270 1552 1304 ad
1576 1269 1706 1310 Urbem,
1726 1270 1830 1316 ibique

1085 1320 1112 1353 iu
1137 1320 1362 1367 Apostolorum
1379 1320 1537 1367 Principis
1559 1319 1696 1362 basilica,
1716 1318 1767 1353 ubi
1787 1330 1831 1353 se—

1085 1369 1172 1416 peliri
1197 1369 1365 1415 delegerat,
1389 1382 1458 1404 cum
1482 1369 1683 1415 exequiarum
1713 1369 1831 1402 solem-

1084 1419 1179 1454 nitate
1214 1419 1317 1454 debita
1347 1418 1523 1458 tumulato,
1564 1430 1620 1452 nos
1662 1425 1691 1451 et
1723 1417 1831 1451 fratres

1085 1469 1178 1503 nostri
1206 1469 1288 1503 auxii
1312 1468 1351 1503 de
1385 1469 1543 1503 vacatione
1579 1467 1678 1514 ipsius
1713 1466 1831 1501 Eccle-

1083 1519 1158 1558 siae,
1185 1518 1327 1558 Viterbii,
1352 1518 1402 1552 ubi
1427 1526 1501 1552 tuuc
1534 1516 1676 1552 Romana
1709 1516 1832 1551 reside-

1084 1567 1133 1602 bat
1160 1567 1266 1611 Curia,
1295 1568 1325 1602 in
1342 1567 1512 1614 episcopali
1542 1566 1654 1613 palatio
1680 1566 1827 1601 concordi

1083 1626 1153 1651 voto
1168 1619 1384 1660 convenimus,
1413 1617 1583 1664 provisioni
1610 1616 1749 1650 eiusdem
1776 1615 1832 1650 Ec-

1083 1667 1195 1701 clesiae
1244 1668 1480 1715 propensiorem
1528 1666 1628 1700 daturi
1675 1678 1800 1712 operam
1822 1694 1829 1706 ‚

1084 1725 1173 1764 prout
1201 1718 1373 1753 necessitas
1394 1716 1545 1764 exigebat.
1570 1715 1661 1751 Circa
1684 1715 1746 1750 hoc
1773 1727 1830 1749 au-

1083 1777 1143 1802 tem
1173 1767 1314 1814 pluribus
1350 1766 1549 1802 tractactibus
1589 1765 1727 1810 habitis,
1761 1774 1830 1812 post

1081 1818 1230 1864 aliquanti
1258 1817 1407 1863 temporis
1446 1828 1576 1859 moram,
1613 1827 1705 1870 quam
1739 1827 1829 1849 casus

1083 1867 1154 1901 varii
1177 1876 1206 1901 et
1244 1867 1386 1902 diversae
1409 1866 1662 1901 circumstantiae
1693 1864 1829 1899 induxe-

1082 1926 1163 1956 r,uut
1186 1917 1313 1951 demum
1351 1917 1380 1950 in
1422 1916 1499 1950 testo
1531 1914 1696 1950 cathedrae
1732 1915 1829 1961 ipsius

1082 1966 1303 2013 Apostolorum
1324 1965 1481 2010 Principis
1504 1965 1596 1999 iidem
1625 1963 1733 1998 fratres
1766 1976 1830 1997 no—

1080 2017 1132 2049 stri
1158 2028 1211 2061 per
1248 2017 1328 2050 viam
1373 2015 1525 2055 scrutinii,
1567 2014 1602 2047 ad
1641 2013 1827 2047 electionem

1080 2065 1300 2100 celebrandam
1323 2065 1465 2105 electam,
1489 2063 1685 2098 concorditer
1707 2062 1736 2095 in
1761 2075 1828 2100 nos,

1081 2123 1155 2149 tuuc
1183 2115 1262 2150 tituli
1303 2114 1437 2150 Sanctae
1476 2112 1631 2148 Caeciliae
1667 2111 1828 2159 presbyte—

1081 2177 1148 2198 rum
1162 2165 1365 2204 cardinalem,
1381 2164 1570 2198 unanimiter
1585 2161 1826 2202 concordantes,

1080 2214 1117 2248 ad
1146 2216 1259 2249 summi
1296 2214 1489 2261 apostolatus
1523 2213 1640 2260 apicem
1671 2219 1700 2245 et
1730 2211 1826 2258 ipsius

1080 2265 1245 2299 cathedrae
1268 2276 1324 2298 uos
1350 2265 1472 2309 elegere
1499 2274 1717 2298 conscensum.

1128 2313 1147 2361 S
1170 2319 1202 2348 2.
1230 2313 1331 2356 Quam
1361 2326 1428 2354 nos,
1452 2323 1483 2347 ut
1508 2321 1565 2354 est,
1588 2310 1749 2359 speculam
1765 2309 1825 2344 exi·

1080 2364 1253 2404 stimantes,
1292 2376 1329 2398 eo
1362 2376 1423 2397 non
1461 2362 1616 2397 immerito
1650 2359 1826 2395 altitudinis

1081 2413 1266 2455 orandioris
1289 2425 1352 2461 quo
1378 2413 1479 2447 eidem
1521 2410 1672 2452 insidens,
1704 2409 1826 2444 consti-

1081 2471 1165 2498 tutus
1191 2475 1286 2510 super
1307 2464 1413 2497 omnia
1440 2461 1618 2509 speculator
1640 2460 1760 2495 locatus
1781 2458 1826 2494 al-

1082 2513 1155 2557 tius,
1179 2522 1375 2560 prospect-ire
1399 2512 1536 2558 longius,
1564 2519 1674 2545 cuncta
1709 2522 1825 2557 specu-

1081 2564 1134 2597 lari
1158 2571 1282 2598 tenetur
1308 2540 1471 2601 attentius?
1489 2570 1518 2595 et
1542 2561 1634 2595 totius
1652 2560 1736 2594 orbis
1757 2572 1825 2594 ain·

1083 2614 1179 2647 bitum
1221 2625 1294 2647 suae
1336 2624 1427 2646 curae
1462 2611 1623 2646 commissi
1662 2623 1723 2644 non
1764 2618 1823 2644 tam

1082 2663 1266 2710 praeseutia,
1309 2674 1402 2709 quam
1439 2660 1632 2708 providentia
1666 2660 1824 2703 circuire,

1846 274 1894 299 Αιι,
1912 274 1941 300 C.
1960 275 2020 300 ¹28¹

1857 586 1957 613 lma-rum
2004 594 2025 608 sc

1849 625 1869 644 pr
1879 619 2020 638 iniletssesmris

1843 649 1952 669 virtutibus
1972 649 2026 669 tate-

1843 682 1882 699 tutv

1857 1177 1948 1203 Explicit
1969 1183 2024 1197 suain

1844 1209 1864 1229 in
1885 1207 1960 1234 Papam
1981 1208 2026 1227 ele-

1844 1240 1943 1260 ctionem,

1846 2320 1962 2342 cuneum
1971 2322 2024 2348 Apu>

1839 2352 1928 2373 italicae
1958 2353 2023 2373 sutili-

1841 2385 1901 2405 milas
