2274 3265
89 263 139 290 ΛΠ.
157 263 186 290 C.
203 263 266 289 15¹6st
916 259 1060 283 CLEMENS
1083 259 1114 281 vl
1138 259 1185 281 ΙΨ.

1705 248 1776 279 475
1840 259 1887 284 ΛηΓ
1909 258 1935 284 c.
1956 258 2019 284 lariti

1076 314 1276 350 tionabilibus
1315 315 1441 354 causis,
1468 314 1601 350 candem
1631 314 1822 360 pragensem
1849 321 2023 347 1,‚„„.‚„‚p,„.„,

1077 364 1250 399 Ecclesiam
1269 392 1276 406 ,
1305 364 1379 398 olim
1408 364 1634 410 suffraganeam
1665 364 1824 399 Ecclesiae
1839 357 1907 380 ‘'⁸¹¹¹'''
1924 356 2003 372 ‘¹⁹⁰³'

1077 414 1339 460 Moguntinensis·‚
1361 426 1397 449 ac
1415 423 1490 449 tunc
1512 414 1550 449 dc
1574 415 1730 461 provincia
1754 414 1825 449 Mo-

335 323 350 363 §
372 323 404 354 5.
420 318 549 353 Necnon
566 318 684 354 eisdem
705 326 816 352 cuncta
840 324 1032 352 sacramenta

89 368 175 420 ζ’ζᾞῗξ
200 368 497 419 ᾗξιζζξζεεεΙεείεεῐίοθ
522 369 711 408 ministrare,
733 376 761 402 et
785 367 869 414 quod
899 367 928 401 in
950 367 1035 413 prio-

117 2106 231 2131 Pragensis
247 2105 285 2125 Et»-

104 2138 181 2157 clesiae
190 2138 285 2161 dignitas,

0 2680 9 3141 ‘ao—ffl-

89 414 167 451 sai-mn
200 436 272 450 ,m-ffi-
288 419 408 454 ratibus
437 427 467 453 et
503 418 645 453 oratoriis
681 418 756 465 ipsis
787 417 977 452 erectionem
1006 424 1036 450 ct

90 469 166 482 ΙΠΚἸΙΛ.

288 469 557 504 consecrationem
585 468 746 512 altarium,
775 475 805 501 et
831 466 1036 501 caemeterio-

290 531 357 553 rum
379 518 633 553 benedictionem
655 530 671 552 a
687 528 890 564 quocumque
919 515 1038 550 malue—

291 569 357 602 ritis
384 567 538 603 catholico
568 568 706 602 antistite
731 567 861 613 gratiam
890 574 919 600 et
948 577 1038 599 com—

291 618 474 652 munionem
498 618 697 664 Apostolicae
720 616 811 651 Sedis
833 615 969 650 habente
991 616 1035 652 (si

291 668 483 714 prioratuum
512 675 541 701 et
568 667 707 702 locorum
736 667 874 713 ipsorum
913 666 1038 700 dioece-

289 717 355 751 sani
377 729 430 751 eas
452 716 538 751 vobis
564 725 594 750 et
621 716 698 763 ipsis
724 716 880 762 prioribus
907 728 941 750 ac
971 727 1040 750 mo-

291 766 398 801 nachis
431 766 526 812 gratis
552 773 581 799 et
607 766 676 800 sine
708 766 855 812 pravitate
892 765 1040 799 exhibere

291 815 466 859 noluerint)
489 816 629 862 recipere
651 815 748 850 libere
775 815 919 856 valeatis;
954 815 1041 849 vohis

290 874 320 899 et
345 864 463 900 eisdem
499 865 656 912 prioribus
678 873 708 899 et
731 865 893 899 monachis
921 865 1041 912 priora-

292 923 378 948 tuum
412 922 442 947 et
473 914 612 948 locorum
643 914 823 949 huiusmodi
851 915 918 948 sine
948 926 1041 962 paro-

290 963 437 998 chialium
467 963 679 998 Ecclesiarum
708 972 738 997 et
765 963 935 998 cuiuslibet
965 965 1042 998 alte-

291 1013 355 1047 rius
392 1013 468 1047 iuris
495 1013 586 1047 alieni
617 1014 830 1059 praeiudicio,
858 1013 1041 1047 auctoritate

290 1063 462 1109 apostolica
486 1063 641 1097 licentiam
657 1071 687 1097 et
703 1063 880 1097 facultatem
899 1063 1039 1104 liberam,

291 1121 401 1146 tenore
417 1113 641 1159 praesentium,
663 1113 702 1147 de
717 1113 812 1158 gratia
835 1112 1043 1147 concedimus

292 1161 433 1209 speciali.

341 1211 425 1245 Nulli
453 1223 540 1257 ergo,
562 1220 616 1246 etc.

341 1260 411 1295 Dat.
440 1261 618 1305 Avenione,
645 1262 688 1294 12
716 1260 866 1294 kalendas
882 1260 1042 1299 februarii,

295 1310 498 1356 pontificatus
521 1311 618 1344 nostri
647 1322 730 1344 anno
756 1309 908 1344 secundo.

344 1371 404 1400 Dat.
417 1371 464 1401 die
480 1371 513 1400 ⁹21
535 1372 659 1401 ianuarii
677 1371 763 1405 1344,
780 1375 857 1410 pont.
874 1380 950 1400 anno
964 1379 993 1400 11.

647 1516 700 1550 lv.

434 1584 600 1629 Prayensis
622 1585 776 1618 Ecclesiae
801 1586 908 1617 erectio

456 1635 489 1667 in
516 1634 809 1680 archiepiscopatum
834 1636 889 1676 (1).

563 1704 776 1735 SUMMARIUM

298 1768 454 1806 l‘ragensis
478 1767 627 1798 Ecclesiae
651 1768 789 1806 dignitas,
822 1785 860 1790 —
895 1769 919 1797 1.
944 1767 974 1797 ln
1004 1777 1049 1797 ar-

337 1813 588 1852 chiepiscopatum
613 1818 720 1842 erecta.
743 1830 781 1834 —
798 1813 825 1842 Ξ.
845 1812 910 1842 Dies
934 1814 967 1841 ad
989 1813 1050 1852 pal-

338 1857 367 1886 lii
387 1866 473 1886 usum
494 1858 650 1895 designati.
674 1875 711 1879 —
730 1858 756 1886 3.
778 1857 943 1886 Clansulae.

344 1927 466 1955 Clemens
502 1928 644 1963 episcopus
674 1935 768 1956 servus
792 1935 932 1957 servorum
951 1928 1005 1961 Dei,

442 1977 476 2004 ad
495 1978 656 2012 perpetuam
674 1977 714 2005 rei
742 1977 909 2005 memoriam.

351 2048 561 2083 Atteudentes
579 2048 773 2094 pragensem
790 2049 964 2083 Ecclesiam
986 2061 1053 2083 ma-

301 2109 381 2143 gnae
404 2098 494 2132 titulo
506 2098 666 2143 dignitatis
681 2099 760 2133 inter
773 2099 848 2133 alias
862 2099 993 2146 partium
1009 2101 1053 2143 (2)

303 2147 462 2181 Ecclesias
490 2147 685 2194 praefulgere
713 2148 876 2194 (lignitate,
905 2149 1054 2183 rationale

303 2197 367 2232 fore.
389 2198 606 2244 conspicimus
620 2206 655 2232 ut
670 2200 768 2245 ipsam
786 2197 975 2243 pragensem
993 2198 1054 2232 Ec-

302 2247 428 2281 clesiam
444 2247 743 2295 etarchiepiscopos
764 2249 815 2294 qui
838 2260 893 2294 pro
915 2256 1053 2295 tempore

304 2297 379 2330 inibi
414 2296 617 2344 praefuerint,
640 2298 857 2344 spiritualibus
884 2299 1052 2343 gratiarnm

305 2346 522 2391 largitionibus
557 2348 586 2380 in
613 2348 658 2381 eis
694 2348 855 2394 potissime
873 2375 881 2386 ,
903 2360 984 2394 qnae
1017 2347 1053 2381 ad

304 2408 396 2430 suum
425 2396 522 2430 decus
545 2406 573 2430 et
597 2397 743 2431 decorem
767 2398 920 2444 exipsius
943 2398 1056 2431 Eccle-

304 2446 367 2479 siae
395 2446 580 2480 excellentia
609 2447 770 2492 dignitatis
798 2448 968 2494 pertinent,
1000 2448 1056 2481 ho-

305 2508 464 2530 noremus.

354 2546 374 2591 5
400 2549 429 2580 1.
453 2546 562 2593 Nuper
594 2546 764 2594 siquidem,
784 2546 992 2581 suadentibus
1013 2560 1058 2582 ra·

339 2618 378 2661 Q)
396 2617 433 2643 Ex
453 2617 588 2652 Raynaldo
599 2618 737 2644 adannum
752 2618 856 2653 l3ltlt,§
872 2619 915 2645 612.
937 2619 976 2653 (⁹2)
994 2618 1057 2645 For-

304 2665 349 2684 san
361 2659 478 2683 aliarum
489 2661 610 2690 partium
623 2657 663 2684 vel
680 2660 745 2683 olias
757 2660 852 2684 harum
865 2661 991 2690 partium.

388 2701 460 2731 Ball.
486 2701 561 2731 Rom.
591 2702 643 2730 t'ol.
666 2702 708 2731 11⁴.
903 2703 940 2732 00

1077 464 1207 510 guntina
1222 464 1460 504 existentem,et
1476 464 1643 499 venerabili
1666 463 1750 499 fratri
1769 476 1826 498 no-

1077 522 1142 548 stro
1158 514 1304 554 amesia,
1315 513 1466 561 episcopo
1478 514 1551 548 olim
1564 513 1726 559 pragensi,
1743 514 1772 548 in
1783 525 1825 548 ar-

1078 563 1318 610 chiepiscopum
1334 562 1524 609 pragensem
1538 563 1638 597 electo
1652 591 1659 603 ,
1683 564 1826 608 regimini

1078 614 1218 647 ciusdem
1248 621 1313 654 etc„
1337 612 1503 660 pragensis
1526 612 1686 647 Ecclesiae
1709 613 1828 660 praesi-

1079 664 1183 706 dente,
1206 663 1245 697 de
1275 663 1403 697 fratrum
1434 671 1612 697 nostrorum
1637 663 1770 696 consilio
1798 671 1828 695 et

1081 713 1271 761 apostolicae
1295 713 1492 760 plenitudine
1522 712 1697 759 potestati5‚
1725 713 1754 746 in
1778 724 1828 746 ar-

1080 762 1347 811 chiepiscopalem
1371 771 1400 796 et
1423 762 1698 809 metropolitanam
1728 762 1830 796 erexi·

1082 826 1164 853 mus,
1188 820 1218 847 et
1241 812 1415 847 honoribus
1436 825 1472 847 ac
1496 812 1641 858 insigniis
1662 811 1746 845 sedis
1762 823 1830 845 me—

1083 863 1277 910 tropoliticae
1304 862 1454 897 duximus
1481 861 1702 896 decorandam.
1725 860 1764 895 Et
1790 868 1832 894 at-

1083 913 1247 947 tendentes
1274 911 1358 958 quod
1384 912 1620 958 ipseArnestus
1643 911 1673 944 in
1689 910 1830 944 eiusdem

1084 962 1245 997 Ecclesiae
1269 961 1434 1008 regimine,
1457 961 1532 995 dum
1561 959 1751 1008 episcopalis
1772 960 1832 994 exi-

1083 1012 1196 1056 stebat,
1225 1011 1377 1045 hactenus
1396 1022 1429 1045 se
1450 1011 1546 1056 gessit
1563 1010 1698 1045 fideliter
1712 1018 1741 1044 et
1758 1022 1832 1056 pru-

1083 1061 1218 1105 denter,
1254 1068 1284 1094 et
1315 1060 1398 1106 quod
1430 1060 1503 1094 illud
1534 1061 1563 1094 in
1593 1068 1752 1106 posterum
1785 1067 1834 1093 at-

1084 1112 1200 1145 tentius
1221 1119 1354 1156 gereret,
1379 1110 1549 1156 praefatum
1577 1110 1748 1144 Arnestum
1773 1109 1832 1155 ipsi

1084 1160 1245 1195 Ecclesiae
1254 1159 1403 1205 pragensi
1420 1160 1449 1192 in
1464 1159 1738 1206 archiepiscopum
1750 1170 1836 1205 prae-

1084 1210 1229 1250 fecimus,
1252 1217 1281 1242 et
1305 1208 1493 1254 pastoralem
1517 1221 1624 1243 curam
1647 1216 1677 1242 et
1700 1207 1836 1242 admini-

1084 1260 1266 1293 strationem
1296 1258 1394 1304 ipsius
1416 1258 1517 1292 eidem
1547 1259 1683 1292 Arnesto
1708 1259 1737 1291 in
1762 1257 1837 1303 spi-

1085 1308 1253 1342 ritualibus
1281 1316 1311 1340 et
1340 1307 1569 1353 temporalibus
1597 1306 1837 1345 committendo,

1085 1357 1212 1404 sibique
1234 1356 1351 1390 deinde
1386 1356 1526 1402 pallium,
1549 1356 1672 1402 insigne
1696 1355 1838 1390 videlicet

1086 1406 1291 1454 plenitudinis
1310 1405 1509 1453 pontificalis,
1537 1418 1551 1440 a
1575 1407 1666 1441 nobis
1688 1418 1725 1440 ex
1753 1413 1839 1452 parte

1085 1469 1141 1491 sua
1164 1456 1327 1491 humiliter
1356 1456 1560 1502 postulatum,
1588 1455 1739 1490 duximus
1760 1467 1839 1490 con-

1087 1506 1281 1541 cedendum.

1136 1556 1205 1603 52.
1227 1555 1271 1590 Ut
1298 1563 1401 1590 autem
1430 1554 1512 1589 idem
1541 1555 1695 1590 Arnestns
1717 1563 1746 1589 et
1769 1554 1840 1589 eius

1088 1618 1290 1640 successores
1316 1604 1546 1652 archiepiscopi
1572 1604 1759 1651 pragenses,
1785 1604 1838 1651 qui

1088 1665 1179 1690 erunt
1208 1668 1263 1703 pro
1285 1663 1439 1703 tempore,
1462 1666 1499 1689 eo
1519 1655 1665 1689 licentius
1686 1654 1778 1702 pallio
1794 1654 1837 1688 uti

1091 1706 1225 1753 possint,
1246 1717 1309 1752 quo
1329 1705 1509 1752 specialiori
1533 1704 1734 1751 Apostolicae
1747 1703 1840 1739 Sedis

1090 1768 1186 1803 super
1217 1756 1276 1789 hoc
1304 1755 1419 1789 fuerint
1442 1755 1604 1802 privilegio
1627 1754 1839 1793 communiti,

1092 1806 1194 1852 ipsius
1221 1804 1348 1839 Arnesti
1376 1804 1662 1852 supplicationibus
1689 1804 1840 1844 inclinati,

1091 1855 1192 1888 eidem
1208 1855 1343 1888 Arnesto
1366 1863 1395 1888 et
1418 1853 1659 1888 successoribus
1673 1855 1739 1889 suis
1755 1866 1842 1901 prae-

1092 1904 1183 1943 fatis,
1212 1912 1243 1937 ut
1276 1904 1304 1937 in
1335 1905 1398 1950 ipsa
1433 1904 1580 1950 pragensi
1615 1912 1645 1937 et
1677 1904 1745 1938 aliis
1767 1916 1842 1938 suae

1093 1953 1263 1999 Pragensis
1279 1954 1457 2000 provinciae
1471 1953 1634 1991 Ecclesiis,
1650 1953 1795 1988 videlicet
1813 1954 1841 1987 in

1093 2002 1257 2037 Nativitate
1277 2003 1402 2037 Domini
1420 2011 1449 2036 et
1464 2002 1590 2037 loannis
1612 2002 1842 2049 Evangelistae,

1092 2052 1199 2087 Sancti
1227 2052 1380 2100 Stephani
1397 2061 1427 2086 et
1442 2052 1701 2087 Circumcisionis
1721 2064 1757 2087 ac
1773 2052 1844 2100 Epi-

1095 2103 1227 2149 phaniae
1241 2102 1380 2140 Domini,
1393 2102 1502 2136 Rainis
1524 2102 1700 2136 palmarum
1717 2110 1747 2136 et
1759 2101 1843 2137 Coe-

1096 2164 1151 2185 nae
1164 2152 1303 2191 Domini,
1319 2152 1456 2186 Sabbato
1472 2152 1599 2189 Sancto,
1615 2152 1714 2186 trihus
1731 2151 1844 2185 diebus

1095 2202 1352 2236 Resurrectionis
1367 2229 1376 2245 ,
1408 2214 1530 2236 necnon
1572 2201 1600 2235 in
1638 2201 1843 2235 Ascensionis

1096 2251 1235 2293 Domini,
1252 2252 1464 2291 Pentecostes,
1482 2251 1657 2285 Nativitatis
1670 2251 1777 2286 Sancti
1794 2251 1844 2284 lo-

1095 2302 1186 2334 annis
1207 2300 1376 2348 Baptistae,
1397 2310 1424 2334 et
1441 2301 1580 2334 omnium
1602 2302 1843 2347 Apostolorum,

1096 2359 1124 2383 et
1152 2359 1288 2397 quatuor
1329 2351 1442 2384 Reatae
1475 2350 1590 2384 Mariae
1626 2350 1786 2396 Virginis,
1814 2350 1843 2384 in

1096 2409 1397 2435 commemoratione
1420 2401 1560 2434 omnium
1589 2400 1788 2441 Sanctorum,
1815 2409 1845 2434 et

1096 2451 1202 2485 Sancti
1229 2450 1392 2485 Michaelis
1415 2450 1619 2496 Archangeli,
1641 2458 1670 2484 et
1686 2449 1846 2484 Ecclesia-

1099 2513 1164 2534 rnm
1205 2500 1455 2534 dedicationibus
1485 2512 1520 2535 ac
1557 2501 1584 2534 in
1621 2500 1845 2547 principalibus

1099 2551 1198 2595 ipsius
1214 2550 1379 2595 Pragensis
1395 2549 1552 2584 Ecclesiae
1572 2549 1800 2589 festivitatibus,
1815 2558 1845 2584 et

1098 2601 1148 2633 die
1170 2600 1384 2634 anniversario
1401 2600 1646 2634 consecrationis
1668 2600 1768 2646 ipsius
1786 2599 1846 2634 Ar-

1100 2651 1176 2684 nesti
1197 2658 1224 2683 et
1239 2649 1450 2684 Ecclesiarum
1481 2649 1656 2696 provinciae
1675 2649 1845 2696 pragensis

1867 1559 1916 1580 ntes
1940 1560 1964 1579 ad
1981 1559 2038 1585 pallui

1854 1597 1912 1612 usum
1927 1592 2037 1615 designati.
