<?xml version="1.0" encoding="UTF-8"?>
<!DOCTYPE html PUBLIC "-//W3C//DTD XHTML 1.0 Transitional//EN"
    "http://www.w3.org/TR/xhtml1/DTD/xhtml1-transitional.dtd">
<html xmlns="http://www.w3.org/1999/xhtml" xml:lang="en" lang="en">
 <head>
  <title>
</title>
<meta http-equiv="Content-Type" content="text/html;charset=utf-8" />
  <meta name='ocr-system' content='tesseract 3.04.00' />
  <meta name='ocr-capabilities' content='ocr_page ocr_carea ocr_par ocr_line ocrx_word'/>
</head>
<body>
  <div class='ocr_page' id='page_1' title='image "./bullarumdiplomat04cath_0332.png"; bbox 0 0 2274 3265; ppageno 0'>
   <div class='ocr_carea' id='block_1_1' title="bbox 192 297 370 325">
    <p class='ocr_par' dir='ltr' id='par_1_1' title="bbox 192 297 370 325">
     <span class='ocr_line' id='line_1_1' title="bbox 192 297 370 325; baseline -0.006 0"><span class='ocrx_word' id='word_1_1' title='bbox 192 300 242 325; x_wconf 74' lang='lat' dir='ltr'><strong>An.</strong></span> <span class='ocrx_word' id='word_1_2' title='bbox 260 297 288 324; x_wconf 87' lang='lat' dir='ltr'><strong>C.</strong></span> <span class='ocrx_word' id='word_1_3' title='bbox 305 299 370 325; x_wconf 71' lang='lat'><strong>1532</strong></span> 
     </span>
    </p>
   </div>
   <div class='ocr_carea' id='block_1_2' title="bbox 438 287 829 384">
    <p class='ocr_par' dir='ltr' id='par_1_2' title="bbox 438 287 829 384">
     <span class='ocr_line' id='line_1_2' title="bbox 438 287 505 319; baseline -0.015 0"><span class='ocrx_word' id='word_1_4' title='bbox 438 287 505 319; x_wconf 72' lang='lat'><strong>524</strong></span> 
     </span>
     <span class='ocr_line' id='line_1_3' title="bbox 721 348 829 384; baseline -0.019 0"><span class='ocrx_word' id='word_1_5' title='bbox 721 348 829 384; x_wconf 81' lang='lat' dir='ltr'><strong>XLIV.</strong></span> 
     </span>
    </p>
   </div>
   <div class='ocr_carea' id='block_1_3' title="bbox 390 428 1139 522">
    <p class='ocr_par' dir='ltr' id='par_1_3' title="bbox 390 428 1139 522">
     <span class='ocr_line' id='line_1_4' title="bbox 390 428 1139 477; baseline -0.007 -12"><span class='ocrx_word' id='word_1_6' title='bbox 390 433 591 477; x_wconf 72' lang='lat' dir='ltr'><strong>Confirmatio</strong></span> <span class='ocrx_word' id='word_1_7' title='bbox 611 430 768 462; x_wconf 75' lang='lat' dir='ltr'><strong><em>erectionis</em></strong></span> <span class='ocrx_word' id='word_1_8' title='bbox 791 428 1000 462; x_wconf 79' lang='lat' dir='ltr'><strong>Uitiversitatis</strong></span> <span class='ocrx_word' id='word_1_9' title='bbox 1021 429 1139 461; x_wconf 77' lang='lat' dir='ltr'><strong>studio-</strong></span> 
     </span>
     <span class='ocr_line' id='line_1_5' title="bbox 489 481 1038 522; baseline -0.005 -6"><span class='ocrx_word' id='word_1_10' title='bbox 489 495 557 517; x_wconf 83' lang='lat' dir='ltr'><strong>rum</strong></span> <span class='ocrx_word' id='word_1_11' title='bbox 580 484 611 516; x_wconf 78' lang='lat' dir='ltr'><strong>in</strong></span> <span class='ocrx_word' id='word_1_12' title='bbox 632 482 752 516; x_wconf 55' lang='lat' dir='ltr'><strong>ciuitate</strong></span> <span class='ocrx_word' id='word_1_13' title='bbox 776 481 960 515; x_wconf 73' lang='lat' dir='ltr'><strong>cadurcensi</strong></span> <span class='ocrx_word' id='word_1_14' title='bbox 977 483 1038 522; x_wconf 65' lang='lat' dir='ltr'><strong>(A).</strong></span> 
     </span>
    </p>
   </div>
   <div class='ocr_carea' id='block_1_4' title="bbox 656 559 870 591">
    <p class='ocr_par' dir='ltr' id='par_1_4' title="bbox 656 559 870 591">
     <span class='ocr_line' id='line_1_6' title="bbox 656 559 870 591; baseline -0.009 0"><span class='ocrx_word' id='word_1_15' title='bbox 656 559 870 591; x_wconf 77' lang='lat' dir='ltr'>SUMMARIUM</span> 
     </span>
    </p>
   </div>
   <div class='ocr_carea' id='block_1_5' title="bbox 388 624 1139 747">
    <p class='ocr_par' dir='ltr' id='par_1_5' title="bbox 388 624 1139 747">
     <span class='ocr_line' id='line_1_7' title="bbox 388 624 1139 661; baseline -0.011 -1"><span class='ocrx_word' id='word_1_16' title='bbox 388 629 555 660; x_wconf 84' lang='lat' dir='ltr'><strong>Exordium.</strong></span> <span class='ocrx_word' id='word_1_17' title='bbox 586 645 622 650; x_wconf 90' lang='lat'><strong>—</strong></span> <span class='ocrx_word' id='word_1_18' title='bbox 650 626 808 657; x_wconf 82' lang='lat' dir='ltr'>Consulum</span> <span class='ocrx_word' id='word_1_19' title='bbox 845 624 1007 654; x_wconf 75' lang='lat' dir='ltr'><strong>Cadurccn.</strong></span> <span class='ocrx_word' id='word_1_20' title='bbox 1041 624 1139 661; x_wconf 78' lang='lat' dir='ltr'><strong>petitis</strong></span> 
     </span>
     <span class='ocr_line' id='line_1_8' title="bbox 428 667 1139 708; baseline -0.01 -5"><span class='ocrx_word' id='word_1_21' title='bbox 428 681 571 707; x_wconf 85' lang='lat' dir='ltr'><strong>annuens,</strong></span> <span class='ocrx_word' id='word_1_22' title='bbox 594 670 730 701; x_wconf 89' lang='lat' dir='ltr'><strong>Studium</strong></span> <span class='ocrx_word' id='word_1_23' title='bbox 758 669 893 708; x_wconf 71' lang='lat' dir='ltr'><strong>generale</strong></span> <span class='ocrx_word' id='word_1_24' title='bbox 922 668 948 697; x_wconf 90' lang='lat' dir='ltr'><strong>in</strong></span> <span class='ocrx_word' id='word_1_25' title='bbox 974 677 1005 697; x_wconf 81' lang='lat' dir='ltr'><strong>ca</strong></span> <span class='ocrx_word' id='word_1_26' title='bbox 1024 667 1139 697; x_wconf 85' lang='lat' dir='ltr'><strong>civitate</strong></span> 
     </span>
     <span class='ocr_line' id='line_1_9' title="bbox 427 717 591 747; baseline -0.012 0"><span class='ocrx_word' id='word_1_27' title='bbox 427 717 591 747; x_wconf 80' lang='lat' dir='ltr'><strong>confirmat.</strong></span> 
     </span>
    </p>
   </div>
   <div class='ocr_carea' id='block_1_6' title="bbox 451 777 1076 866">
    <p class='ocr_par' dir='ltr' id='par_1_6' title="bbox 451 777 1076 866">
     <span class='ocr_line' id='line_1_10' title="bbox 451 777 1076 817; baseline -0.013 -5"><span class='ocrx_word' id='word_1_28' title='bbox 451 785 563 812; x_wconf 79' lang='lat' dir='ltr'><strong>loannes</strong></span> <span class='ocrx_word' id='word_1_29' title='bbox 582 782 724 817; x_wconf 77' lang='lat' dir='ltr'><strong>opiscopus</strong></span> <span class='ocrx_word' id='word_1_30' title='bbox 746 786 840 808; x_wconf 83' lang='lat' dir='ltr'><strong>servus</strong></span> <span class='ocrx_word' id='word_1_31' title='bbox 859 784 999 806; x_wconf 78' lang='lat' dir='ltr'><strong>servorum</strong></span> <span class='ocrx_word' id='word_1_32' title='bbox 1014 777 1076 809; x_wconf 83' lang='lat' dir='ltr'><strong>Dei.</strong></span> 
     </span>
     <span class='ocr_line' id='line_1_11' title="bbox 522 827 1005 866; baseline -0.012 -6"><span class='ocrx_word' id='word_1_33' title='bbox 522 832 555 860; x_wconf 77' lang='lat' dir='ltr'><strong>ad</strong></span> <span class='ocrx_word' id='word_1_34' title='bbox 583 831 743 866; x_wconf 75' lang='lat' dir='ltr'><strong>perpetuam</strong></span> <span class='ocrx_word' id='word_1_35' title='bbox 771 828 811 856; x_wconf 82' lang='lat' dir='ltr'><strong>rei</strong></span> <span class='ocrx_word' id='word_1_36' title='bbox 836 827 1005 856; x_wconf 73' lang='lat' dir='ltr'><strong>memoriam.</strong></span> 
     </span>
    </p>
   </div>
   <div class='ocr_carea' id='block_1_7' title="bbox 386 888 1144 1682">
    <p class='ocr_par' dir='ltr' id='par_1_7' title="bbox 386 888 1144 1682">
     <span class='ocr_line' id='line_1_12' title="bbox 436 888 1143 935; baseline -0.008 -7"><span class='ocrx_word' id='word_1_37' title='bbox 436 895 517 929; x_wconf 83' lang='lat' dir='ltr'><strong>Cum</strong></span> <span class='ocrx_word' id='word_1_38' title='bbox 540 893 649 927; x_wconf 87' lang='lat' dir='ltr'><strong>civitas</strong></span> <span class='ocrx_word' id='word_1_39' title='bbox 667 889 892 933; x_wconf 81' lang='lat' dir='ltr'><strong>Cadurcensis⁷</strong></span> <span class='ocrx_word' id='word_1_40' title='bbox 924 901 1018 935; x_wconf 86' lang='lat' dir='ltr'><strong>quam</strong></span> <span class='ocrx_word' id='word_1_41' title='bbox 1041 888 1143 923; x_wconf 83' lang='lat' dir='ltr'><strong>excel-</strong></span> 
     </span>
     <span class='ocr_line' id='line_1_13' title="bbox 387 942 1143 989; baseline -0.009 -6"><span class='ocrx_word' id='word_1_42' title='bbox 387 948 501 982; x_wconf 81' lang='lat' dir='ltr'><strong>lentiae</strong></span> <span class='ocrx_word' id='word_1_43' title='bbox 516 946 641 980; x_wconf 87' lang='lat' dir='ltr'><strong>divinae</strong></span> <span class='ocrx_word' id='word_1_44' title='bbox 656 944 778 979; x_wconf 90' lang='lat' dir='ltr'><strong>bonitas</strong></span> <span class='ocrx_word' id='word_1_45' title='bbox 794 942 1015 989; x_wconf 70' lang='lat' dir='ltr'><strong>multiplicium</strong></span> <span class='ocrx_word' id='word_1_46' title='bbox 1032 943 1143 988; x_wconf 80' lang='lat' dir='ltr'><strong>gratia-</strong></span> 
     </span>
     <span class='ocr_line' id='line_1_14' title="bbox 389 995 1142 1041; baseline -0.008 -7"><span class='ocrx_word' id='word_1_47' title='bbox 389 1012 456 1034; x_wconf 91' lang='lat' dir='ltr'><strong>rum</strong></span> <span class='ocrx_word' id='word_1_48' title='bbox 492 999 583 1033; x_wconf 92' lang='lat' dir='ltr'><strong>bonis</strong></span> <span class='ocrx_word' id='word_1_49' title='bbox 605 1005 636 1032; x_wconf 86' lang='lat' dir='ltr'><strong>et</strong></span> <span class='ocrx_word' id='word_1_50' title='bbox 658 996 783 1031; x_wconf 87' lang='lat' dir='ltr'><strong>dotibus</strong></span> <span class='ocrx_word' id='word_1_51' title='bbox 810 995 984 1036; x_wconf 70' lang='lat' dir='ltr'><strong>decoravit.</strong></span> <span class='ocrx_word' id='word_1_52' title='bbox 1014 1002 1142 1041; x_wconf 87' lang='lat' dir='ltr'><strong>propter</strong></span> 
     </span>
     <span class='ocr_line' id='line_1_15' title="bbox 388 1048 1142 1100; baseline -0.007 -13"><span class='ocrx_word' id='word_1_53' title='bbox 388 1053 488 1100; x_wconf 85' lang='lat' dir='ltr'><strong>ipsius</strong></span> <span class='ocrx_word' id='word_1_54' title='bbox 510 1050 749 1086; x_wconf 69' lang='lat' dir='ltr'><strong>commoditates</strong></span> <span class='ocrx_word' id='word_1_55' title='bbox 771 1057 801 1083; x_wconf 88' lang='lat' dir='ltr'><strong>et</strong></span> <span class='ocrx_word' id='word_1_56' title='bbox 820 1048 1020 1083; x_wconf 78' lang='lat' dir='ltr'><strong>conditiones</strong></span> <span class='ocrx_word' id='word_1_57' title='bbox 1036 1060 1142 1094; x_wconf 89' lang='lat' dir='ltr'><strong>quam-</strong></span> 
     </span>
     <span class='ocr_line' id='line_1_16' title="bbox 389 1100 1142 1153; baseline -0.008 -13"><span class='ocrx_word' id='word_1_58' title='bbox 389 1106 537 1153; x_wconf 88' lang='lat' dir='ltr'><strong>plurimas</strong></span> <span class='ocrx_word' id='word_1_59' title='bbox 559 1112 629 1151; x_wconf 85' lang='lat' dir='ltr'><strong>apta</strong></span> <span class='ocrx_word' id='word_1_60' title='bbox 647 1115 707 1137; x_wconf 90' lang='lat' dir='ltr'><strong>non</strong></span> <span class='ocrx_word' id='word_1_61' title='bbox 731 1102 889 1136; x_wconf 87' lang='lat' dir='ltr'><strong>modicum</strong></span> <span class='ocrx_word' id='word_1_62' title='bbox 910 1101 1048 1147; x_wconf 76' lang='lat' dir='ltr'><strong>generali</strong></span> <span class='ocrx_word' id='word_1_63' title='bbox 1066 1100 1142 1135; x_wconf 88' lang='lat' dir='ltr'><strong>Stu-</strong></span> 
     </span>
     <span class='ocr_line' id='line_1_17' title="bbox 387 1154 1143 1202; baseline -0.005 -8"><span class='ocrx_word' id='word_1_64' title='bbox 387 1160 438 1194; x_wconf 89' lang='lat' dir='ltr'><strong>dio</strong></span> <span class='ocrx_word' id='word_1_65' title='bbox 453 1167 631 1197; x_wconf 81' lang='lat' dir='ltr'><strong>censeatur,</strong></span> <span class='ocrx_word' id='word_1_66' title='bbox 642 1169 699 1191; x_wconf 91' lang='lat' dir='ltr'><strong>nos</strong></span> <span class='ocrx_word' id='word_1_67' title='bbox 715 1155 905 1202; x_wconf 87' lang='lat' dir='ltr'><strong>reipublicae</strong></span> <span class='ocrx_word' id='word_1_68' title='bbox 925 1154 1143 1201; x_wconf 88' lang='lat' dir='ltr'><strong>multipliciter</strong></span> 
     </span>
     <span class='ocr_line' id='line_1_18' title="bbox 388 1208 1141 1260; baseline -0.007 -12"><span class='ocrx_word' id='word_1_69' title='bbox 388 1211 537 1260; x_wconf 82' lang='lat' dir='ltr'><strong>expedire</strong></span> <span class='ocrx_word' id='word_1_70' title='bbox 555 1211 732 1249; x_wconf 81' lang='lat' dir='ltr'><strong>credentes,</strong></span> <span class='ocrx_word' id='word_1_71' title='bbox 755 1209 839 1256; x_wconf 86' lang='lat' dir='ltr'><strong>quod</strong></span> <span class='ocrx_word' id='word_1_72' title='bbox 861 1209 891 1242; x_wconf 91' lang='lat' dir='ltr'><strong>in</strong></span> <span class='ocrx_word' id='word_1_73' title='bbox 916 1208 1040 1243; x_wconf 84' lang='lat' dir='ltr'><strong>civitate</strong></span> <span class='ocrx_word' id='word_1_74' title='bbox 1059 1222 1141 1255; x_wconf 85' lang='lat' dir='ltr'><strong>prac-</strong></span> 
     </span>
     <span class='ocr_line' id='line_1_19' title="bbox 388 1262 1142 1301; baseline -0.004 -2"><span class='ocrx_word' id='word_1_75' title='bbox 388 1267 448 1301; x_wconf 84' lang='lat' dir='ltr'><strong>fata</strong></span> <span class='ocrx_word' id='word_1_76' title='bbox 477 1265 528 1299; x_wconf 82' lang='lat' dir='ltr'><strong>fiat</strong></span> <span class='ocrx_word' id='word_1_77' title='bbox 549 1273 580 1299; x_wconf 89' lang='lat' dir='ltr'><strong>et</strong></span> <span class='ocrx_word' id='word_1_78' title='bbox 598 1271 723 1299; x_wconf 79' lang='lat' dir='ltr'><strong>emanet</strong></span> <span class='ocrx_word' id='word_1_79' title='bbox 751 1263 821 1297; x_wconf 82' lang='lat' dir='ltr'><strong>sons</strong></span> <span class='ocrx_word' id='word_1_80' title='bbox 842 1262 1046 1296; x_wconf 77' lang='lat' dir='ltr'><strong>scientiarum</strong></span> <span class='ocrx_word' id='word_1_81' title='bbox 1077 1262 1142 1296; x_wconf 89' lang='lat' dir='ltr'><strong>irri-</strong></span> 
     </span>
     <span class='ocr_line' id='line_1_20' title="bbox 386 1315 1143 1365; baseline -0.008 -11"><span class='ocrx_word' id='word_1_82' title='bbox 386 1331 480 1365; x_wconf 83' lang='lat' dir='ltr'><strong>guus,</strong></span> <span class='ocrx_word' id='word_1_83' title='bbox 502 1318 541 1352; x_wconf 86' lang='lat' dir='ltr'><strong>de</strong></span> <span class='ocrx_word' id='word_1_84' title='bbox 561 1318 653 1352; x_wconf 89' lang='lat' dir='ltr'><strong>cuius</strong></span> <span class='ocrx_word' id='word_1_85' title='bbox 677 1316 874 1363; x_wconf 87' lang='lat' dir='ltr'><strong>plenitudine</strong></span> <span class='ocrx_word' id='word_1_86' title='bbox 903 1315 1047 1350; x_wconf 80' lang='lat' dir='ltr'><strong>hauriant</strong></span> <span class='ocrx_word' id='word_1_87' title='bbox 1076 1316 1143 1349; x_wconf 90' lang='lat' dir='ltr'><strong>uni-</strong></span> 
     </span>
     <span class='ocr_line' id='line_1_21' title="bbox 389 1368 1142 1416; baseline -0.004 -11"><span class='ocrx_word' id='word_1_88' title='bbox 389 1373 481 1416; x_wconf 85' lang='lat' dir='ltr'><strong>versi,</strong></span> <span class='ocrx_word' id='word_1_89' title='bbox 504 1370 690 1406; x_wconf 78' lang='lat' dir='ltr'><strong>litteralibus</strong></span> <span class='ocrx_word' id='word_1_90' title='bbox 722 1370 887 1416; x_wconf 86' lang='lat' dir='ltr'><strong>cupientes</strong></span> <span class='ocrx_word' id='word_1_91' title='bbox 915 1368 1013 1402; x_wconf 88' lang='lat' dir='ltr'><strong>imbui</strong></span> <span class='ocrx_word' id='word_1_92' title='bbox 1042 1368 1142 1403; x_wconf 90' lang='lat' dir='ltr'><strong>docu-</strong></span> 
     </span>
     <span class='ocr_line' id='line_1_22' title="bbox 388 1422 1142 1468; baseline -0.005 -9"><span class='ocrx_word' id='word_1_93' title='bbox 388 1425 514 1465; x_wconf 84' lang='lat' dir='ltr'><strong>mentis,</strong></span> <span class='ocrx_word' id='word_1_94' title='bbox 536 1432 567 1459; x_wconf 89' lang='lat' dir='ltr'><strong>et</strong></span> <span class='ocrx_word' id='word_1_95' title='bbox 593 1425 689 1458; x_wconf 86' lang='lat' dir='ltr'><strong>etiam</strong></span> <span class='ocrx_word' id='word_1_96' title='bbox 726 1423 863 1457; x_wconf 87' lang='lat' dir='ltr'><strong>cultores</strong></span> <span class='ocrx_word' id='word_1_97' title='bbox 890 1422 1063 1468; x_wconf 74' lang='lat' dir='ltr'><strong>sapientiae</strong></span> <span class='ocrx_word' id='word_1_98' title='bbox 1093 1422 1142 1455; x_wconf 92' lang='lat' dir='ltr'><strong>in-</strong></span> 
     </span>
     <span class='ocr_line' id='line_1_23' title="bbox 387 1474 1144 1524; baseline -0.007 -11"><span class='ocrx_word' id='word_1_99' title='bbox 387 1487 530 1513; x_wconf 78' lang='lat' dir='ltr'><strong>serantur</strong></span> <span class='ocrx_word' id='word_1_100' title='bbox 552 1485 584 1511; x_wconf 81' lang='lat' dir='ltr'><strong>et</strong></span> <span class='ocrx_word' id='word_1_101' title='bbox 606 1477 816 1524; x_wconf 81' lang='lat' dir='ltr'><strong>provehantur</strong></span> <span class='ocrx_word' id='word_1_102' title='bbox 838 1476 1032 1509; x_wconf 80' lang='lat' dir='ltr'><strong>diversarum</strong></span> <span class='ocrx_word' id='word_1_103' title='bbox 1049 1474 1144 1509; x_wconf 83' lang='lat' dir='ltr'><strong>facul-</strong></span> 
     </span>
     <span class='ocr_line' id='line_1_24' title="bbox 387 1528 1143 1576; baseline -0.007 -10"><span class='ocrx_word' id='word_1_104' title='bbox 387 1541 485 1567; x_wconf 88' lang='lat' dir='ltr'><strong>tatum</strong></span> <span class='ocrx_word' id='word_1_105' title='bbox 508 1530 712 1576; x_wconf 77' lang='lat' dir='ltr'><strong>dogmatibus</strong></span> <span class='ocrx_word' id='word_1_106' title='bbox 734 1529 862 1572; x_wconf 76' lang='lat' dir='ltr'><strong>eruditi‚</strong></span> <span class='ocrx_word' id='word_1_107' title='bbox 886 1528 1009 1562; x_wconf 76' lang='lat' dir='ltr'><strong>facundi</strong></span> <span class='ocrx_word' id='word_1_108' title='bbox 1034 1536 1065 1561; x_wconf 85' lang='lat' dir='ltr'><strong>et</strong></span> <span class='ocrx_word' id='word_1_109' title='bbox 1089 1541 1143 1561; x_wconf 91' lang='lat' dir='ltr'><strong>un-</strong></span> 
     </span>
     <span class='ocr_line' id='line_1_25' title="bbox 386 1581 1142 1631; baseline -0.007 -13"><span class='ocrx_word' id='word_1_110' title='bbox 386 1586 480 1631; x_wconf 82' lang='lat' dir='ltr'><strong>dique</strong></span> <span class='ocrx_word' id='word_1_111' title='bbox 495 1584 653 1626; x_wconf 69' lang='lat' dir='ltr'><strong>illustrati,</strong></span> <span class='ocrx_word' id='word_1_112' title='bbox 677 1583 813 1616; x_wconf 86' lang='lat' dir='ltr'><strong>fructum</strong></span> <span class='ocrx_word' id='word_1_113' title='bbox 831 1581 973 1625; x_wconf 62' lang='lat' dir='ltr'><strong>uberem³</strong></span> <span class='ocrx_word' id='word_1_114' title='bbox 991 1581 1142 1627; x_wconf 81' lang='lat' dir='ltr'><strong>largiente</strong></span> 
     </span>
     <span class='ocr_line' id='line_1_26' title="bbox 386 1635 1143 1682; baseline -0.004 -12"><span class='ocrx_word' id='word_1_115' title='bbox 386 1638 535 1680; x_wconf 74' lang='lat' dir='ltr'><strong>Domino,</strong></span> <span class='ocrx_word' id='word_1_116' title='bbox 558 1648 616 1670; x_wconf 90' lang='lat' dir='ltr'><strong>suo</strong></span> <span class='ocrx_word' id='word_1_117' title='bbox 644 1645 785 1682; x_wconf 79' lang='lat' dir='ltr'><strong>tempore</strong></span> <span class='ocrx_word' id='word_1_118' title='bbox 814 1635 1019 1682; x_wconf 82' lang='lat' dir='ltr'><strong>producturi;</strong></span> <span class='ocrx_word' id='word_1_119' title='bbox 1047 1642 1143 1668; x_wconf 88' lang='lat' dir='ltr'><strong>atten-</strong></span> 
     </span>
    </p>
   </div>
   <div class='ocr_carea' id='block_1_8' title="bbox 337 1687 1144 1845">
    <p class='ocr_par' dir='ltr' id='par_1_8' title="bbox 337 1687 1144 1845">
     <span class='ocr_line' id='line_1_27' title="bbox 337 1687 1142 1737; baseline -0.006 -12"><span class='ocrx_word' id='word_1_120' title='bbox 337 1702 358 1736; x_wconf 30' lang='grc' dir='ltr'><strong>ἲ,</strong></span> <span class='ocrx_word' id='word_1_121' title='bbox 387 1691 498 1724; x_wconf 86' lang='lat' dir='ltr'><strong>dentes</strong></span> <span class='ocrx_word' id='word_1_122' title='bbox 520 1701 646 1737; x_wconf 88' lang='lat' dir='ltr'><strong>quoque</strong></span> <span class='ocrx_word' id='word_1_123' title='bbox 682 1690 824 1723; x_wconf 82' lang='lat' dir='ltr'><strong>sincerae</strong></span> <span class='ocrx_word' id='word_1_124' title='bbox 860 1688 930 1721; x_wconf 85' lang='lat' dir='ltr'><strong>lidei</strong></span> <span class='ocrx_word' id='word_1_125' title='bbox 962 1687 1142 1734; x_wconf 84' lang='lat' dir='ltr'><strong>puritatem,</strong></span> 
     </span>
     <span class='ocr_line' id='line_1_28' title="bbox 347 1738 1144 1787; baseline -0.008 -8"><span class='ocrx_word' id='word_1_126' title='bbox 347 1738 422 1783; x_wconf 54' lang='lat' dir='ltr'><strong>1iffae</strong></span> <span class='ocrx_word' id='word_1_127' title='bbox 444 1745 580 1778; x_wconf 72' lang='lat' dir='ltr'><strong>eximiae</strong></span> <span class='ocrx_word' id='word_1_128' title='bbox 606 1743 781 1778; x_wconf 82' lang='lat' dir='ltr'><strong>devotionis</strong></span> <span class='ocrx_word' id='word_1_129' title='bbox 804 1742 962 1785; x_wconf 77' lang='lat' dir='ltr'><strong>affectum,</strong></span> <span class='ocrx_word' id='word_1_130' title='bbox 985 1753 1065 1787; x_wconf 82' lang='lat' dir='ltr'><strong>quos</strong></span> <span class='ocrx_word' id='word_1_131' title='bbox 1093 1740 1144 1774; x_wconf 88' lang='lat' dir='ltr'><strong>di-</strong></span> 
     </span>
     <span class='ocr_line' id='line_1_29' title="bbox 340 1794 1142 1845; baseline -0.005 -13"><span class='ocrx_word' id='word_1_132' title='bbox 340 1799 371 1845; x_wconf 59' lang='lat' dir='ltr'><strong>s}</strong></span> <span class='ocrx_word' id='word_1_133' title='bbox 387 1798 457 1832; x_wconf 85' lang='lat' dir='ltr'><strong>lecti</strong></span> <span class='ocrx_word' id='word_1_134' title='bbox 482 1798 535 1831; x_wconf 82' lang='lat' dir='ltr'><strong>filii</strong></span> <span class='ocrx_word' id='word_1_135' title='bbox 563 1798 710 1832; x_wconf 83' lang='lat' dir='ltr'><strong>consules</strong></span> <span class='ocrx_word' id='word_1_136' title='bbox 731 1805 761 1831; x_wconf 91' lang='lat' dir='ltr'><strong>et</strong></span> <span class='ocrx_word' id='word_1_137' title='bbox 777 1796 976 1830; x_wconf 84' lang='lat' dir='ltr'><strong>Univcrsitas</strong></span> <span class='ocrx_word' id='word_1_138' title='bbox 1002 1794 1142 1829; x_wconf 87' lang='lat' dir='ltr'><strong>eiusdem</strong></span> 
     </span>
    </p>
   </div>
   <div class='ocr_carea' id='block_1_9' title="bbox 385 1849 1146 2608">
    <p class='ocr_par' dir='ltr' id='par_1_9' title="bbox 385 1849 1146 2608">
     <span class='ocr_line' id='line_1_30' title="bbox 385 1849 1142 1886; baseline -0.004 0"><span class='ocrx_word' id='word_1_139' title='bbox 385 1852 518 1886; x_wconf 86' lang='lat' dir='ltr'><strong>civitatis</strong></span> <span class='ocrx_word' id='word_1_140' title='bbox 552 1851 589 1886; x_wconf 86' lang='lat' dir='ltr'><strong>ad</strong></span> <span class='ocrx_word' id='word_1_141' title='bbox 622 1864 678 1885; x_wconf 88' lang='lat' dir='ltr'><strong>nos</strong></span> <span class='ocrx_word' id='word_1_142' title='bbox 707 1860 735 1886; x_wconf 88' lang='lat' dir='ltr'><strong>et</strong></span> <span class='ocrx_word' id='word_1_143' title='bbox 760 1850 935 1885; x_wconf 78' lang='lat' dir='ltr'><strong>Romanam</strong></span> <span class='ocrx_word' id='word_1_144' title='bbox 970 1849 1142 1884; x_wconf 83' lang='lat' dir='ltr'><strong>Ecclesiam</strong></span> 
     </span>
     <span class='ocr_line' id='line_1_31' title="bbox 385 1906 1143 1953; baseline -0.003 -11"><span class='ocrx_word' id='word_1_145' title='bbox 385 1909 501 1944; x_wconf 85' lang='lat' dir='ltr'><strong>habere</strong></span> <span class='ocrx_word' id='word_1_146' title='bbox 530 1918 720 1943; x_wconf 83' lang='lat' dir='ltr'><strong>noscuntur:</strong></span> <span class='ocrx_word' id='word_1_147' title='bbox 755 1920 791 1941; x_wconf 77' lang='lat' dir='ltr'><strong>ex</strong></span> <span class='ocrx_word' id='word_1_148' title='bbox 828 1906 994 1953; x_wconf 87' lang='lat' dir='ltr'><strong>praedictis</strong></span> <span class='ocrx_word' id='word_1_149' title='bbox 1028 1906 1143 1949; x_wconf 80' lang='lat' dir='ltr'><strong>causis,</strong></span> 
     </span>
     <span class='ocr_line' id='line_1_32' title="bbox 385 1964 1142 2012; baseline -0.004 -13"><span class='ocrx_word' id='word_1_150' title='bbox 385 1966 540 2012; x_wconf 83' lang='lat' dir='ltr'><strong>porrectis</strong></span> <span class='ocrx_word' id='word_1_151' title='bbox 562 1965 654 1999; x_wconf 86' lang='lat' dir='ltr'><strong>etiam</strong></span> <span class='ocrx_word' id='word_1_152' title='bbox 680 1965 770 1999; x_wconf 88' lang='lat' dir='ltr'><strong>nobis</strong></span> <span class='ocrx_word' id='word_1_153' title='bbox 788 1978 843 2012; x_wconf 87' lang='lat' dir='ltr'><strong>pro</strong></span> <span class='ocrx_word' id='word_1_154' title='bbox 868 1973 953 2011; x_wconf 81' lang='lat' dir='ltr'><strong>parte</strong></span> <span class='ocrx_word' id='word_1_155' title='bbox 976 1964 1142 1998; x_wconf 89' lang='lat' dir='ltr'><strong>consulum</strong></span> 
     </span>
     <span class='ocr_line' id='line_1_33' title="bbox 385 2019 1144 2066; baseline -0.004 -11"><span class='ocrx_word' id='word_1_156' title='bbox 385 2029 415 2055; x_wconf 90' lang='lat' dir='ltr'><strong>et</strong></span> <span class='ocrx_word' id='word_1_157' title='bbox 445 2019 663 2055; x_wconf 79' lang='lat' dir='ltr'><strong>Universitatis</strong></span> <span class='ocrx_word' id='word_1_158' title='bbox 699 2020 875 2066; x_wconf 81' lang='lat' dir='ltr'><strong>praedictae</strong></span> <span class='ocrx_word' id='word_1_159' title='bbox 906 2019 1083 2053; x_wconf 85' lang='lat' dir='ltr'><strong>humilibus</strong></span> <span class='ocrx_word' id='word_1_160' title='bbox 1114 2026 1144 2052; x_wconf 89' lang='lat' dir='ltr'><strong>et</strong></span> 
     </span>
     <span class='ocr_line' id='line_1_34' title="bbox 386 2073 1143 2122; baseline -0.001 -13"><span class='ocrx_word' id='word_1_161' title='bbox 386 2075 508 2109; x_wconf 89' lang='lat' dir='ltr'><strong>devotis</strong></span> <span class='ocrx_word' id='word_1_162' title='bbox 542 2074 827 2122; x_wconf 83' lang='lat' dir='ltr'><strong>supplicationibus</strong></span> <span class='ocrx_word' id='word_1_163' title='bbox 856 2073 1008 2111; x_wconf 78' lang='lat' dir='ltr'><strong>inclinati,</strong></span> <span class='ocrx_word' id='word_1_164' title='bbox 1032 2082 1143 2108; x_wconf 88' lang='lat' dir='ltr'><strong>aucto-</strong></span> 
     </span>
     <span class='ocr_line' id='line_1_35' title="bbox 387 2127 1143 2175; baseline -0.004 -11"><span class='ocrx_word' id='word_1_165' title='bbox 387 2133 475 2165; x_wconf 84' lang='lat' dir='ltr'><strong>ritate</strong></span> <span class='ocrx_word' id='word_1_166' title='bbox 497 2129 668 2175; x_wconf 79' lang='lat' dir='ltr'><strong>apostolica</strong></span> <span class='ocrx_word' id='word_1_167' title='bbox 697 2129 864 2162; x_wconf 79' lang='lat' dir='ltr'><strong>statuimus</strong></span> <span class='ocrx_word' id='word_1_168' title='bbox 892 2135 921 2161; x_wconf 78' lang='lat' dir='ltr'><strong>et</strong></span> <span class='ocrx_word' id='word_1_169' title='bbox 949 2127 1143 2166; x_wconf 74' lang='lat' dir='ltr'><strong>ordinamus,</strong></span> 
     </span>
     <span class='ocr_line' id='line_1_36' title="bbox 386 2182 1146 2231; baseline -0.003 -13"><span class='ocrx_word' id='word_1_170' title='bbox 386 2185 469 2231; x_wconf 89' lang='lat' dir='ltr'><strong>quod</strong></span> <span class='ocrx_word' id='word_1_171' title='bbox 494 2185 523 2217; x_wconf 86' lang='lat' dir='ltr'><strong>in</strong></span> <span class='ocrx_word' id='word_1_172' title='bbox 546 2184 668 2217; x_wconf 87' lang='lat' dir='ltr'><strong>civitate</strong></span> <span class='ocrx_word' id='word_1_173' title='bbox 694 2182 849 2229; x_wconf 76' lang='lat' dir='ltr'><strong>praedicta</strong></span> <span class='ocrx_word' id='word_1_174' title='bbox 875 2182 1034 2228; x_wconf 78' lang='lat' dir='ltr'><strong>perpetuis</strong></span> <span class='ocrx_word' id='word_1_175' title='bbox 1061 2182 1146 2216; x_wconf 78' lang='lat' dir='ltr'><strong>sutu-</strong></span> 
     </span>
     <span class='ocr_line' id='line_1_37' title="bbox 387 2235 1143 2283; baseline -0.004 -11"><span class='ocrx_word' id='word_1_176' title='bbox 387 2240 430 2272; x_wconf 84' lang='lat' dir='ltr'><strong>ris</strong></span> <span class='ocrx_word' id='word_1_177' title='bbox 455 2236 648 2283; x_wconf 80' lang='lat' dir='ltr'><strong>temporibus</strong></span> <span class='ocrx_word' id='word_1_178' title='bbox 674 2237 819 2282; x_wconf 73' lang='lat' dir='ltr'><strong>generale</strong></span> <span class='ocrx_word' id='word_1_179' title='bbox 844 2235 991 2270; x_wconf 82' lang='lat' dir='ltr'><strong>Studium</strong></span> <span class='ocrx_word' id='word_1_180' title='bbox 1025 2235 1143 2269; x_wconf 81' lang='lat' dir='ltr'><strong>habea-</strong></span> 
     </span>
     <span class='ocr_line' id='line_1_38' title="bbox 387 2289 1145 2337; baseline -0.005 -10"><span class='ocrx_word' id='word_1_181' title='bbox 387 2301 436 2327; x_wconf 88' lang='lat' dir='ltr'><strong>tur</strong></span> <span class='ocrx_word' id='word_1_182' title='bbox 475 2301 503 2325; x_wconf 88' lang='lat' dir='ltr'><strong>et</strong></span> <span class='ocrx_word' id='word_1_183' title='bbox 540 2291 638 2337; x_wconf 79' lang='lat' dir='ltr'><strong>vigeat</strong></span> <span class='ocrx_word' id='word_1_184' title='bbox 669 2292 698 2324; x_wconf 88' lang='lat' dir='ltr'><strong>in</strong></span> <span class='ocrx_word' id='word_1_185' title='bbox 735 2290 872 2336; x_wconf 75' lang='lat' dir='ltr'><strong>qualibet</strong></span> <span class='ocrx_word' id='word_1_186' title='bbox 903 2290 986 2324; x_wconf 87' lang='lat' dir='ltr'><strong>licita</strong></span> <span class='ocrx_word' id='word_1_187' title='bbox 1016 2289 1145 2324; x_wconf 88' lang='lat' dir='ltr'><strong>faculta-</strong></span> 
     </span>
     <span class='ocr_line' id='line_1_39' title="bbox 386 2343 1145 2392; baseline -0.003 -12"><span class='ocrx_word' id='word_1_188' title='bbox 386 2355 428 2389; x_wconf 63' lang='lat' dir='ltr'><strong>te,</strong></span> <span class='ocrx_word' id='word_1_189' title='bbox 450 2345 600 2392; x_wconf 87' lang='lat' dir='ltr'><strong>quodque</strong></span> <span class='ocrx_word' id='word_1_190' title='bbox 624 2345 796 2391; x_wconf 78' lang='lat' dir='ltr'><strong>praefatum</strong></span> <span class='ocrx_word' id='word_1_191' title='bbox 820 2343 982 2384; x_wconf 78' lang='lat' dir='ltr'><strong>Studium,</strong></span> <span class='ocrx_word' id='word_1_192' title='bbox 1010 2356 1045 2378; x_wconf 88' lang='lat' dir='ltr'><strong>ac</strong></span> <span class='ocrx_word' id='word_1_193' title='bbox 1077 2344 1145 2378; x_wconf 85' lang='lat' dir='ltr'><strong>eins</strong></span> 
     </span>
     <span class='ocr_line' id='line_1_40' title="bbox 387 2397 1143 2443; baseline -0.004 -9"><span class='ocrx_word' id='word_1_194' title='bbox 387 2399 592 2443; x_wconf 73' lang='lat' dir='ltr'><strong>Universitas⁷</strong></span> <span class='ocrx_word' id='word_1_195' title='bbox 620 2412 656 2433; x_wconf 91' lang='lat' dir='ltr'><strong>ac</strong></span> <span class='ocrx_word' id='word_1_196' title='bbox 677 2399 834 2436; x_wconf 74' lang='lat' dir='ltr'><strong>(lectores.</strong></span> <span class='ocrx_word' id='word_1_197' title='bbox 863 2398 1015 2443; x_wconf 74' lang='lat' dir='ltr'><strong>magistri,</strong></span> <span class='ocrx_word' id='word_1_198' title='bbox 1043 2397 1143 2431; x_wconf 85' lang='lat' dir='ltr'><strong>licen-</strong></span> 
     </span>
     <span class='ocr_line' id='line_1_41' title="bbox 387 2453 1143 2498; baseline -0.004 -10"><span class='ocrx_word' id='word_1_199' title='bbox 387 2455 467 2492; x_wconf 83' lang='lat' dir='ltr'><strong>tiati,</strong></span> <span class='ocrx_word' id='word_1_200' title='bbox 506 2454 699 2488; x_wconf 78' lang='lat' dir='ltr'><strong>baccalaurei</strong></span> <span class='ocrx_word' id='word_1_201' title='bbox 736 2462 766 2487; x_wconf 87' lang='lat' dir='ltr'><strong>et</strong></span> <span class='ocrx_word' id='word_1_202' title='bbox 788 2453 949 2487; x_wconf 81' lang='lat' dir='ltr'><strong>scholares</strong></span> <span class='ocrx_word' id='word_1_203' title='bbox 980 2465 1035 2498; x_wconf 92' lang='lat' dir='ltr'><strong>pro</strong></span> <span class='ocrx_word' id='word_1_204' title='bbox 1059 2459 1143 2486; x_wconf 87' lang='lat' dir='ltr'><strong>tein—</strong></span> 
     </span>
     <span class='ocr_line' id='line_1_42' title="bbox 389 2505 1144 2553; baseline -0.004 -12"><span class='ocrx_word' id='word_1_205' title='bbox 389 2521 461 2553; x_wconf 82' lang='lat' dir='ltr'><strong>pore</strong></span> <span class='ocrx_word' id='word_1_206' title='bbox 494 2516 726 2542; x_wconf 83' lang='lat' dir='ltr'><strong>commorantes</strong></span> <span class='ocrx_word' id='word_1_207' title='bbox 753 2520 844 2541; x_wconf 84' lang='lat' dir='ltr'><strong>causa</strong></span> <span class='ocrx_word' id='word_1_208' title='bbox 873 2506 1050 2541; x_wconf 84' lang='lat' dir='ltr'><strong>studiorum</strong></span> <span class='ocrx_word' id='word_1_209' title='bbox 1087 2505 1144 2538; x_wconf 89' lang='lat' dir='ltr'><strong>ibi-</strong></span> 
     </span>
     <span class='ocr_line' id='line_1_43' title="bbox 388 2560 1144 2608; baseline -0.004 -12"><span class='ocrx_word' id='word_1_210' title='bbox 388 2563 471 2601; x_wconf 68' lang='lat' dir='ltr'><strong>dem,</strong></span> <span class='ocrx_word' id='word_1_211' title='bbox 508 2562 656 2596; x_wconf 88' lang='lat' dir='ltr'><strong>omuibus</strong></span> <span class='ocrx_word' id='word_1_212' title='bbox 681 2561 862 2608; x_wconf 76' lang='lat' dir='ltr'><strong>privilegiis,</strong></span> <span class='ocrx_word' id='word_1_213' title='bbox 887 2560 1082 2594; x_wconf 77' lang='lat' dir='ltr'><strong>libertatibus</strong></span> <span class='ocrx_word' id='word_1_214' title='bbox 1115 2566 1144 2593; x_wconf 84' lang='lat' dir='ltr'><strong>et</strong></span> 
     </span>
    </p>
   </div>
   <div class='ocr_carea' id='block_1_10' title="bbox 394 2622 1143 2698">
    <p class='ocr_par' dir='ltr' id='par_1_10' title="bbox 394 2622 1143 2698">
     <span class='ocr_line' id='line_1_44' title="bbox 424 2622 1143 2657; baseline -0.007 -6"><span class='ocrx_word' id='word_1_215' title='bbox 424 2624 462 2655; x_wconf 72' lang='lat' dir='ltr'><strong>(t)</strong></span> <span class='ocrx_word' id='word_1_216' title='bbox 481 2625 517 2650; x_wconf 77' lang='lat' dir='ltr'><strong>Ex</strong></span> <span class='ocrx_word' id='word_1_217' title='bbox 535 2624 602 2650; x_wconf 87' lang='lat' dir='ltr'><strong>Gall.</strong></span> <span class='ocrx_word' id='word_1_218' title='bbox 620 2623 730 2656; x_wconf 85' lang='lat' dir='ltr'><strong>Christ.‚</strong></span> <span class='ocrx_word' id='word_1_219' title='bbox 745 2624 803 2650; x_wconf 51' lang='lat' dir='ltr'><strong>edit.</strong></span> <span class='ocrx_word' id='word_1_220' title='bbox 822 2624 915 2657; x_wconf 55' lang='lat' dir='ltr'><strong>paris„</strong></span> <span class='ocrx_word' id='word_1_221' title='bbox 930 2626 993 2649; x_wconf 62' lang='lat' dir='ltr'><strong>tom.</strong></span> <span class='ocrx_word' id='word_1_222' title='bbox 1017 2630 1034 2653; x_wconf 89' lang='grc' dir='ltr'><strong>ι,</strong></span> <span class='ocrx_word' id='word_1_223' title='bbox 1057 2622 1081 2647; x_wconf 82' lang='grc' dir='ltr'><strong>ἰη</strong></span> <span class='ocrx_word' id='word_1_224' title='bbox 1093 2629 1143 2655; x_wconf 81' lang='lat' dir='ltr'><strong>ap-</strong></span> 
     </span>
     <span class='ocr_line' id='line_1_45' title="bbox 394 2663 654 2698; baseline 0 -10"><span class='ocrx_word' id='word_1_225' title='bbox 394 2663 511 2696; x_wconf 68' lang='lat' dir='ltr'><strong>penetro,</strong></span> <span class='ocrx_word' id='word_1_226' title='bbox 531 2671 587 2698; x_wconf 74' lang='lat' dir='ltr'><strong>pag.</strong></span> <span class='ocrx_word' id='word_1_227' title='bbox 612 2663 654 2689; x_wconf 76' lang='lat'><strong>35.</strong></span> 
     </span>
    </p>
   </div>
   <div class='ocr_carea' id='block_1_11' title="bbox 984 291 1360 316">
    <p class='ocr_par' dir='ltr' id='par_1_11' title="bbox 984 291 1360 316">
     <span class='ocr_line' id='line_1_46' title="bbox 984 291 1360 316; baseline -0.005 -1"><span class='ocrx_word' id='word_1_228' title='bbox 984 293 1119 316; x_wconf 71' lang='lat' dir='ltr'>BULLAM</span> <span class='ocrx_word' id='word_1_229' title='bbox 1125 292 1170 315; x_wconf 75' lang='lat' dir='ltr'><strong>tm</strong></span> <span class='ocrx_word' id='word_1_230' title='bbox 1197 291 1360 314; x_wconf 73' lang='lat' dir='ltr'><strong>ROMANUM</strong></span> 
     </span>
    </p>
   </div>
   <div class='ocr_carea' id='block_1_12' title="bbox 1180 343 1931 711">
    <p class='ocr_par' dir='ltr' id='par_1_12' title="bbox 1180 343 1930 498">
     <span class='ocr_line' id='line_1_47' title="bbox 1180 343 1930 385; baseline -0.003 -5"><span class='ocrx_word' id='word_1_231' title='bbox 1180 344 1441 385; x_wconf 88' lang='lat' dir='ltr'><strong>immunitatibus,</strong></span> <span class='ocrx_word' id='word_1_232' title='bbox 1464 344 1626 379; x_wconf 87' lang='lat' dir='ltr'><strong>concessis</strong></span> <span class='ocrx_word' id='word_1_233' title='bbox 1647 343 1765 378; x_wconf 82' lang='lat' dir='ltr'><strong>Studio</strong></span> <span class='ocrx_word' id='word_1_234' title='bbox 1780 343 1930 378; x_wconf 89' lang='lat' dir='ltr'><strong>Tholosa-</strong></span> 
     </span>
     <span class='ocr_line' id='line_1_48' title="bbox 1181 397 1928 442; baseline -0.004 -9"><span class='ocrx_word' id='word_1_235' title='bbox 1181 399 1268 433; x_wconf 88' lang='lat' dir='ltr'><strong>nensi</strong></span> <span class='ocrx_word' id='word_1_236' title='bbox 1296 410 1332 433; x_wconf 92' lang='lat' dir='ltr'><strong>ac</strong></span> <span class='ocrx_word' id='word_1_237' title='bbox 1366 397 1567 432; x_wconf 86' lang='lat' dir='ltr'><strong>Universitati</strong></span> <span class='ocrx_word' id='word_1_238' title='bbox 1603 397 1685 440; x_wconf 81' lang='lat' dir='ltr'><strong>eius,</strong></span> <span class='ocrx_word' id='word_1_239' title='bbox 1712 397 1804 442; x_wconf 80' lang='lat' dir='ltr'><strong>plene</strong></span> <span class='ocrx_word' id='word_1_240' title='bbox 1832 404 1864 430; x_wconf 82' lang='lat' dir='ltr'><strong>et</strong></span> <span class='ocrx_word' id='word_1_241' title='bbox 1890 397 1928 430; x_wconf 90' lang='lat' dir='ltr'><strong>li—</strong></span> 
     </span>
     <span class='ocr_line' id='line_1_49' title="bbox 1180 450 1643 498; baseline -0.004 -12"><span class='ocrx_word' id='word_1_242' title='bbox 1180 452 1253 486; x_wconf 86' lang='lat' dir='ltr'><strong>bere</strong></span> <span class='ocrx_word' id='word_1_243' title='bbox 1275 450 1434 498; x_wconf 83' lang='lat' dir='ltr'><strong>gaudeant</strong></span> <span class='ocrx_word' id='word_1_244' title='bbox 1455 458 1486 485; x_wconf 87' lang='lat' dir='ltr'><strong>et</strong></span> <span class='ocrx_word' id='word_1_245' title='bbox 1508 458 1643 485; x_wconf 89' lang='lat' dir='ltr'><strong>utantur.</strong></span> 
     </span>
    </p>

    <p class='ocr_par' dir='ltr' id='par_1_13' title="bbox 1229 503 1831 551">
     <span class='ocr_line' id='line_1_50' title="bbox 1229 503 1831 551; baseline -0.007 -11"><span class='ocrx_word' id='word_1_246' title='bbox 1229 506 1313 541; x_wconf 88' lang='lat' dir='ltr'><strong>Nulli</strong></span> <span class='ocrx_word' id='word_1_247' title='bbox 1336 517 1411 551; x_wconf 82' lang='lat' dir='ltr'><strong>ergo</strong></span> <span class='ocrx_word' id='word_1_248' title='bbox 1437 504 1566 539; x_wconf 87' lang='lat' dir='ltr'><strong>omuino</strong></span> <span class='ocrx_word' id='word_1_249' title='bbox 1590 503 1753 538; x_wconf 90' lang='lat' dir='ltr'><strong>hominum</strong></span> <span class='ocrx_word' id='word_1_250' title='bbox 1777 512 1831 537; x_wconf 78' lang='lat' dir='ltr'><strong>etc.</strong></span> 
     </span>
    </p>

    <p class='ocr_par' dir='ltr' id='par_1_14' title="bbox 1182 556 1931 647">
     <span class='ocr_line' id='line_1_51' title="bbox 1230 556 1931 604; baseline -0.003 -11"><span class='ocrx_word' id='word_1_251' title='bbox 1230 559 1345 594; x_wconf 90' lang='lat' dir='ltr'><strong>Datum</strong></span> <span class='ocrx_word' id='word_1_252' title='bbox 1379 558 1541 593; x_wconf 77' lang='lat' dir='ltr'><strong>Avenione</strong></span> <span class='ocrx_word' id='word_1_253' title='bbox 1562 569 1609 592; x_wconf 85' lang='lat' dir='ltr'><strong>vn</strong></span> <span class='ocrx_word' id='word_1_254' title='bbox 1637 556 1708 591; x_wconf 91' lang='lat' dir='ltr'><strong>idus</strong></span> <span class='ocrx_word' id='word_1_255' title='bbox 1743 556 1832 601; x_wconf 82' lang='lat' dir='ltr'><strong>iunii,</strong></span> <span class='ocrx_word' id='word_1_256' title='bbox 1854 569 1931 604; x_wconf 79' lang='lat' dir='ltr'><strong>pon-</strong></span> 
     </span>
     <span class='ocr_line' id='line_1_52' title="bbox 1182 611 1632 647; baseline -0.004 -1"><span class='ocrx_word' id='word_1_257' title='bbox 1182 612 1318 647; x_wconf 83' lang='lat' dir='ltr'><strong>tificatus</strong></span> <span class='ocrx_word' id='word_1_258' title='bbox 1340 611 1436 646; x_wconf 83' lang='lat' dir='ltr'><strong>nostri</strong></span> <span class='ocrx_word' id='word_1_259' title='bbox 1459 624 1542 646; x_wconf 86' lang='lat' dir='ltr'><strong>auno</strong></span> <span class='ocrx_word' id='word_1_260' title='bbox 1564 623 1632 645; x_wconf 77' lang='lat' dir='ltr'><strong>xvr.</strong></span> 
     </span>
    </p>

    <p class='ocr_par' dir='ltr' id='par_1_15' title="bbox 1240 672 1880 711">
     <span class='ocr_line' id='line_1_53' title="bbox 1240 672 1880 711; baseline -0.005 -8"><span class='ocrx_word' id='word_1_261' title='bbox 1240 673 1301 703; x_wconf 83' lang='lat' dir='ltr'><strong>Dat.</strong></span> <span class='ocrx_word' id='word_1_262' title='bbox 1320 674 1367 703; x_wconf 86' lang='lat' dir='ltr'><strong>die</strong></span> <span class='ocrx_word' id='word_1_263' title='bbox 1387 673 1402 702; x_wconf 86' lang='lat'>7</span> <span class='ocrx_word' id='word_1_264' title='bbox 1426 672 1500 702; x_wconf 90' lang='lat' dir='ltr'><strong>iunii</strong></span> <span class='ocrx_word' id='word_1_265' title='bbox 1520 672 1606 709; x_wconf 72' lang='lat'><strong>1332,</strong></span> <span class='ocrx_word' id='word_1_266' title='bbox 1625 675 1702 711; x_wconf 88' lang='lat' dir='ltr'><strong>pont.</strong></span> <span class='ocrx_word' id='word_1_267' title='bbox 1726 680 1803 701; x_wconf 87' lang='lat' dir='ltr'><strong>anno</strong></span> <span class='ocrx_word' id='word_1_268' title='bbox 1825 680 1880 700; x_wconf 74' lang='lat' dir='ltr'><strong>xvr.</strong></span> 
     </span>
    </p>
   </div>
   <div class='ocr_carea' id='block_1_13' title="bbox 1471 757 1611 764">
    <p class='ocr_par' dir='ltr' id='par_1_16' title="bbox 1471 757 1611 764">
     <span class='ocr_line' id='line_1_54' title="bbox 1471 757 1611 764; baseline 0 0"><span class='ocrx_word' id='word_1_269' title='bbox 1471 757 1611 764; x_wconf 95' lang='lat' dir='ltr'><strong> </strong></span> 
     </span>
    </p>
   </div>
   <div class='ocr_carea' id='block_1_14' title="bbox 1383 857 1731 906">
    <p class='ocr_par' dir='ltr' id='par_1_17' title="bbox 1383 857 1731 906">
     <span class='ocr_line' id='line_1_55' title="bbox 1383 857 1731 906; baseline -0.003 0"><span class='ocrx_word' id='word_1_270' title='bbox 1383 857 1647 906; x_wconf 79' lang='lat' dir='ltr'><strong>BENEDlCTUS</strong></span> <span class='ocrx_word' id='word_1_271' title='bbox 1669 857 1731 906; x_wconf 92' lang='lat' dir='ltr'><strong>Xll</strong></span> 
     </span>
    </p>
   </div>
   <div class='ocr_carea' id='block_1_15' title="bbox 1298 952 1824 1059">
    <p class='ocr_par' dir='ltr' id='par_1_18' title="bbox 1298 952 1824 1059">
     <span class='ocr_line' id='line_1_56' title="bbox 1445 952 1672 982; baseline 0 -1"><span class='ocrx_word' id='word_1_272' title='bbox 1445 952 1539 982; x_wconf 77' lang='lat' dir='ltr'><strong>PAPA</strong></span> <span class='ocrx_word' id='word_1_273' title='bbox 1558 952 1672 982; x_wconf 88' lang='lat' dir='ltr'><strong>CXCVll</strong></span> 
     </span>
     <span class='ocr_line' id='line_1_57' title="bbox 1298 1023 1824 1059; baseline -0.004 -1"><span class='ocrx_word' id='word_1_274' title='bbox 1298 1025 1388 1059; x_wconf 78' lang='lat' dir='ltr'><strong>Anno</strong></span> <span class='ocrx_word' id='word_1_275' title='bbox 1410 1024 1540 1058; x_wconf 77' lang='lat' dir='ltr'><strong>Domini</strong></span> <span class='ocrx_word' id='word_1_276' title='bbox 1560 1023 1824 1057; x_wconf 84' lang='lat' dir='ltr'><em>MCCCXXXIV.</em></span> 
     </span>
    </p>
   </div>
   <div class='ocr_carea' id='block_1_16' title="bbox 1183 1101 1940 1965">
    <p class='ocr_par' dir='ltr' id='par_1_19' title="bbox 1183 1101 1940 1965">
     <span class='ocr_line' id='line_1_58' title="bbox 1184 1101 1935 1175; baseline -0.004 -2"><span class='ocrx_word' id='word_1_277' title='bbox 1184 1101 1263 1175; x_wconf 78' lang='lat' dir='ltr'><strong>Die</strong></span> <span class='ocrx_word' id='word_1_278' title='bbox 1278 1143 1325 1174; x_wconf 76' lang='lat'><strong>20</strong></span> <span class='ocrx_word' id='word_1_279' title='bbox 1339 1137 1518 1173; x_wconf 86' lang='lat' dir='ltr'><strong>decembris</strong></span> <span class='ocrx_word' id='word_1_280' title='bbox 1545 1149 1629 1171; x_wconf 88' lang='lat' dir='ltr'><strong>anno</strong></span> <span class='ocrx_word' id='word_1_281' title='bbox 1652 1139 1746 1171; x_wconf 71' lang='lat'><strong>4554</strong></span> <span class='ocrx_word' id='word_1_282' title='bbox 1760 1137 1935 1171; x_wconf 83' lang='lat' dir='ltr'><strong>cardinales</strong></span> 
     </span>
     <span class='ocr_line' id='line_1_59' title="bbox 1184 1185 1935 1236; baseline -0.004 -13"><span class='ocrx_word' id='word_1_283' title='bbox 1184 1190 1213 1223; x_wconf 91' lang='lat' dir='ltr'><strong>in</strong></span> <span class='ocrx_word' id='word_1_284' title='bbox 1256 1189 1369 1236; x_wconf 88' lang='lat' dir='ltr'><strong>palatio</strong></span> <span class='ocrx_word' id='word_1_285' title='bbox 1412 1187 1637 1227; x_wconf 71' lang='lat' dir='ltr'><strong>Avefflonensi,</strong></span> <span class='ocrx_word' id='word_1_286' title='bbox 1670 1185 1722 1220; x_wconf 86' lang='lat' dir='ltr'><strong>ubi</strong></span> <span class='ocrx_word' id='word_1_287' title='bbox 1757 1185 1935 1220; x_wconf 84' lang='lat' dir='ltr'><strong>decesserat</strong></span> 
     </span>
     <span class='ocr_line' id='line_1_60' title="bbox 1183 1234 1936 1282; baseline -0.007 -9"><span class='ocrx_word' id='word_1_288' title='bbox 1183 1238 1318 1273; x_wconf 89' lang='lat' dir='ltr'><strong>Ioannes</strong></span> <span class='ocrx_word' id='word_1_289' title='bbox 1344 1236 1447 1279; x_wconf 78' lang='lat' dir='ltr'><strong>xxtl,</strong></span> <span class='ocrx_word' id='word_1_290' title='bbox 1470 1235 1593 1276; x_wconf 87' lang='lat' dir='ltr'><strong>inclusi,</strong></span> <span class='ocrx_word' id='word_1_291' title='bbox 1616 1235 1780 1282; x_wconf 83' lang='lat' dir='ltr'><strong>elegerunt</strong></span> <span class='ocrx_word' id='word_1_292' title='bbox 1798 1236 1828 1268; x_wconf 92' lang='lat' dir='ltr'><strong>in</strong></span> <span class='ocrx_word' id='word_1_293' title='bbox 1849 1234 1936 1269; x_wconf 89' lang='lat' dir='ltr'><strong>Pou-</strong></span> 
     </span>
     <span class='ocr_line' id='line_1_61' title="bbox 1184 1283 1935 1327; baseline -0.007 -5"><span class='ocrx_word' id='word_1_294' title='bbox 1184 1289 1298 1322; x_wconf 84' lang='lat' dir='ltr'><strong>titiccm</strong></span> <span class='ocrx_word' id='word_1_295' title='bbox 1333 1286 1512 1320; x_wconf 82' lang='lat' dir='ltr'><strong>Romanum</strong></span> <span class='ocrx_word' id='word_1_296' title='bbox 1547 1284 1693 1319; x_wconf 86' lang='lat' dir='ltr'><strong>lacobuni</strong></span> <span class='ocrx_word' id='word_1_297' title='bbox 1730 1283 1935 1327; x_wconf 59' lang='lat' dir='ltr'><strong>Furnedum,</strong></span> 
     </span>
     <span class='ocr_line' id='line_1_62' title="bbox 1185 1332 1936 1384; baseline -0.005 -13"><span class='ocrx_word' id='word_1_298' title='bbox 1185 1337 1400 1384; x_wconf 66' lang='lat' dir='ltr'><strong>presbyterum</strong></span> <span class='ocrx_word' id='word_1_299' title='bbox 1424 1333 1613 1368; x_wconf 88' lang='lat' dir='ltr'><strong>cardinalem</strong></span> <span class='ocrx_word' id='word_1_300' title='bbox 1637 1333 1717 1367; x_wconf 87' lang='lat' dir='ltr'><strong>tituli</strong></span> <span class='ocrx_word' id='word_1_301' title='bbox 1741 1332 1775 1367; x_wconf 89' lang='lat' dir='ltr'><strong>S.</strong></span> <span class='ocrx_word' id='word_1_302' title='bbox 1798 1332 1936 1372; x_wconf 85' lang='lat' dir='ltr'><strong>Priscae,</strong></span> 
     </span>
     <span class='ocr_line' id='line_1_63' title="bbox 1183 1381 1936 1433; baseline -0.005 -14"><span class='ocrx_word' id='word_1_303' title='bbox 1183 1386 1236 1433; x_wconf 90' lang='lat' dir='ltr'><strong>qui</strong></span> <span class='ocrx_word' id='word_1_304' title='bbox 1262 1387 1291 1419; x_wconf 87' lang='lat' dir='ltr'><strong>in</strong></span> <span class='ocrx_word' id='word_1_305' title='bbox 1321 1383 1496 1418; x_wconf 87' lang='lat' dir='ltr'><strong>minoribus</strong></span> <span class='ocrx_word' id='word_1_306' title='bbox 1518 1395 1555 1417; x_wconf 83' lang='lat' dir='ltr'><strong>cx</strong></span> <span class='ocrx_word' id='word_1_307' title='bbox 1583 1381 1693 1416; x_wconf 82' lang='lat' dir='ltr'><strong>ordine</strong></span> <span class='ocrx_word' id='word_1_308' title='bbox 1719 1381 1936 1420; x_wconf 86' lang='lat' dir='ltr'><strong>Cisterciensi,</strong></span> 
     </span>
     <span class='ocr_line' id='line_1_64' title="bbox 1185 1431 1937 1481; baseline -0.005 -13"><span class='ocrx_word' id='word_1_309' title='bbox 1185 1447 1255 1469; x_wconf 87' lang='lat' dir='ltr'><strong>mox</strong></span> <span class='ocrx_word' id='word_1_310' title='bbox 1288 1432 1528 1481; x_wconf 82' lang='lat' dir='ltr'><strong>Appamiarmn,</strong></span> <span class='ocrx_word' id='word_1_311' title='bbox 1564 1431 1766 1478; x_wconf 90' lang='lat' dir='ltr'><strong>postmodum</strong></span> <span class='ocrx_word' id='word_1_312' title='bbox 1805 1431 1937 1477; x_wconf 85' lang='lat' dir='ltr'><strong>Mirapi-</strong></span> 
     </span>
     <span class='ocr_line' id='line_1_65' title="bbox 1184 1479 1937 1527; baseline -0.005 -9"><span class='ocrx_word' id='word_1_313' title='bbox 1184 1484 1304 1518; x_wconf 85' lang='lat' dir='ltr'><strong>scensis</strong></span> <span class='ocrx_word' id='word_1_314' title='bbox 1344 1482 1444 1516; x_wconf 81' lang='lat' dir='ltr'><strong>fuerat</strong></span> <span class='ocrx_word' id='word_1_315' title='bbox 1477 1480 1658 1527; x_wconf 86' lang='lat' dir='ltr'><strong>episcopus.</strong></span> <span class='ocrx_word' id='word_1_316' title='bbox 1701 1479 1759 1514; x_wconf 89' lang='lat' dir='ltr'><strong>Hic</strong></span> <span class='ocrx_word' id='word_1_317' title='bbox 1810 1488 1937 1514; x_wconf 89' lang='lat' dir='ltr'><strong>vocatus</strong></span> 
     </span>
     <span class='ocr_line' id='line_1_66' title="bbox 1184 1528 1936 1575; baseline -0.005 -9"><span class='ocrx_word' id='word_1_318' title='bbox 1184 1540 1231 1566; x_wconf 88' lang='lat' dir='ltr'><strong>cst</strong></span> <span class='ocrx_word' id='word_1_319' title='bbox 1252 1531 1444 1566; x_wconf 86' lang='lat' dir='ltr'><strong>Benedictus</strong></span> <span class='ocrx_word' id='word_1_320' title='bbox 1471 1528 1541 1571; x_wconf 79' lang='lat' dir='ltr'><strong>xil,</strong></span> <span class='ocrx_word' id='word_1_321' title='bbox 1569 1530 1621 1575; x_wconf 93' lang='lat' dir='ltr'><strong>qui</strong></span> <span class='ocrx_word' id='word_1_322' title='bbox 1645 1536 1813 1563; x_wconf 88' lang='lat' dir='ltr'><strong>coronatus</strong></span> <span class='ocrx_word' id='word_1_323' title='bbox 1839 1536 1885 1563; x_wconf 87' lang='lat' dir='ltr'><strong>est</strong></span> <span class='ocrx_word' id='word_1_324' title='bbox 1906 1529 1936 1562; x_wconf 91' lang='lat' dir='ltr'><strong>in</strong></span> 
     </span>
     <span class='ocr_line' id='line_1_67' title="bbox 1184 1577 1939 1615; baseline -0.005 0"><span class='ocrx_word' id='word_1_325' title='bbox 1184 1581 1325 1615; x_wconf 79' lang='lat' dir='ltr'><strong>Ecclesia</strong></span> <span class='ocrx_word' id='word_1_326' title='bbox 1350 1580 1481 1614; x_wconf 83' lang='lat' dir='ltr'><strong>fratrum</strong></span> <span class='ocrx_word' id='word_1_327' title='bbox 1505 1577 1760 1612; x_wconf 68' lang='lat' dir='ltr'><strong>praedicatorum</strong></span> <span class='ocrx_word' id='word_1_328' title='bbox 1785 1577 1835 1612; x_wconf 91' lang='lat' dir='ltr'><strong>die</strong></span> <span class='ocrx_word' id='word_1_329' title='bbox 1857 1580 1878 1611; x_wconf 87' lang='grc'>8</span> <span class='ocrx_word' id='word_1_330' title='bbox 1893 1578 1939 1612; x_wconf 87' lang='lat' dir='ltr'><strong>ia-</strong></span> 
     </span>
     <span class='ocr_line' id='line_1_68' title="bbox 1186 1626 1936 1674; baseline -0.004 -11"><span class='ocrx_word' id='word_1_331' title='bbox 1186 1630 1287 1663; x_wconf 87' lang='lat' dir='ltr'><strong>nuarii</strong></span> <span class='ocrx_word' id='word_1_332' title='bbox 1319 1629 1391 1663; x_wconf 89' lang='lat' dir='ltr'><strong>anni</strong></span> <span class='ocrx_word' id='word_1_333' title='bbox 1427 1627 1599 1674; x_wconf 88' lang='lat' dir='ltr'><strong>sequentis.</strong></span> <span class='ocrx_word' id='word_1_334' title='bbox 1640 1626 1729 1661; x_wconf 87' lang='lat' dir='ltr'><strong>Sedit</strong></span> <span class='ocrx_word' id='word_1_335' title='bbox 1770 1626 1876 1672; x_wconf 87' lang='lat' dir='ltr'><strong>itaque</strong></span> <span class='ocrx_word' id='word_1_336' title='bbox 1906 1627 1936 1660; x_wconf 90' lang='lat' dir='ltr'><strong>in</strong></span> 
     </span>
     <span class='ocr_line' id='line_1_69' title="bbox 1185 1676 1938 1726; baseline -0.005 -13"><span class='ocrx_word' id='word_1_337' title='bbox 1185 1679 1368 1726; x_wconf 82' lang='lat' dir='ltr'><strong>pontificatu</strong></span> <span class='ocrx_word' id='word_1_338' title='bbox 1392 1689 1408 1711; x_wconf 87' lang='lat' dir='ltr'><strong>a</strong></span> <span class='ocrx_word' id='word_1_339' title='bbox 1431 1677 1481 1710; x_wconf 88' lang='lat' dir='ltr'><strong>die</strong></span> <span class='ocrx_word' id='word_1_340' title='bbox 1503 1676 1716 1711; x_wconf 87' lang='lat' dir='ltr'><strong>coronationis</strong></span> <span class='ocrx_word' id='word_1_341' title='bbox 1737 1687 1812 1710; x_wconf 88' lang='lat' dir='ltr'><strong>suae</strong></span> <span class='ocrx_word' id='word_1_342' title='bbox 1838 1687 1938 1710; x_wconf 87' lang='lat' dir='ltr'><strong>annos</strong></span> 
     </span>
     <span class='ocr_line' id='line_1_70' title="bbox 1186 1724 1937 1772; baseline -0.005 -10"><span class='ocrx_word' id='word_1_343' title='bbox 1186 1740 1244 1767; x_wconf 75' lang='lat' dir='ltr'><strong>vn,</strong></span> <span class='ocrx_word' id='word_1_344' title='bbox 1268 1739 1368 1761; x_wconf 83' lang='lat' dir='ltr'><strong>mens.</strong></span> <span class='ocrx_word' id='word_1_345' title='bbox 1392 1738 1442 1765; x_wconf 83' lang='lat'><em>111,</em></span> <span class='ocrx_word' id='word_1_346' title='bbox 1469 1726 1643 1772; x_wconf 86' lang='lat' dir='ltr'><strong>imperante</strong></span> <span class='ocrx_word' id='word_1_347' title='bbox 1670 1725 1700 1758; x_wconf 89' lang='lat' dir='ltr'><strong>in</strong></span> <span class='ocrx_word' id='word_1_348' title='bbox 1720 1724 1851 1759; x_wconf 87' lang='lat' dir='ltr'><strong>Oriente</strong></span> <span class='ocrx_word' id='word_1_349' title='bbox 1877 1724 1937 1759; x_wconf 84' lang='lat' dir='ltr'><strong>An-</strong></span> 
     </span>
     <span class='ocr_line' id='line_1_71' title="bbox 1185 1773 1940 1820; baseline -0.004 -10"><span class='ocrx_word' id='word_1_350' title='bbox 1185 1777 1314 1811; x_wconf 86' lang='lat' dir='ltr'><strong>dronico</strong></span> <span class='ocrx_word' id='word_1_351' title='bbox 1343 1776 1464 1810; x_wconf 86' lang='lat' dir='ltr'><strong>iuniore</strong></span> <span class='ocrx_word' id='word_1_352' title='bbox 1497 1775 1698 1820; x_wconf 86' lang='lat' dir='ltr'><strong>imperatore.</strong></span> <span class='ocrx_word' id='word_1_353' title='bbox 1722 1773 1812 1808; x_wconf 84' lang='lat' dir='ltr'><strong>Obiit</strong></span> <span class='ocrx_word' id='word_1_354' title='bbox 1834 1774 1940 1820; x_wconf 91' lang='lat' dir='ltr'><strong>siqui-</strong></span> 
     </span>
     <span class='ocr_line' id='line_1_72' title="bbox 1185 1823 1939 1871; baseline -0.005 -11"><span class='ocrx_word' id='word_1_355' title='bbox 1185 1827 1256 1860; x_wconf 87' lang='lat' dir='ltr'><strong>dem</strong></span> <span class='ocrx_word' id='word_1_356' title='bbox 1288 1826 1452 1860; x_wconf 80' lang='lat' dir='ltr'><strong>Avenioue</strong></span> <span class='ocrx_word' id='word_1_357' title='bbox 1488 1824 1537 1858; x_wconf 86' lang='lat' dir='ltr'><strong>die</strong></span> <span class='ocrx_word' id='word_1_358' title='bbox 1567 1825 1614 1858; x_wconf 72' lang='lat'><strong>25</strong></span> <span class='ocrx_word' id='word_1_359' title='bbox 1646 1823 1755 1871; x_wconf 83' lang='lat' dir='ltr'><strong>aprilis</strong></span> <span class='ocrx_word' id='word_1_360' title='bbox 1787 1825 1880 1857; x_wconf 34' lang='lat'><strong>&#39;1542</strong></span> <span class='ocrx_word' id='word_1_361' title='bbox 1909 1831 1939 1857; x_wconf 90' lang='lat' dir='ltr'><strong>et</strong></span> 
     </span>
     <span class='ocr_line' id='line_1_73' title="bbox 1185 1872 1940 1923; baseline -0.005 -13"><span class='ocrx_word' id='word_1_362' title='bbox 1185 1876 1329 1923; x_wconf 81' lang='lat' dir='ltr'><strong>sepultus</strong></span> <span class='ocrx_word' id='word_1_363' title='bbox 1353 1883 1400 1910; x_wconf 89' lang='lat' dir='ltr'><strong>est</strong></span> <span class='ocrx_word' id='word_1_364' title='bbox 1427 1876 1457 1909; x_wconf 92' lang='lat' dir='ltr'><strong>in</strong></span> <span class='ocrx_word' id='word_1_365' title='bbox 1488 1874 1621 1909; x_wconf 79' lang='lat' dir='ltr'><strong>ecclesia</strong></span> <span class='ocrx_word' id='word_1_366' title='bbox 1656 1872 1838 1908; x_wconf 88' lang='lat' dir='ltr'><strong>cathedrali.</strong></span> <span class='ocrx_word' id='word_1_367' title='bbox 1863 1873 1940 1907; x_wconf 88' lang='lat' dir='ltr'><strong>Post</strong></span> 
     </span>
     <span class='ocr_line' id='line_1_74' title="bbox 1185 1922 1913 1965; baseline -0.008 -5"><span class='ocrx_word' id='word_1_368' title='bbox 1185 1927 1254 1960; x_wconf 90' lang='lat' dir='ltr'><strong>eius</strong></span> <span class='ocrx_word' id='word_1_369' title='bbox 1278 1933 1410 1960; x_wconf 87' lang='lat' dir='ltr'><strong>mortem</strong></span> <span class='ocrx_word' id='word_1_370' title='bbox 1435 1924 1553 1959; x_wconf 87' lang='lat' dir='ltr'><strong>vacavit</strong></span> <span class='ocrx_word' id='word_1_371' title='bbox 1584 1923 1675 1958; x_wconf 88' lang='lat' dir='ltr'><strong>sedes</strong></span> <span class='ocrx_word' id='word_1_372' title='bbox 1698 1922 1765 1957; x_wconf 86' lang='lat' dir='ltr'><strong>dies</strong></span> <span class='ocrx_word' id='word_1_373' title='bbox 1793 1934 1828 1956; x_wconf 78' lang='grc' dir='ltr'><strong>Χι</strong></span> <span class='ocrx_word' id='word_1_374' title='bbox 1856 1923 1913 1965; x_wconf 69' lang='lat' dir='ltr'><strong>(l).</strong></span> 
     </span>
    </p>
   </div>
   <div class='ocr_carea' id='block_1_17' title="bbox 1455 2007 1610 2016">
    <p class='ocr_par' dir='ltr' id='par_1_20' title="bbox 1455 2007 1610 2016">
     <span class='ocr_line' id='line_1_75' title="bbox 1455 2007 1610 2016; baseline -0.006 -2"><span class='ocrx_word' id='word_1_375' title='bbox 1455 2007 1610 2016; x_wconf 69' lang='lat'><strong>,-—.-..</strong></span> 
     </span>
    </p>
   </div>
   <div class='ocr_carea' id='block_1_18' title="bbox 1538 2065 1560 2099">
    <p class='ocr_par' dir='ltr' id='par_1_21' title="bbox 1538 2065 1560 2099">
     <span class='ocr_line' id='line_1_76' title="bbox 1538 2065 1560 2099; baseline -0.045 0"><span class='ocrx_word' id='word_1_376' title='bbox 1538 2065 1560 2099; x_wconf 88' lang='lat' dir='ltr'><strong>l.</strong></span> 
     </span>
    </p>
   </div>
   <div class='ocr_carea' id='block_1_19' title="bbox 1189 2137 1939 2233">
    <p class='ocr_par' dir='ltr' id='par_1_22' title="bbox 1189 2137 1939 2233">
     <span class='ocr_line' id='line_1_77' title="bbox 1189 2137 1939 2184; baseline -0.007 -10"><span class='ocrx_word' id='word_1_377' title='bbox 1189 2141 1365 2174; x_wconf 77' lang='lat' dir='ltr'><strong>Benedictus</strong></span> <span class='ocrx_word' id='word_1_378' title='bbox 1388 2140 1545 2184; x_wconf 76' lang='lat' dir='ltr'><strong>praelatos</strong></span> <span class='ocrx_word' id='word_1_379' title='bbox 1570 2138 1777 2171; x_wconf 79' lang='lat' dir='ltr'><strong>Ecclesiarnm</strong></span> <span class='ocrx_word' id='word_1_380' title='bbox 1800 2137 1939 2170; x_wconf 75' lang='lat' dir='ltr'><strong>certiores</strong></span> 
     </span>
     <span class='ocr_line' id='line_1_78' title="bbox 1204 2187 1937 2233; baseline -0.007 -10"><span class='ocrx_word' id='word_1_381' title='bbox 1204 2192 1280 2233; x_wconf 73' lang='lat' dir='ltr'><strong>fucit</strong></span> <span class='ocrx_word' id='word_1_382' title='bbox 1301 2191 1336 2222; x_wconf 82' lang='lat' dir='ltr'><strong>de</strong></span> <span class='ocrx_word' id='word_1_383' title='bbox 1362 2190 1411 2222; x_wconf 75' lang='lat' dir='ltr'><strong>sui</strong></span> <span class='ocrx_word' id='word_1_384' title='bbox 1435 2189 1576 2221; x_wconf 76' lang='lat' dir='ltr'><strong>electione</strong></span> <span class='ocrx_word' id='word_1_385' title='bbox 1603 2189 1635 2220; x_wconf 77' lang='lat' dir='ltr'><strong>iit</strong></span> <span class='ocrx_word' id='word_1_386' title='bbox 1671 2187 1845 2230; x_wconf 67' lang='lat' dir='ltr'><strong>Pontificem</strong></span> <span class='ocrx_word' id='word_1_387' title='bbox 1876 2187 1937 2227; x_wconf 75' lang='lat'><em>(2).</em></span> 
     </span>
    </p>
   </div>
   <div class='ocr_carea' id='block_1_20' title="bbox 1186 2266 1941 2409">
    <p class='ocr_par' dir='ltr' id='par_1_23' title="bbox 1186 2266 1941 2409">
     <span class='ocr_line' id='line_1_79' title="bbox 1453 2266 1665 2297; baseline -0.009 0"><span class='ocrx_word' id='word_1_388' title='bbox 1453 2266 1665 2297; x_wconf 79' lang='lat' dir='ltr'><strong>SUMMARlUM</strong></span> 
     </span>
     <span class='ocr_line' id='line_1_80' title="bbox 1186 2334 1941 2372; baseline -0.007 -7"><span class='ocrx_word' id='word_1_389' title='bbox 1186 2336 1341 2365; x_wconf 70' lang='lat' dir='ltr'><strong>Exordium</strong></span> <span class='ocrx_word' id='word_1_390' title='bbox 1373 2345 1386 2363; x_wconf 82' lang='lat' dir='ltr'><strong>a</strong></span> <span class='ocrx_word' id='word_1_391' title='bbox 1418 2335 1513 2363; x_wconf 79' lang='lat' dir='ltr'><strong>divina</strong></span> <span class='ocrx_word' id='word_1_392' title='bbox 1539 2334 1718 2372; x_wconf 66' lang='lat' dir='ltr'><strong>providentia</strong></span> <span class='ocrx_word' id='word_1_393' title='bbox 1743 2334 1877 2371; x_wconf 82' lang='lat' dir='ltr'><strong>petitum.</strong></span> <span class='ocrx_word' id='word_1_394' title='bbox 1903 2348 1941 2354; x_wconf 88' lang='lat'><em>-</em></span> 
     </span>
     <span class='ocr_line' id='line_1_81' title="bbox 1232 2376 1937 2409; baseline -0.004 0"><span class='ocrx_word' id='word_1_395' title='bbox 1232 2382 1253 2409; x_wconf 92' lang='lat' dir='ltr'><strong>l.</strong></span> <span class='ocrx_word' id='word_1_396' title='bbox 1273 2379 1378 2408; x_wconf 80' lang='lat' dir='ltr'><strong>Suaad</strong></span> <span class='ocrx_word' id='word_1_397' title='bbox 1397 2379 1551 2408; x_wconf 75' lang='lat' dir='ltr'><strong>Summum</strong></span> <span class='ocrx_word' id='word_1_398' title='bbox 1572 2377 1676 2407; x_wconf 79' lang='lat' dir='ltr'><strong>Pontis.</strong></span> <span class='ocrx_word' id='word_1_399' title='bbox 1704 2377 1818 2406; x_wconf 87' lang='lat' dir='ltr'><strong>electio.</strong></span> <span class='ocrx_word' id='word_1_400' title='bbox 1846 2394 1884 2399; x_wconf 91' lang='lat'>—</span> <span class='ocrx_word' id='word_1_401' title='bbox 1910 2376 1937 2406; x_wconf 74' lang='lat'><strong>⁶2.</strong></span> 
     </span>
    </p>
   </div>
   <div class='ocr_carea' id='block_1_21' title="bbox 1226 2421 1940 2589">
    <p class='ocr_par' dir='ltr' id='par_1_24' title="bbox 1226 2421 1940 2589">
     <span class='ocr_line' id='line_1_82' title="bbox 1227 2421 1940 2454; baseline -0.006 0"><span class='ocrx_word' id='word_1_402' title='bbox 1227 2425 1382 2454; x_wconf 85' lang='lat' dir='ltr'><strong>Humiliter</strong></span> <span class='ocrx_word' id='word_1_403' title='bbox 1395 2424 1429 2453; x_wconf 89' lang='lat' dir='ltr'><strong>de</strong></span> <span class='ocrx_word' id='word_1_404' title='bbox 1443 2433 1474 2453; x_wconf 88' lang='lat' dir='ltr'><strong>se</strong></span> <span class='ocrx_word' id='word_1_405' title='bbox 1487 2424 1575 2452; x_wconf 79' lang='lat' dir='ltr'><strong>sentit</strong></span> <span class='ocrx_word' id='word_1_406' title='bbox 1586 2422 1775 2452; x_wconf 85' lang='lat' dir='ltr'><strong>Benedictus:</strong></span> <span class='ocrx_word' id='word_1_407' title='bbox 1788 2438 1826 2444; x_wconf 93' lang='lat'>—</span> <span class='ocrx_word' id='word_1_408' title='bbox 1836 2421 1940 2451; x_wconf 86' lang='lat' dir='ltr'><strong>Suam-</strong></span> 
     </span>
     <span class='ocr_line' id='line_1_83' title="bbox 1226 2467 1940 2508; baseline -0.006 -10"><span class='ocrx_word' id='word_1_409' title='bbox 1226 2479 1282 2508; x_wconf 84' lang='lat' dir='ltr'><strong>que</strong></span> <span class='ocrx_word' id='word_1_410' title='bbox 1305 2469 1424 2506; x_wconf 84' lang='lat' dir='ltr'><strong>exponit</strong></span> <span class='ocrx_word' id='word_1_411' title='bbox 1451 2468 1479 2497; x_wconf 91' lang='lat' dir='ltr'><strong>in</strong></span> <span class='ocrx_word' id='word_1_412' title='bbox 1500 2467 1557 2496; x_wconf 88' lang='lat' dir='ltr'><strong>Deo</strong></span> <span class='ocrx_word' id='word_1_413' title='bbox 1578 2467 1715 2496; x_wconf 83' lang='lat' dir='ltr'><strong>fiduciam</strong></span> <span class='ocrx_word' id='word_1_414' title='bbox 1740 2467 1875 2504; x_wconf 85' lang='lat' dir='ltr'><strong>positam.</strong></span> <span class='ocrx_word' id='word_1_415' title='bbox 1902 2483 1940 2487; x_wconf 88' lang='lat'><strong>--</strong></span> 
     </span>
     <span class='ocr_line' id='line_1_84' title="bbox 1226 2509 1938 2549; baseline -0.006 -7"><span class='ocrx_word' id='word_1_416' title='bbox 1226 2515 1253 2543; x_wconf 80' lang='lat'><strong>3.</strong></span> <span class='ocrx_word' id='word_1_417' title='bbox 1266 2513 1392 2548; x_wconf 74' lang='lat' dir='ltr'><strong>Fideles,</strong></span> <span class='ocrx_word' id='word_1_418' title='bbox 1407 2511 1574 2541; x_wconf 80' lang='lat' dir='ltr'><strong>uthumiles</strong></span> <span class='ocrx_word' id='word_1_419' title='bbox 1591 2511 1625 2540; x_wconf 84' lang='lat' dir='ltr'><strong>ad</strong></span> <span class='ocrx_word' id='word_1_420' title='bbox 1643 2510 1732 2540; x_wconf 90' lang='lat' dir='ltr'><strong>Deum</strong></span> <span class='ocrx_word' id='word_1_421' title='bbox 1751 2519 1852 2549; x_wconf 79' lang='lat' dir='ltr'><strong>preces</strong></span> <span class='ocrx_word' id='word_1_422' title='bbox 1869 2509 1938 2539; x_wconf 78' lang='lat' dir='ltr'><strong>fun-</strong></span> 
     </span>
     <span class='ocr_line' id='line_1_85' title="bbox 1226 2558 1501 2589; baseline -0.004 -3"><span class='ocrx_word' id='word_1_423' title='bbox 1226 2558 1304 2589; x_wconf 85' lang='lat' dir='ltr'><strong>dant.</strong></span> <span class='ocrx_word' id='word_1_424' title='bbox 1324 2559 1501 2587; x_wconf 76' lang='lat' dir='ltr'><strong>cohortatur.</strong></span> 
     </span>
    </p>
   </div>
   <div class='ocr_carea' id='block_1_22' title="bbox 1221 2615 1938 2653">
    <p class='ocr_par' dir='ltr' id='par_1_25' title="bbox 1221 2615 1938 2653">
     <span class='ocr_line' id='line_1_86' title="bbox 1221 2615 1938 2653; baseline -0.006 -8"><span class='ocrx_word' id='word_1_425' title='bbox 1221 2619 1260 2653; x_wconf 76' lang='lat'><strong>(1)</strong></span> <span class='ocrx_word' id='word_1_426' title='bbox 1296 2619 1415 2645; x_wconf 80' lang='lat' dir='ltr'><strong>Exclusis</strong></span> <span class='ocrx_word' id='word_1_427' title='bbox 1440 2618 1576 2645; x_wconf 79' lang='lat' dir='ltr'><strong>extremis.</strong></span> <span class='ocrx_word' id='word_1_428' title='bbox 1617 2617 1656 2651; x_wconf 51' lang='grc' dir='ltr'><strong>(ἢ)</strong></span> <span class='ocrx_word' id='word_1_429' title='bbox 1689 2617 1724 2643; x_wconf 83' lang='lat' dir='ltr'><strong>Ex</strong></span> <span class='ocrx_word' id='word_1_430' title='bbox 1747 2615 1875 2650; x_wconf 79' lang='lat' dir='ltr'><strong>Raynald.</strong></span> <span class='ocrx_word' id='word_1_431' title='bbox 1907 2615 1938 2641; x_wconf 84' lang='lat' dir='ltr'><strong>ad</strong></span> 
     </span>
    </p>
   </div>
   <div class='ocr_carea' id='block_1_23' title="bbox 1186 2658 1463 2693">
    <p class='ocr_par' dir='ltr' id='par_1_26' title="bbox 1186 2658 1463 2693">
     <span class='ocr_line' id='line_1_87' title="bbox 1186 2658 1463 2693; baseline -0.011 -7"><span class='ocrx_word' id='word_1_432' title='bbox 1186 2667 1284 2686; x_wconf 78' lang='lat' dir='ltr'><strong>annum</strong></span> <span class='ocrx_word' id='word_1_433' title='bbox 1307 2659 1381 2689; x_wconf 60' lang='lat'><strong>15:51⁶,</strong></span> <span class='ocrx_word' id='word_1_434' title='bbox 1402 2658 1418 2693; x_wconf 64' lang='lat' dir='ltr'>g</span> <span class='ocrx_word' id='word_1_435' title='bbox 1438 2658 1463 2683; x_wconf 82' lang='lat'><strong>3.</strong></span> 
     </span>
    </p>
   </div>
   <div class='ocr_carea' id='block_1_24' title="bbox 1943 286 2127 314">
    <p class='ocr_par' dir='ltr' id='par_1_27' title="bbox 1943 286 2127 314">
     <span class='ocr_line' id='line_1_88' title="bbox 1943 286 2127 314; baseline -0.005 0"><span class='ocrx_word' id='word_1_436' title='bbox 1943 287 1992 314; x_wconf 76' lang='lat' dir='ltr'><strong>An.</strong></span> <span class='ocrx_word' id='word_1_437' title='bbox 2011 286 2039 314; x_wconf 91' lang='lat' dir='ltr'><strong>C.</strong></span> <span class='ocrx_word' id='word_1_438' title='bbox 2060 287 2127 313; x_wconf 75' lang='grc'><strong>1554</strong></span> 
     </span>
    </p>
   </div>
  </div>
 </body>
</html>
