2274 3265
105 280 154 308 An.
169 281 196 308 Cr
217 280 284 307 ¹275

921 283 1104 308 GREGontrs
1128 286 1146 308 X
1171 287 1217 309 ΙΨ.

302 336 477 381 infirmitas,
513 345 541 372 et
565 350 674 373 omnes
696 337 732 373 ad
761 337 838 372 haec
872 337 1047 375 desuetudo

304 386 405 421 reddit
450 387 616 429 inhabiles,
651 388 838 436 exponimus
885 400 945 423 non
979 390 1047 424 sine

304 449 405 472 rerum
430 437 616 484 dispendiis,
635 449 715 485 quae
738 437 823 483 quasi
852 450 908 485 pro
947 438 1048 473 nihilo

303 486 459 529 ducimus,
482 499 543 522 non
566 488 634 522 sine
657 486 893 522 discriminibus
933 500 1050 535 corpo—

304 549 383 576 rum,
403 548 482 585 quae
500 550 560 572 non
580 536 669 572 facile
688 544 947 572 contemnuntur.
964 538 1049 573 Haec

303 594 333 620 et
348 586 416 632 alia,
431 598 510 634 quae
526 599 586 621 non
612 595 716 635 posset
738 587 920 622 succinctus
945 600 1049 623 sermo

305 649 497 683 percurrere,
525 638 555 672 in
580 637 719 685 partibus
740 637 807 672 istis
845 637 946 673 locum
983 638 1050 672 hu-

304 687 437 724 iusmodi
465 687 644 734 eligendum
671 686 861 722 concludere
899 687 1050 723 videban-

303 746 361 773 tur.
387 737 471 772 Dum
499 749 545 779 ea,
565 749 645 784 quae
672 737 703 771 in
729 736 840 772 eodem
865 746 937 773 sunt
959 750 1049 785 agen·

303 788 340 823 da
374 786 535 827 concilio,
560 786 751 822 contrarium
783 786 980 832 suadebant,
1020 796 1049 822 et

302 837 480 885 specialiter
521 836 682 882 negotium
734 835 849 871 Terrae
890 836 1049 881 Sanctae,

302 899 394 934 quam
431 886 506 921 dum
543 885 682 921 Creatori
719 886 860 921 omnium
897 886 1048 921 cariorem

302 936 446 971 omnibus
468 935 629 982 Scriptura
652 935 813 975 describit,
848 935 921 970 satis
945 944 1050 983 aperte

302 985 428 1029 indicat,
452 985 646 1020 carissimam
675 984 883 1032 proculdubio
905 997 921 1019 a
960 984 1050 1020 nobis

302 1034 489 1070 habendam:
514 1046 585 1069 cum
610 1034 718 1078 soleat,
742 1033 825 1081 quod
849 1042 895 1069 est
919 1034 948 1069 in
988 1047 1049 1069 su-

303 1085 433 1130 perioris
452 1092 622 1131 conspectu
652 1084 871 1131 praestantius,
906 1084 937 1118 in
973 1084 1050 1118 sub-

303 1134 438 1168 ditorum
481 1133 684 1168 extimatione
727 1141 894 1180 praestare.
930 1133 1049 1168 Adiicit

304 1183 432 1229 insuper
454 1182 677 1217 beneficiorum
707 1182 930 1223 consideratio,
968 1195 1049 1229 quae

304 1232 377 1266 inibi
406 1232 544 1266 humano
570 1231 676 1278 generi
708 1231 746 1265 de
776 1231 901 1266 divinae
937 1244 1050 1278 super-

302 1281 493 1316 abundantia
516 1281 631 1328 gratiae
655 1280 861 1315 obvenerunt.
885 1280 1046 1328 Siquidem

302 1330 442 1365 Salvator
462 1331 602 1365 omnium
626 1338 773 1377 operatus
795 1338 841 1365 est
881 1331 911 1364 iu
946 1331 1048 1365 medio

303 1379 386 1414 illius
408 1387 507 1414 terrae
529 1379 673 1419 salutem,
701 1380 740 1413 ibi
768 1381 901 1426 sumpsit
934 1392 1048 1426 corpo-

302 1428 376 1464 ralis
402 1429 569 1464 nativitatis
591 1429 727 1469 initium3
762 1429 801 1463 ibi
837 1431 1048 1464 conversatio-

304 1479 351 1512 nis
379 1479 533 1513 humanae
562 1478 693 1513 deduxit
716 1487 867 1526 tempora3
904 1479 944 1514 ibi
981 1489 1048 1525 post

303 1528 470 1575 probrosae
491 1529 644 1575 passionis
665 1528 829 1575 opprobria
855 1541 909 1576 pro
929 1529 1049 1564 redem-

303 1578 408 1624 ptione
436 1587 541 1613 nostra
563 1587 694 1612 mortem
715 1578 809 1612 subiit
832 1579 1047 1624 temporalem,

302 1636 329 1660 et
359 1628 405 1662 sui
449 1628 573 1674 pretiosi
608 1628 761 1662 effusione
801 1628 921 1662 cruoris
960 1638 1048 1664 vetus

304 1677 459 1723 piaculum
488 1678 632 1724 expiavit.
660 1677 820 1725 Numquid
857 1678 949 1725 igitur
985 1691 1045 1714 non

302 1726 485 1774 contingent
519 1727 752 1774 redemptorum
771 1728 864 1763 corda
894 1729 1045 1763 immensa

302 1786 330 1810 et
360 1776 598 1812 innumerabilia
631 1778 779 1812 beneficia
807 1777 1048 1825 Redemptoris‘?

303 1826 455 1874 numquid
473 1840 535 1861 non
550 1827 723 1862 accendent
738 1828 891 1875 cuiusque
907 1840 1047 1874 praecor-

302 1875 365 1916 dia,
380 1884 414 1910 ut
433 1877 490 1924 ipsi
514 1889 568 1923 pro
585 1884 639 1917 tot,
654 1889 733 1924 quae
749 1877 840 1912 nobis
855 1877 975 1922 tribuit
986 1877 1046 1912 hoc

302 1925 411 1960 saltem
431 1926 625 1960 necessitatis
641 1934 779 1972 tempore
795 1927 933 1974 aliquid
928 1939 1047 1974 impen-

303 1973 423 2010 damus:
447 1974 521 2009 dum
556 1975 666 2010 Crucis
700 1976 816 2021 hostes,
850 1975 1044 2011 Crucifixum

305 2023 454 2059 habentes
481 2026 630 2069 ostentui,
649 2024 786 2059 cultores
824 2026 922 2073 ipsius
962 2026 1046 2060 chri-

302 2073 392 2107 stiani
420 2075 557 2108 nominis
604 2073 818 2121 professores,
863 2084 895 2111 ut
929 2073 1044 2110 Christi

301 2122 419 2158 cultum
448 2123 486 2157 de
514 2131 592 2158 terra
615 2123 750 2160 deleant,
774 2124 965 2159 incessanter
991 2137 1046 2159 ex-

303 2173 468 2207 terminant
490 2181 519 2207 et
542 2172 740 2217 conculcant,
765 2174 848 2221 ipsos
876 2174 1045 2209 debilitan-

302 2228 348 2255 tes
375 2221 503 2264 viribus,
527 2230 731 2258 extenuantes
758 2224 882 2279 opibus,
923 2232 952 2258 et
991 2237 1045 2259 eo-

305 2282 369 2304 rum
394 2270 488 2306 facies
510 2273 691 2319 replentes'
685 2274 867 2319 ignominia,
897 2274 1044 2321 ipsosque

303 2319 433 2355 diversis
454 2322 690 2357 contusionibus
705 2330 878 2358 satursante
886 2323 961 2357 .⁹Ad
986 2325 1045 2358 iin-

302 2369 453 2405 dicandas
493 2371 597 2418 itaque
628 2372 848 2418 Redemptoris
889 2374 1042 2412 iniurias

302 2431 335 2453 ac
359 2419 539 2454 redimenda
564 2422 789 2467 ignominiosae
826 2424 1044 2458 conculcatio-

302 2469 348 2503 nis
361 2471 528 2517 opprohria
548 2471 577 2505 in
600 2472 782 2518 redemptis,
806 2482 945 2508 nostrum
963 2475 1043 2508 circa

301 2518 427 2554 Terram
451 2521 591 2555 eamdem
620 2520 776 2557 Creatoris
815 2523 1045 2559 conformantes

301 2569 435 2610 affectui,
464 2582 498 2604 ac
514 2570 614 2604 debita
644 2572 843 2607 meditatione
867 2581 1044 2619 pensantes,

301 2619 384 2665 quod
408 2620 549 2654 eiusdem
572 2619 686 2655 Terrae
718 2621 894 2656 subsidium
925 2624 1044 2669 praeci-

301 2680 362 2715 pue
387 2669 424 2703 ‹le
452 2670 629 2717 principum
653 2678 682 2704 et
717 2670 926 2717 praelatorum
968 2685 1046 2719 pen-

381 2725 454 2755 Butt.
481 2725 555 2756 Rom.
584 2726 637 2756 t‘ot,
658 2727 702 2755 lt.
887 2728 904 2757 3

1744 278 1787 311 47

1090 341 1159 376 deat
1180 342 1308 383 auxilio,
1336 355 1416 389 quos
1438 344 1646 380 ultramontes
1677 345 1834 381 credimus

1090 392 1257 427 convenire
1286 404 1376 439 posse
1412 394 1624 440 commodius,
1661 395 1836 431 exinanivi-

1092 453 1160 476 mus
1199 443 1419 498 nosmetipsos:
1463 452 1492 478 et
1527 444 1585 478 sub
1632 457 1687 492 spe
1729 446 1837 487 Illius,

1091 491 1143 537 qui
1166 491 1217 526 dat
1246 492 1329 539 lapso
1352 493 1517 535 virtutem,
1548 494 1740 531 debilitatem
1779 508 1838 531 no-

1091 549 1183 575 stram
1207 543 1455 589 contempsimus
1482 521 1540 578 siib
1572 543 1674 591 lpsius
1701 545 1838 591 fiducia,

1090 591 1141 637 qui
1170 591 1208 626 de
1236 604 1288 626 sna
1321 593 1532 628 misericordia
1569 608 1625 630 nos
1660 596 1837 636 confortat,

1091 641 1173 688 quod
1203 642 1437 686 intendimus,
1432 656 1460 677 tn
1485 656 1521 678 eo
1545 657 1635 691 posse
1662 654 1836 693 sperantes,

1093 692 1350 739 parvipendimus
1373 706 1479 734 onera,
1508 695 1628 730 labores
1660 695 1839 730 considera-

1092 742 1174 777 tione
1197 742 1395 787 cahaiimus,
1424 753 1453 779 et
1487 745 1619 780 caeteris
1651 745 1769 781 nostris
1803 758 1838 781 ac

1091 792 1219 827 fratrum
1249 771 1427 828 nostrortim
1461 794 1772 830 incommoditatibus
1808 795 1836 829 in

1091 843 1230 878 eiusdem
1289 843 1548 880 considerationis
1607 844 1838 880 examinatione

1092 894 1284 940 postpositis,
1317 901 1349 927 ut
1372 893 1548 940 principum
1578 901 1607 928 et
1630 894 1837 940 praelatorum

1091 943 1272 978 eorumdem
1298 942 1416 977 facilius
1444 944 1603 990 possimus
1618 942 1733 979 habere
1752 955 1838 990 prae-

1091 993 1233 1032 sentiam,
1262 1004 1296 1026 ac
1311 991 1425 1026 Terrae
1459 992 1633 1039 praedictae
1656 992 1839 1027 subventio-

1090 1055 1161 1077 nem
1186 1041 1341 1077 efficacius
1364 1054 1560 1088 promovere,
1576 1042 1731 1078 civitatem
1751 1041 1839 1089 Lug-

1090 1092 1288 1130 dunensem,
1328 1102 1391 1137 quo
1439 1091 1514 1126 inibi
1554 1092 1722 1127 concilium
1765 1103 1837 1126 cum

1090 1142 1196 1176 maiori
1225 1140 1449 1175 commoditate
1471 1141 1646 1185 conveniat,
1678 1141 1716 1176 de
1753 1141 1838 1187 ipso-

1091 1204 1158 1225 rum
1184 1191 1311 1225 fratrum
1330 1190 1460 1224 consilio
1480 1190 1627 1225 duximus
1648 1190 1837 1237 eligendam3

1090 1241 1173 1287 quod
1199 1240 1287 1274 robis
1310 1248 1419 1274 tenore
1447 1240 1658 1287 praesentium
1690 1241 1840 1275 nuncian-

1090 1298 1159 1330 tes,
1203 1297 1435 1324 untverSttatem
1476 1298 1608 1325 vestram
1648 1302 1837 1331 monemus,

1090 1352 1237 1386 rogamus
1259 1347 1288 1374 et
1311 1338 1472 1373 hortamur
1504 1340 1534 1374 in
1574 1338 1722 1383 Domino,
1760 1351 1838 1387 apo-

1089 1389 1196 1424 stolica
1215 1388 1303 1423 robis
1326 1388 1531 1423 nihilominus
1553 1389 1735 1424 auctoritate
1755 1402 1840 1424 man-

1089 1438 1220 1482 dantes,
1251 1446 1408 1485 quateuus
1449 1438 1477 1472 iu
1519 1437 1675 1485 praedicta
1713 1439 1836 1474 civitate

1089 1488 1278 1535 Lugtlunen.
1307 1488 1390 1522 iuxta
1432 1488 1656 1535 praescriptam
1691 1500 1745 1535 per
1784 1501 1838 1523 su-

1090 1539 1246 1584 pradictas
1269 1537 1373 1572 literas
1393 1545 1513 1572 nostras
1528 1537 1657 1572 formam
1676 1538 1837 1582 studeatis,

1089 1589 1187 1629 omni,
1219 1599 1313 1635 quam
1345 1586 1534 1622 inevitabilis
1571 1588 1739 1622 necessitas
1773 1599 1835 1621 non

1089 1637 1218 1679 indicet,
1255 1637 1457 1672 excusatione
1486 1637 1672 1684 postposita,
1696 1637 1724 1672 in
1754 1650 1839 1685 prae-

1089 1688 1150 1722 fixo
1172 1700 1227 1736 per
1254 1687 1378 1723 easdem
1403 1687 1508 1722 literas
1540 1687 1675 1722 termino
1708 1699 1838 1735 compa-

1090 1750 1169 1772 rere.

1853 291 1903 318 An.
1921 291 1951 318 C.
1966 289 2031 317 ¹273

1137 1787 1251 1822 Datum
1279 1788 1366 1835 apud
1401 1787 1517 1823 Urbem
1558 1787 1703 1823 Veterem
1733 1786 1836 1822 idibus
1889 1778 1891 1781 .

1087 1836 1205 1885 aprilis,
1230 1837 1431 1885 pontificatus
1458 1850 1540 1873 anno
1562 1837 1711 1873 secundo.

1128 1900 1187 1931 Dat.
1210 1900 1256 1930 die
1277 1900 1310 1930 13
1328 1901 1432 1939 aprilis
1448 1900 1534 1937 1273,
1554 1900 1655 1940 pontif.
1676 1909 1752 1930 anno
1769 1909 1796 1929 ιι.

1445 2050 1480 2085 V.

1089 2124 1213 2156 Civitati·
1227 2124 1360 2157 Pt'sanae
1383 2124 1552 2156 restituitur
1573 2123 1836 2168 archiepiscopalis

1134 2174 1282 2217 dt'ym'tas,
1303 2185 1378 2218 qua.
1398 2173 1574 2206 Conradino
1597 2173 1751 2217 quondam
1770 2172 1836 2205 Fri<

1134 2223 1230 2256 clerici
1257 2224 1329 2256 olim
1354 2224 1547 2267 imperatoris
1581 2223 1682 2266 nepoti
1714 2221 1835 2256 adhae—

1134 2273 1238 2313 rendo,
1256 2274 1383 2317 privata
1409 2274 1507 2317 ficerat
1528 2273 1588 2314 (l).

1356 2352 1476 2382 Statua
1483 2350 1568 2381 Itlt'at

1088 2410 1253 2440 Exordium.
1268 2427 1306 2432 —
1323 2410 1348 2439 1.
1361 2408 1465 2439 Civitas
1485 2409 1587 2438 Pisana
1608 2418 1621 2437 a
1636 2407 1782 2438 Clemente
1799 2406 1832 2437 lv

1125 2456 1233 2494 quibus
1253 2455 1287 2485 de
1310 2455 1406 2484 causis
1430 2452 1672 2492 archiepiscopali
1696 2453 1834 2491 dignitate

1127 2502 1245 2539 privata.
1272 2517 1309 2522 —
1332 2500 1359 2529 52.
1385 2499 1498 2529 Pisanis
1530 2500 1626 2537 itaque
1652 2498 1832 2537 resipiscen-

1127 2544 1213 2579 tibus,
1234 2561 1271 2566 —
1287 2543 1313 2573 3.
1338 2543 1369 2572 Et
1389 2553 1402 2572 a
1427 2543 1561 2572 censuris
1589 2543 1702 2577 solutis,
1726 2543 1833 2573 civitati

1126 2593 1151 2617 et
1170 2588 1318 2617 Ecclesiae
1337 2588 1436 2617 eadem
1461 2588 1586 2625 dignitas
1605 2588 1777 2618 restituitur.
1795 2605 1834 2610 —

1124 2633 1151 2662 st.
1174 2632 1330 2662 Clausulae
1356 2633 1390 2662 acl
1419 2632 1582 2662 firmitatem
1606 2633 1833 2662 constitutionis.

1122 2690 1161 2724 (t)
1180 2690 1216 2715 Ex
1235 2690 1338 2724 Regest.
1357 2689 1440 2717 vt‘atic.
