2274 3265
211 262 258 286 Αιι.
278 261 304 286 C.
324 261 389 287 ¹1⁴⁹)ss

218 1059 344 1082 tini-ommis,
367 1063 387 1079 ut

204 1091 302 1111 bannitus
329 1098 389 1110 setia-

203 1124 243 1142 tori
275 1122 335 1141 Uni-n
351 1128 389 1147 pn-

203 1154 293 1173 nienilns

203 1185 258 1205 daut.
279 1185 388 1210 praeripit.

453 250 521 280 722

405 314 563 361 piaeheret
586 312 653 346 aliis
680 310 863 345 execrabilis
885 312 1018 356 exempli
1043 311 1149 357 perni-

404 365 482 396 riem
505 364 575 396 siue
602 374 720 408 poenae.
743 359 910 393 formidine
937 360 1048 394 similia
1079 371 1152 407 per-

405 411 557 459 petraudi.

451 462 471 507 g
504 466 529 494 l.
554 460 634 493 Cum
659 460 773 505 itaque,
801 459 881 493 sicut
904 458 963 492 lide
992 459 1083 504 digna
1109 471 1153 491 re-

360 522 363 534 ¹
405 512 519 545 latione
545 510 727 548 didicimus,
752 508 895 542 nonnulli
920 508 1063 548 barones,
1097 521 1151 554 po-

405 569 541 602 testates,
568 560 813 593 communitates
847 570 882 591 ac
921 557 971 591 alii
1001 557 1151 595 civitates,

403 610 515 656 oppida
532 637 541 652 ,
568 618 684 647 castra,
710 608 875 646 tornatilia,
904 616 999 641 terras
1032 615 1059 640 et
1094 607 1151 640 alia

403 661 467 693 lora
489 670 707 706 quaecumque
730 658 908 691 obtinentes
930 670 984 690 seu
1009 663 1152 702 regentes

402 718 453 742 aut
483 707 709 746 custodientes,
745 706 921 741 homicidas
948 707 1041 740 etiam
1076 718 1152 738 con-

402 759 566 792 demnatos
598 766 755 803 receptare
778 765 819 793 et,
853 756 991 801 neglecta
1021 753 1150 796 iustitia,

404 810 431 841 iu
457 809 521 841 suis
544 807 740 841 libertatibus
762 806 927 840 confovere
948 811 1149 850 praesumant

404 860 432 891 in
458 857 648 904 reipublicae
672 856 838 890 laesionem
863 868 895 888 ac
912 853 1152 888 abhominabilis

403 907 541 940 oriminis
565 906 780 940 defensionem
805 913 833 938 et
858 903 1032 951 periculum
1054 902 1152 949 pluri-

403 969 536 990 morum.

452 1011 466 1049 ς’
488 1009 521 1039 2.
547 1005 611 1039 Nos
635 1004 741 1050 igitur,
769 1016 806 1037 ne
835 1003 991 1036 dictorum
1021 1000 1152 1035 homici-

404 1055 512 1089 darum
548 1054 704 1088 horrenda
736 1053 894 1087 temeritas
926 1050 1152 1098 quoquomodo

405 1113 539 1139 transeat
562 1103 728 1150 impunita,
755 1111 784 1136 et
812 1103 877 1135 siue
914 1101 1049 1135 vindicta
1082 1112 1152 1133 crc-

356 1160 389 1172 ¹·¹‘
405 1163 468 1189 scat
490 1154 617 1188 audacia
642 1152 844 1198 malignandi,
869 1160 899 1184 ut
917 1151 1025 1184 saltem
1050 1149 1154 1183 formi-

405 1204 477 1238 dine
514 1214 633 1250 poenae
671 1201 710 1236 ab
751 1200 931 1235 huiusmodi
969 1200 1152 1233 temeritatis

404 1253 531 1287 audacia
555 1252 781 1291 refraenentur,
797 1259 881 1284 tanto
900 1249 1038 1297 periculo
1055 1257 1154 1295 pater-

404 1316 460 1336 nae
477 1302 699 1336 sollicitudinis
714 1301 820 1334 studio
837 1312 1002 1334 occurrere
1024 1299 1154 1344 cupien-

404 1361 472 1395 tes,
515 1353 659 1386 volumus
698 1359 727 1384 et
760 1350 944 1384 auctoritate
984 1348 1152 1395 apostolica

403 1411 510 1435 tenore
539 1400 751 1448 praesentium
780 1400 958 1437 statuimus,
986 1397 1154 1432 constitui-

402 1465 472 1485 mus
495 1460 524 1485 et
547 1451 638 1484 etiam
663 1450 857 1492 ordinamus,
885 1448 968 1495 quod
998 1459 1108 1481 omnes
1125 1456 1153 1480 et

401 1505 516 1551 singuli
541 1505 685 1544 barones,
706 1512 890 1550 potestates,
910 1502 1154 1536 communitates

400 1569 428 1593 et
456 1559 533 1593 aliae
570 1570 790 1605 quaecumque
819 1569 971 1604 personae
1003 1555 1154 1589 ecclesia-

401 1614 495 1647 sticae
519 1613 564 1647 vel
594 1613 771 1646 saeculares
793 1611 1022 1656 cuiuscumque
1049 1609 1155 1654 digni-

402 1668 484 1711 tatis,
517 1667 648 1713 gradus,
689 1674 788 1700 status
820 1674 847 1699 et
878 1664 1068 1698 conditionis
1103 1671 1153 1697 aut

400 1722 626 1766 cuiuscumque
657 1719 908 1765 praeeminentiae
935 1718 1068 1760 fuerint,
1091 1730 1155 1751 om-

404 1788 458 1807 nes
480 1784 510 1809 et
533 1774 672 1820 singulos
697 1773 880 1811 homicidas,
904 1784 958 1805 seu
987 1771 1025 1805 de
1049 1771 1154 1805 homi-

403 1829 485 1862 cidio
513 1829 670 1862 convictos
699 1827 745 1861 vel
785 1825 1036 1868 condemnatos,
1070 1837 1156 1871 qua-

403 1894 539 1929 cumque
561 1881 771 1915 ecclesiastica
795 1879 841 1913 vel
873 1879 1031 1913 mundana
1065 1892 1155 1925 prae-

403 1936 541 1982 fulgeant
560 1936 720 1981 dignitate,
749 1935 778 1968 in
809 1946 917 1968 eorum
950 1933 1154 1973 civitatibus,

403 1991 539 2037 oppidis,
567 1991 688 2033 castris,
716 1989 884 2032 fortalitiis,
908 1989 998 2023 terris
1033 1996 1060 2022 et
1088 1988 1156 2022 aliis

404 2046 480 2079 loris
513 2044 779 2091 quibuscumque,
808 2043 884 2077 infra
926 2042 1154 2089 quinquaginta

405 2099 547 2133 milliaria
582 2099 620 2132 ah
643 2097 727 2132 Urbe
764 2097 954 2136 constitutis,
993 2109 1008 2130 a
1032 2095 1155 2131 duobus

404 2154 493 2186 annis
516 2153 655 2200 proxime
685 2152 858 2198 praeteritis
881 2151 955 2185 citra
977 2159 1156 2197 -receptatos

404 2217 431 2241 et
457 2208 658 2253 imposterum
687 2205 893 2252 receptandos
914 2205 994 2251 capi,
1022 2204 1154 2238 detineri

404 2272 432 2296 ct
455 2261 633 2295 carceribus
661 2261 857 2307 mancipari,
891 2259 1023 2306 illosque
1059 2271 1153 2293 mauu

407 2317 474 2351 forti
497 2317 641 2350 detentos
663 2316 798 2349 senatori
821 2315 964 2349 eiusdem
989 2313 1085 2349 Urbis
1101 2327 1156 2361 pro

406 2380 545 2416 tempore.
573 2369 717 2403 existenti
741 2369 777 2403 ad
796 2381 922 2403 omuern
948 2368 1046 2414 ipsius
1070 2379 1156 2402 sena·

406 2425 480 2458 toris
509 2424 553 2458 vel
577 2424 704 2458 alterius
731 2424 800 2458 eius
823 2424 949 2458 nomine
974 2422 1156 2469 requisitio-

407 2492 476 2512 nem
502 2479 691 2525 praesentari
721 2486 907 2525 procurent,
943 2477 995 2524 qui
1019 2485 1154 2517 senator,

407 2534 429 2565 si
453 2532 643 2567 homicidam
668 2532 863 2579 praedictum
900 2531 1050 2565 clericum
1086 2543 1155 2565 esse

406 2587 583 2632 contigerit,
605 2600 676 2621 eum
700 2586 737 2621 ad
762 2587 897 2620 iudicem
921 2593 1153 2632 competentem

408 2641 562 2675 remittere
586 2640 772 2687 procurabit.

986 256 1085 278 BELLA
1092 256 1171 278 titum
1196 256 1284 277 ROMA
1291 256 1355 277 Num

1193 364 1309 397 dinatio
1339 363 1514 409 praedictae
1542 362 1615 396 [iant
1642 361 1795 405 ludibrio,
1818 362 1941 397 debito-

1193 430 1252 463 que
1276 416 1463 451 frustrentur
1485 416 1595 450 ell'ectu
1613 442 1621 459 ,
1643 424 1674 449 et
1693 415 1808 449 nodum
1825 415 1941 456 verbis,

1193 471 1246 504 sed
1265 471 1356 504 etiam
1369 470 1462 504 rebus
1476 479 1505 505 et
1520 470 1706 504 executione
1720 482 1774 503 seu
1798 471 1862 512 (sic)
1879 469 1943 515 ipsa

1194 525 1337 570 imposita
1365 533 1541 565 censeatur,
1565 525 1747 567 baronibus,
1779 524 1942 571 potestati-

1194 579 1264 621 bus,
1293 578 1585 617 communitatibus,
1609 577 1875 621 universitatibus,
1897 577 1945 612 os-

1195 633 1348 667 aetatibus
1370 641 1399 667 et
1426 632 1495 667 aliis
1522 633 1778 680 quibuscumque
1802 633 1945 679 personis

1193 687 1415 721 ecelesiasticis
1447 687 1493 720 vel
1528 686 1741 721 saecularibus
1778 686 1947 733 praedictis

1194 741 1369 775 homicidas
1390 741 1567 789 praedit-tos
1583 739 1816 787 receptantibus
1838 748 1867 774 et
1886 740 1947 774 im-

1195 804 1355 840 posterum
1388 796 1592 842 receptaturis
1615 795 1674 830 sul)
1711 807 1808 842 poena
1839 794 1947 841 perdi-

1194 851 1288 884 tionis
1311 851 1456 894 civitatis,
1485 859 1596 894 terrae,
1620 850 1712 884 castri
1741 861 1796 884 seu
1821 848 1880 883 loci
1917 849 1947 883 in

1193 918 1255 952 quo
1277 905 1395 939 dictum
1413 905 1602 939 homicidam
1623 903 1862 952 receptaverint,
1879 915 1950 938 nec-

1195 972 1256 993 non
1280 960 1366 993 mille
1394 961 1584 994 florenorum
1612 958 1692 998 auri,
1725 969 1807 1004 quos
1833 956 1948 991 Came-

1195 1026 1245 1048 rae
1268 1014 1480 1060 Apostolicae,
1509 1013 1584 1047 dum
1621 1025 1713 1046 secus
1747 1010 1849 1047 actum
1879 1011 1949 1046 fue-

1195 1069 1244 1106 rit,
1285 1068 1436 1114 applicari
1478 1068 1647 1106 volumus,
1685 1079 1739 1113 per
1778 1066 1947 1113 apostolica

1194 1123 1307 1169 scripta
1324 1123 1536 1169 praecipimus
1558 1131 1588 1155 et
1613 1120 1810 1159 mandamus,
1835 1129 1867 1154 ut
1890 1121 1950 1154 ho-

1195 1176 1327 1210 micidas
1350 1175 1529 1210 huiusmodi
1554 1175 1637 1208 iuxta
1671 1183 1810 1208 tenorem
1834 1182 1862 1207 et
1887 1173 1949 1208 for-

1193 1244 1275 1264 mam
1297 1231 1416 1273 statuti,
1435 1229 1668 1264 constitutionis
1687 1238 1716 1262 et
1740 1228 1950 1263 ordinationis

1196 1285 1426 1331 praedictorum
1455 1284 1492 1318 ad
1522 1295 1647 1317 omnem
1676 1281 1829 1316 senatoris
1859 1293 1956 1328 prae-³

1194 1339 1267 1373 dicti
1293 1339 1337 1373 vel
1366 1339 1496 1373 alterius
1524 1337 1623 1384 ipsius
1650 1335 1778 1370 nomine
1814 1335 1950 1381 requisi-

1196 1394 1311 1427 tionem
1335 1393 1452 1440 absque
1477 1404 1582 1426 morae
1605 1387 1783 1437 dispendio,
1805 1400 1951 1436 praesen-

1196 1456 1259 1480 tare
1287 1447 1434 1481 festinent
1456 1458 1527 1480 cum
1551 1444 1676 1479 effectu.

1244 1500 1263 1547 g
1287 1504 1319 1534 4.
1348 1500 1389 1534 Ut
1417 1509 1519 1534 autem
1544 1499 1701 1545 praedicta
1723 1498 1761 1532 ad
1797 1509 1949 1531 commn-
1978 1507 2046 1543 flas-ce
2075 1508 2148 1528 inem

1964 1539 2030 1559 vatvrs
2049 1538 2147 1566 Capitolii

1964 1570 2022 1590 iubet.
2037 1569 2098 1595 attigi.

1197 1567 1266 1588 neni
1295 1555 1492 1601 singulorum
1518 1554 1659 1588 notitiam
1680 1552 1890 1590 deducantur,
1911 1563 1949 1585 ne

1196 1610 1234 1642 de
1269 1609 1314 1642 eis
1351 1608 1527 1654 ignorantia
1564 1607 1726 1654 praetendi
1760 1606 1858 1639 valeat
1893 1616 1948 1639 seu

1196 1663 1288 1697 etiam
1320 1662 1470 1709 allegari,
1495 1670 1676 1709 praesentes
1710 1660 1814 1694 literas
1856 1659 1950 1694 valvis

1196 1717 1341 1764 Capitolii
1365 1717 1465 1751 almae
1495 1716 1588 1751 Urbis
1623 1715 1841 1750 mandavimus
1875 1714 1950 1748 feci-

1197 1784 1330 1818 musque
1353 1771 1433 1817 affigi
1452 1800 1459 1811 ,
1496 1780 1523 1805 ut
1553 1771 1643 1817 qnasi
1671 1769 1807 1816 quodam
1835 1780 1950 1802 sonoro

1198 1825 1364 1871 praeconio
1391 1834 1421 1859 et
1450 1824 1555 1872 patulo
1589 1825 1707 1858 indicio
1739 1823 1776 1858 ad
1807 1823 1949 1858 omnium

1198 1880 1340 1913 notitiam
1365 1879 1486 1913 valeant
1523 1878 1709 1926 pervenire,
1745 1878 1951 1912 decernentes

1196 1934 1382 1968 auctoritate
1412 1933 1592 1980 praedicta,
1635 1940 1667 1966 nt
1694 1931 1877 1966 huiusmodi
1912 1931 1952 1965 li-

1198 1998 1292 2027 terae,
1320 1997 1352 2023 ut
1374 1988 1569 2035 praefertur,
1591 1987 1701 2022 affixae
1723 1996 1753 2021 et
1777 1987 1951 2034 publicatae

1197 2056 1319 2083 omnes,
1342 2055 1422 2090 quos
1444 2051 1651 2086 concernunt,
1668 2042 1796 2089 perinde
1819 2049 1951 2082 arctent,

1197 2110 1232 2132 ac
1254 2098 1278 2131 si
1314 2098 1358 2131 eis
1381 2097 1483 2132 forent
1507 2096 1712 2144 personaliter
1734 2104 1763 2130 et
1799 2108 1951 2143 praesen-

1198 2152 1312 2187 tialiter
1329 2153 1487 2187 intimatae
1503 2179 1512 2195 ,
1536 2164 1607 2186 cum
1632 2163 1694 2185 non
1717 2151 1758 2185 sit
1782 2150 1950 2185 verisimile

1197 2207 1280 2254 apud
1318 2219 1371 2241 eos
1412 2218 1574 2241 remanere
1610 2206 1830 2251 incognitum,
1863 2204 1948 2252 quod

1198 2271 1258 2296 tarn
1289 2269 1430 2309 patenter
1456 2261 1556 2295 extitit
1582 2261 1731 2295 omnibus
1759 2260 1947 2294 intimatum.

1245 2316 1265 2363 g
1293 2320 1324 2350 5.
1359 2315 1443 2350 Nulli
1466 2327 1541 2362 ergo
1563 2315 1694 2349 omnino
1716 2314 1880 2348 hominum
1906 2313 1948 2348 li-

1196 2379 1263 2405 ceat
1279 2371 1358 2405 hanc
1374 2371 1517 2417 paginam
1542 2378 1719 2404 nostrorum
1739 2369 1856 2409 statuti,
1879 2380 1948 2403 con-

1197 2426 1369 2460 stitutionis
1390 2433 1420 2459 et
1442 2425 1649 2459 ordinationis
1674 2423 1843 2470 infringere
1864 2431 1917 2457 etc.

1245 2480 1359 2514 Datum
1379 2479 1512 2525 Romae,
1539 2479 1623 2527 apud
1651 2479 1784 2514 Sanctos
1813 2478 1948 2524 Aposto-

1198 2534 1254 2573 los,
1278 2534 1420 2569 kalendis
1447 2534 1650 2582 septembriS,
1673 2532 1875 2580 pontificatus
1892 2543 1949 2565 no·

1197 2598 1250 2623 stri
1274 2602 1356 2624 anno
1379 2598 1498 2625 octavo.

1216 2646 1276 2677 Dat.
1294 2648 1339 2677 die
1353 2649 1365 2677 ‘l
1386 2647 1563 2686 septembris
1583 2647 1669 2684 ¹425,
1685 2652 1763 2686 pont.
1778 2655 1854 2676 anuo
1868 2653 1926 2674 vui.

1957 253 2006 277 An.
2025 252 2053 277 C.
2075 252 2141 278 11⁸2ss

1241 316 1255 352 ,ξ
1284 313 1316 343 5.
1340 310 1378 343 Et
1394 322 1432 344 nc
1453 317 1616 346 statutum.
1638 309 1822 343 constitutio
1844 318 1874 343 et
1896 322 1940 344 or·
1956 312 2132 371 Ρέᾛζξύὶξὲἑξζῃ

1995 2326 2112 2347 utausutae.
