2274 3265
209 285 257 310 An.
276 285 303 309 ¹3.
327 284 391 309 tltts

218 1715 318 1734 inumata
330 1714 393 1734 Boni-

208 1745 228 1763 [ει
245 1748 257 1764 ti
292 1744 337 1764 γΗΙ
372 1746 391 1764 iu

211 1782 255 1800 cap.
270 1775 292 1794 μ’
303 1775 329 1795 De
344 1775 391 1795 Πᾶ-

209 1810 247 1825 ret.
260 1808 389 1827 constitutio⁴

455 275 526 304 6ϋὸ

405 338 569 372 arbitrium
608 335 720 369 iudicis
755 334 960 378 huiusmodi,
998 335 1154 380 propriam

408 385 618 420 innocentiam
642 396 779 427 congrua
803 383 969 417 devotione
992 391 1155 417 monstra-

407 436 518 477 verint,
542 434 571 466 iu
596 433 781 478 purgatione
804 433 848 466 eis
873 432 1024 466 canonice
1041 432 1154 466 indicta

406 484 602 525 deficientes,
630 490 658 515 et
682 495 714 515 se
742 482 893 515 rationive
927 493 1059 527 purgare
1094 494 1155 514 non

407 533 554 575 valentes,
582 539 632 565 aut
667 544 722 576 pro
753 530 935 564 huiusmodi
969 530 1156 576 purgatione

407 581 568 620 facienda,
592 580 802 614 obstinatione
837 579 1021 623 damnabili,
1056 579 1156 613 iurare

408 638 592 667 renuentes,
621 637 778 675 tamquam
815 628 961 663 haeretici
997 629 1156 662 condem—

407 688 531 714 nentur.
549 679 609 720 Qui
624 691 696 712 vero
711 678 825 711 dictam
842 678 1053 712 innocentiam
1071 689 1156 711 mon-

405 739 516 771 strare,
539 741 575 762 ex
591 727 726 774 quadam
748 727 934 772 negligentia
954 739 1008 761 seu
1025 726 1156 765 desidia,

405 788 435 813 et
460 778 676 825 purgationem
708 776 888 809 huiusmodi
915 776 1016 810 facere
1041 775 1157 808 omise-

408 829 480 866 rint.⁴
494 825 703 860 anathematis
714 825 818 871 gladio
838 825 999 868 feriantur,
1011 832 1041 858 et
1058 836 1157 869 usqne

406 877 441 910 ad
465 875 708 910 satisfactionem
733 874 922 919 condignam
947 873 985 907 ab
1009 873 1157 907 omnibus

406 927 581 963 evitentur,
605 923 644 956 ita
668 923 765 969 quod,
781 923 805 955 si
829 936 882 967 pei·
904 934 1023 956 annum
1048 922 1077 955 in
1100 935 1158 955 ex-

406 972 695 1009 communicatione
732 970 914 1005 lmiusmodi
953 971 1156 1016 perstiterint,

407 1036 443 1057 ex
469 1031 544 1056 tunc
561 1021 644 1054 velut
667 1020 814 1054 haeretici
839 1019 1103 1054 condemnentur.
1123 1019 1156 1053 Si

407 1073 477 1118 quis
500 1082 692 1115 rer0,super
713 1070 818 1116 aliquo
840 1068 1037 1114 saepedictae
1060 1068 1157 1115 pesti—

407 1121 488 1155 ferae
523 1119 683 1153 doctriuae
712 1117 1000 1152 haeresiarcharum
1031 1117 1157 1164 praedi-

407 1178 542 1208 ctorum,
568 1167 612 1202 vel
636 1167 795 1213 aliquibus
824 1167 966 1202 articulis
994 1167 1156 1201 dumtaxat

407 1218 612 1259 scandalosis,
636 1217 820 1256 temerariis,
837 1215 996 1250 seditiosis
1019 1216 1065 1250 vel
1089 1216 1156 1262 pia-

407 1281 474 1302 rum
498 1267 618 1302 aurium
639 1265 809 1305 oll'eusivis,
831 1265 998 1311 culpabilis
1017 1273 1158 1311 repertus

408 1317 514 1360 suerit,
529 1316 678 1350 canonice
696 1315 852 1360 puniatur.
876 1314 910 1349 Si
930 1326 1013 1354 vero,
1031 1323 1157 1360 propter

407 1366 503 1400 solam
525 1364 681 1398 infamiam
706 1372 757 1397 aut
772 1364 983 1409 suspicionem
999 1363 1155 1398 dictorum

407 1414 611 1448 articulorum
636 1413 682 1446 vel
699 1413 833 1446 alicuius
856 1413 1008 1459 ipsorum,
1024 1412 1096 1458 quis
1108 1425 1156 1446 re-

409 1471 515 1510 pertus
538 1463 628 1496 fuerit
651 1470 830 1507 suspectuS,
858 1469 885 1495 et
915 1462 943 1495 in
969 1462 1156 1507 purgatione

408 1512 556 1547 canonica
581 1519 707 1557 propter
723 1510 781 1544 hoc
794 1510 851 1544 sibi
868 1510 982 1545 indicta
998 1510 1156 1547 deficeret.

409 1574 464 1608 pro
497 1561 639 1595 convicto
675 1559 837 1600 habeatur,
864 1567 894 1594 et
917 1568 1074 1605 tamquam
1102 1572 1156 1594 ca-

409 1611 520 1644 nonice
543 1610 707 1643 convictus
731 1609 888 1655 puniatur.

456 1658 476 1704 S
504 1661 555 1692 to.
583 1657 619 1691 Et
644 1658 772 1703 insuper
792 1657 1031 1704 dispositionem
1058 1657 1157 1692 felicis

409 1706 632 1742 recordationis
648 1706 800 1740 Bonifacii
816 1706 920 1752 Papae
938 1706 1051 1746 octavi,
1072 1719 1157 1752 prae-

407 1756 580 1790 decessoris
603 1755 711 1797 nostri,
734 1767 814 1801 quac
844 1755 969 1801 incipit:
999 1756 1036 1789 Ut
1058 1757 1157 1800 inqui-

406 1807 524 1838 sitionis
547 1805 711 1849 negotium,
729 1812 914 1838 renovantes
928 1813 957 1838 et
973 1804 1066 1838 etiam
1088 1816 1155 1839 exe·

406 1862 550 1900 quentes,
575 1853 737 1887 universas
761 1860 934 1899 potestates
956 1861 984 1887 et
1008 1852 1156 1888 dominos

407 1903 594 1949 temporales
617 1910 647 1936 et
667 1902 788 1936 iudices
810 1902 998 1946 antedictos,
1022 1902 1156 1949 quibus-

405 1964 541 1997 cumque
571 1951 776 1997 dignitatibus
804 1952 849 1986 vel
873 1952 984 1986 officiis
1011 1964 1065 1986 seu
1092 1965 1156 1987 no-

407 2001 546 2036 minibus
573 2010 773 2041 censeantur,
796 2001 993 2036 exhortando
1022 2002 1155 2048 requiri-

406 2063 478 2084 mus
500 2060 529 2084 et
550 2050 736 2084 mandamus
758 2051 877 2085 eisdem
896 2059 940 2091 ut,
955 2051 1036 2085 sicut
1060 2063 1154 2097 repu-

406 2102 461 2134 tari
485 2100 616 2147 cupiunt
639 2107 669 2133 et
692 2100 797 2134 haberi
823 2100 942 2140 fideles,
957 2113 992 2135 ac
1010 2100 1063 2134 filii
1086 2101 1155 2136 Ec—

406 2149 518 2183 clesiae
547 2150 736 2196 nuncupari,
764 2157 793 2184 et
830 2150 859 2184 in
883 2150 1000 2184 Christi
1026 2151 1153 2186 nomine

405 2198 542 2243 gloriari,
578 2199 630 2238 ita,
664 2212 718 2244 pro
753 2198 937 2234 defensione
968 2199 1039 2233 fidei
1070 2200 1156 2235 vobis

405 2247 664 2294 archiepiscopis,
687 2248 847 2295 episcopis
869 2257 899 2282 et
921 2248 1029 2283 electis
1053 2261 1089 2283 ac
1113 2250 1157 2283 in-

405 2296 613 2342 quisitoribus
643 2297 816 2331 haereticae
845 2298 1004 2344 pravitatis
1031 2306 1061 2332 et
1089 2298 1156 2333 aliis

406 2345 565 2380 iudicibus
587 2360 641 2381 seu
671 2347 815 2393 personis
842 2347 1077 2391 ecclesiasticis,
1102 2361 1156 2394 per

407 2407 459 2428 ios
482 2395 519 2430 ad
544 2396 602 2430 hoc
619 2424 626 2435 ,
655 2404 686 2430 ut
707 2397 930 2442 praemittitur,
954 2397 1154 2443 deputandis,

406 2444 497 2477 fidem
536 2453 564 2479 et
593 2447 850 2480 communionem
888 2455 1014 2481 sanetae
1048 2448 1156 2482 matris

405 2493 565 2529 Ecclesiae
582 2494 773 2538 tenentibus,
790 2504 929 2542 pareant,
948 2504 978 2530 et
994 2496 1155 2530 intendant

407 2542 636 2589 praebeantque.
652 2544 804 2579 auxilium
828 2554 858 2579 et
881 2545 1015 2579 favorem
1033 2546 1063 2579 in
1088 2545 1157 2579 hae-

408 2593 586 2630 retieorum,
612 2606 731 2628 necnon
756 2594 963 2633 credentium,
985 2594 1155 2638 fautorum,

408 2649 635 2687 receptatorum
660 2650 689 2676 et
712 2642 913 2678 defensorum
942 2644 1081 2690 ipsorum
1107 2644 1155 2678 in—

973 281 1158 303 Bt‘tautttmttt
1186 279 1298 301 noman
1305 279 1348 300 tm

1200 332 1414 377 vestigatione,
1442 332 1587 377 captione
1603 359 1611 371 ,
1633 332 1775 366 custodia
1807 332 1949 379 diligenti

1199 394 1269 415 cum
1298 380 1337 415 ab
1359 379 1477 414 eisdem
1508 380 1622 414 fuerint
1640 381 1794 427 requisiti,
1818 389 1850 415 ut
1867 394 1952 427 prae-

1200 432 1276 465 fatas
1313 441 1464 475 personas
1505 429 1692 475 pestiferas,
1731 429 1808 463 alios
1842 442 1949 465 secum

1201 479 1332 526 perdere
1361 478 1541 517 molientes,
1565 479 1594 512 in
1616 485 1801 524 potestatem
1817 490 1872 513 seu
1887 491 1953 513 car-

1199 541 1301 563 cerem
1331 539 1384 573 per
1408 540 1461 561 vos
1482 527 1747 574 archiepiscopos,
1773 528 1951 575 episcopos,

1199 577 1315 611 eleetos
1337 584 1366 610 et
1397 575 1598 622 inquisitores
1614 577 1804 623 praedictos,
1826 585 1879 611 aut
1897 577 1952 611 de-

1201 626 1356 673 putandos
1383 638 1397 659 a
1422 624 1523 669 vobis,
1546 625 1592 659 vel
1620 625 1657 659 ad
1681 625 1785 660 locum
1814 625 1852 660 de
1890 639 1952 673 quo

1200 688 1254 709 vos
1279 675 1327 708 vel
1352 674 1409 720 ipsi
1433 673 1636 715 mandabitis,
1666 675 1742 710 iufra
1765 676 1950 710 eorumdem

1199 724 1401 758 dominorum
1427 731 1624 770 potestatem,
1649 731 1805 759 rectorum
1828 737 1882 759 seu
1908 726 1951 759 iu-

1200 773 1306 807 dicum
1335 772 1510 807 districtum
1534 771 1649 807 ducant
1672 773 1717 807 vel
1740 773 1814 807 duci
1839 773 1951 808 faciaut

1199 822 1266 856 sine
1290 834 1388 865 mora,
1411 821 1463 855 uhi
1489 833 1545 868 per
1565 822 1647 857 viros
1669 822 1841 857 catholicos
1864 835 1879 856 a
1897 836 1954 856 vo-

1201 871 1248 905 his
1271 870 1517 917 archiepiscopis
1545 871 1590 905 rel
1623 873 1799 918 episcopis,
1826 872 1954 912 electis,

1199 933 1253 954 seu
1279 919 1520 967 inquisitoribus
1546 933 1601 954 seu
1630 921 1822 967 deputandis
1845 934 1955 967 perso-

1200 970 1249 1003 nis
1276 969 1471 1013 huiusmodi,
1495 969 1540 1003 vel
1557 977 1694 1004 vestrum
1719 970 1824 1017 aliquo
1851 970 1955 1017 depu—

1201 1027 1262 1052 tato
1284 1018 1345 1053 sub
1371 1026 1454 1053 arcta
1493 1027 1522 1052 et
1554 1018 1698 1065 diligenti
1726 1019 1868 1053 custodia
1886 1048 1893 1060 ‚
1917 1033 1955 1054 ne

1200 1067 1332 1113 fugiant,
1357 1067 1524 1114 ponendo,
1545 1081 1599 1101 eos
1622 1068 1714 1102 etiam
1746 1069 1956 1115 compedibus

1199 1124 1229 1150 et
1258 1116 1390 1151 manicis
1413 1117 1523 1150 ferreis
1545 1125 1673 1151 teneant
1688 1145 1695 1157 ,
1719 1116 1824 1152 donec
1845 1130 1954 1152 eorum

1201 1167 1361 1211 negotium
1387 1178 1441 1213 per
1473 1165 1633 1200 Ecclesiae
1665 1166 1814 1200 iudicium
1846 1168 1953 1202 termi-

1201 1224 1303 1259 netur,
1325 1223 1357 1249 et
1383 1215 1467 1262 quod
1491 1215 1529 1250 de
1554 1214 1673 1250 haeresi
1694 1227 1710 1250 a
1731 1215 1835 1250 iudice
1852 1217 1956 1250 eccle-

1199 1264 1327 1299 siastico
1361 1264 1571 1311 competenti,
1599 1264 1652 1311 qui
1689 1264 1780 1298 fidem
1810 1273 1839 1300 et
1866 1278 1955 1300 com-

1201 1314 1386 1348 munionem
1414 1313 1516 1348 dictae
1543 1321 1669 1348 sanctae
1692 1313 1855 1349 Romanae
1890 1314 1955 1349 Ee,-

1199 1363 1313 1397 clesiae
1359 1371 1475 1406 teneat,
1508 1362 1785 1408 condemnentur,
1827 1364 1954 1410 praefati

1199 1411 1318 1446 domiui
1344 1411 1533 1459 temporales
1559 1424 1615 1446 seu
1652 1421 1803 1452 rectores,
1833 1412 1954 1448 iudices

1201 1461 1245 1495 rel
1269 1474 1378 1495 eorum
1407 1461 1555 1495 officiales
1582 1474 1637 1496 seu
1662 1461 1769 1495 nuncii
1796 1461 1855 1496 sibi
1881 1462 1956 1496 reli-

1199 1518 1266 1544 ctos
1286 1511 1440 1557 recipiant
1463 1510 1590 1545 indilate
1608 1510 1884 1546 animadversione.
1904 1511 1956 1546 de-

1200 1559 1260 1593 bita
1285 1559 1474 1606 puniendos.

1248 1613 1262 1651 ξ
1290 1611 1342 1642 tt.
1367 1608 1484 1643 Verum
1509 1621 1547 1642 ne
1564 1608 1790 1655 praeiudicium
1811 1618 1843 1644 et
1861 1622 1954 1644 sean-

1968 277 2017 303 Αιι.
2034 266 2148 303 estius

1983 1616 2076 1637 formam
2089 1623 2154 1644 prae-

1929 1661 1934 1666 .
1969 1648 2043 1668 scribit
2059 1649 2154 1669 interro-

1199 1657 1303 1691 dalum
1322 1657 1476 1704 praefatae
1491 1657 1562 1692 fidei
1579 1657 1773 1692 orthodoxae
1789 1658 1954 1705 religionis

1198 1705 1400 1747 christianae,
1427 1715 1589 1753 praetextu
1607 1707 1811 1753 ignorantiae,
1840 1721 1952 1756 quem-

1198 1767 1290 1801 qnam
1316 1756 1345 1789 in
1373 1755 1433 1790 hoc
1467 1756 1700 1800 circumveniri,
1728 1765 1781 1791 aut
1812 1767 1953 1793 versutos

1199 1804 1344 1839 homines
1366 1804 1426 1838 sub
1461 1805 1586 1839 frivolae
1622 1806 1835 1842 excusationis
1869 1807 1953 1842 veta-

1199 1853 1283 1887 mine
1307 1854 1336 1887 in
1355 1854 1410 1888 hac
1430 1854 1557 1889 materia
1581 1854 1709 1901 palliare
1732 1856 1907 1903 contingat,
1923 1864 1954 1891 et

1199 1911 1232 1936 ut
1249 1902 1287 1937 de
1311 1903 1538 1938 convincendis
1559 1916 1614 1938 seu
1628 1906 1860 1950 cognoscendis
1877 1906 1954 1941 hae-

1199 1952 1313 1992 reticis,
1339 1953 1600 1999 receptatoribus,
1629 1953 1867 1996 defensoribus,
1884 1955 1954 1990 fau-

1200 2001 1341 2047 toribus,
1376 2002 1581 2038 credentibus
1614 2011 1644 2038 et
1684 2003 1954 2050 adhaerentibus,

1199 2063 1322 2085 necnon
1345 2051 1384 2086 de
1399 2050 1519 2087 haeresi
1538 2053 1694 2100 suspectis
1709 2061 1739 2088 et
1757 2053 1828 2089 aliis
1840 2054 1955 2090 huius-

1199 2100 1283 2135 modi
1301 2113 1446 2148 perversa
1466 2101 1608 2137 doctriua
1627 2102 1867 2150 quomodolibet
1888 2117 1955 2139 ma-

1198 2150 1309 2184 culatis
1331 2179 1338 2191 ,
1380 2151 1501 2198 plenior
1542 2151 1694 2186 habeatur
1740 2152 1771 2187 in
1814 2153 1953 2189 futurum

1200 2200 1378 2241 instructio,
1402 2209 1463 2235 tam
1492 2200 1528 2235 ad
1564 2213 1696 2247 regnum
1724 2201 1896 2238 Bohemiae
1925 2211 1954 2237 et

1198 2249 1380 2284 convicinas
1400 2250 1455 2295 illi,
1478 2263 1570 2297 quam
1587 2251 1663 2286 alias
1679 2251 1834 2298 quaslibet
1851 2261 1954 2299 partes

1199 2298 1228 2331 in
1248 2299 1364 2345 quibus
1383 2299 1460 2334 haee
1477 2301 1695 2347 superstitiosa
1713 2300 1857 2337 doctrina
1872 2315 1954 2349 quo-

1199 2348 1370 2383 modolibet
1411 2349 1610 2395 pullulaverit
1630 2378 1637 2390 ,
1679 2351 1828 2385 articulos
1874 2352 1953 2387 infra

1198 2398 1333 2444 scriptos
1355 2406 1471 2433 sectam
1489 2398 1646 2433 dictorum
1665 2399 1951 2436 haeresiarcharum

1199 2456 1439 2492 concernentes,
1464 2461 1519 2495 pro
1542 2448 1717 2484 directione
1744 2449 1845 2484 dictae
1880 2450 1951 2485 fidei

1198 2496 1397 2531 decernimus
1434 2498 1692 2533 transmittendos
1723 2507 1754 2533 et
1780 2500 1872 2534 etiam
1896 2500 1953 2535 de-

1198 2545 1373 2585 stinandos,
1395 2560 1490 2594 super
1504 2547 1622 2594 quibus
1645 2547 1733 2583 vobis
1747 2556 1779 2583 et
1796 2549 1866 2584 aliis
1882 2562 1952 2584 om-

1200 2594 1294 2629 nibus
1321 2595 1578 2643 archiepiscopis,
1601 2597 1761 2645 episcopis
1787 2605 1817 2632 et
1843 2598 1952 2634 elec-tis

1198 2655 1233 2677 ac
1256 2644 1481 2680 commissariis
1508 2654 1538 2679 et
1567 2646 1810 2693 inquisitoribus
1833 2648 1863 2682 in
1889 2648 1951 2683 vir-

1969 1680 2096 1703 garon-torum
2104 1685 2154 1699 sus-

1969 1711 2036 1735 pectis
2052 1711 2077 1730 de
2101 1710 2154 1730 hae-

1969 1742 2019 1765 resi,
2035 1740 2154 1761 infamatis-

1968 1777 2008 1796 que
2042 1770 2153 1792 faciendo-

1968 1808 2019 1822 rum.
