<?xml version="1.0" encoding="UTF-8"?>
<!DOCTYPE html PUBLIC "-//W3C//DTD XHTML 1.0 Transitional//EN"
    "http://www.w3.org/TR/xhtml1/DTD/xhtml1-transitional.dtd">
<html xmlns="http://www.w3.org/1999/xhtml" xml:lang="en" lang="en">
 <head>
  <title>
</title>
<meta http-equiv="Content-Type" content="text/html;charset=utf-8" />
  <meta name='ocr-system' content='tesseract 3.04.00' />
  <meta name='ocr-capabilities' content='ocr_page ocr_carea ocr_par ocr_line ocrx_word'/>
</head>
<body>
  <div class='ocr_page' id='page_1' title='image "./bullarumdiplomat04cath_0706.png"; bbox 0 0 2274 3265; ppageno 0'>
   <div class='ocr_carea' id='block_1_1' title="bbox 323 289 457 316">
    <p class='ocr_par' dir='ltr' id='par_1_1' title="bbox 323 289 457 316">
     <span class='ocr_line' id='line_1_1' title="bbox 323 289 457 316; baseline -0.015 0"><span class='ocrx_word' id='word_1_1' title='bbox 323 290 373 316; x_wconf 91' lang='lat' dir='ltr'>.C.</span> <span class='ocrx_word' id='word_1_2' title='bbox 397 289 457 316; x_wconf 56' lang='lat' dir='ltr'>ttvzt</span> 
     </span>
    </p>
   </div>
   <div class='ocr_carea' id='block_1_2' title="bbox 275 2029 1223 2120">
    <p class='ocr_par' dir='ltr' id='par_1_2' title="bbox 275 2029 1210 2120">
     <span class='ocr_line' id='line_1_2' title="bbox 288 2029 447 2057; baseline -0.006 -7"><span class='ocrx_word' id='word_1_3' title='bbox 288 2029 315 2050; x_wconf 80' lang='lat' dir='ltr'>De</span> <span class='ocrx_word' id='word_1_4' title='bbox 325 2030 411 2057; x_wconf 70' lang='lat' dir='ltr'>tssapttul·</span> <span class='ocrx_word' id='word_1_5' title='bbox 424 2037 447 2056; x_wconf 69' lang='lat' dir='ltr'>gt*</span> 
     </span>
     <span class='ocr_line' id='line_1_3' title="bbox 275 2064 1126 2083; baseline 0.002 -2"><span class='ocrx_word' id='word_1_6' title='bbox 275 2064 352 2082; x_wconf 66' lang='lat' dir='ltr'>neralts</span> <span class='ocrx_word' id='word_1_7' title='bbox 364 2064 457 2083; x_wconf 38' lang='lat' dir='ltr'>celebra*</span> <span class='ocrx_word' id='word_1_8' title='bbox 790 2077 794 2080; x_wconf 41' lang='lat'><strong>⁴</strong></span> <span class='ocrx_word' id='word_1_9' title='bbox 899 2076 904 2080; x_wconf 88' lang='lat'>-</span> <span class='ocrx_word' id='word_1_10' title='bbox 1038 2078 1043 2082; x_wconf 92' lang='lat'>.</span> <span class='ocrx_word' id='word_1_11' title='bbox 1121 2078 1126 2083; x_wconf 87' lang='lat'><em>.</em></span> 
     </span>
     <span class='ocr_line' id='line_1_4' title="bbox 295 2075 1223 2120; baseline 0.004 -12"><span class='ocrx_word' id='word_1_12' title='bbox 295 2100 315 2113; x_wconf 63' lang='lat' dir='ltr'>,n</span> <span class='ocrx_word' id='word_1_13' title='bbox 347 2102 353 2114; x_wconf 29' lang='grc' dir='ltr'>ζ</span> <span class='ocrx_word' id='word_1_14' title='bbox 384 2100 413 2113; x_wconf 54' lang='lat' dir='ltr'>m</span> <span class='ocrx_word' id='word_1_15' title='bbox 447 2084 668 2120; x_wconf 58' lang='lat' dir='ltr'>,gumeututm</span> <span class='ocrx_word' id='word_1_16' title='bbox 691 2084 720 2109; x_wconf 82' lang='lat' dir='ltr'>et</span> <span class='ocrx_word' id='word_1_17' title='bbox 746 2075 868 2110; x_wconf 78' lang='lat' dir='ltr'>felicem</span> <span class='ocrx_word' id='word_1_18' title='bbox 899 2089 927 2109; x_wconf 87' lang='lat' dir='ltr'>tu</span> <span class='ocrx_word' id='word_1_19' title='bbox 952 2076 1090 2111; x_wconf 82' lang='lat' dir='ltr'>Domino</span> <span class='ocrx_word' id='word_1_20' title='bbox 1121 2091 1150 2112; x_wconf 87' lang='lat' dir='ltr'>tu</span> <span class='ocrx_word' id='word_1_21' title='bbox 1170 2078 1223 2112; x_wconf 91' lang='lat' dir='ltr'>ob-</span> 
     </span>
    </p>
   </div>
   <div class='ocr_carea' id='block_1_3' title="bbox 529 280 600 311">
    <p class='ocr_par' dir='ltr' id='par_1_3' title="bbox 529 280 600 311">
     <span class='ocr_line' id='line_1_5' title="bbox 529 280 600 311; baseline 0.014 -1"><span class='ocrx_word' id='word_1_22' title='bbox 529 280 600 311; x_wconf 66' lang='lat'>(398</span> 
     </span>
    </p>
   </div>
   <div class='ocr_carea' id='block_1_4' title="bbox 451 343 1225 2072">
    <p class='ocr_par' dir='ltr' id='par_1_4' title="bbox 470 343 1225 1961">
     <span class='ocr_line' id='line_1_6' title="bbox 478 343 1224 382; baseline 0 -5"><span class='ocrx_word' id='word_1_23' title='bbox 478 345 516 377; x_wconf 74' lang='lat' dir='ltr'>cti</span> <span class='ocrx_word' id='word_1_24' title='bbox 541 343 675 377; x_wconf 77' lang='lat' dir='ltr'>Victoris</span> <span class='ocrx_word' id='word_1_25' title='bbox 697 343 722 376; x_wconf 84' lang='lat' dir='ltr'>ei</span> <span class='ocrx_word' id='word_1_26' title='bbox 741 343 891 378; x_wconf 87' lang='lat' dir='ltr'>canonice</span> <span class='ocrx_word' id='word_1_27' title='bbox 905 344 1030 382; x_wconf 76' lang='lat' dir='ltr'>annexi,</span> <span class='ocrx_word' id='word_1_28' title='bbox 1053 343 1087 377; x_wconf 89' lang='lat' dir='ltr'>S.</span> <span class='ocrx_word' id='word_1_29' title='bbox 1111 343 1224 377; x_wconf 85' lang='lat' dir='ltr'>Mariae</span> 
     </span>
     <span class='ocr_line' id='line_1_7' title="bbox 477 391 1225 439; baseline 0.001 -14"><span class='ocrx_word' id='word_1_30' title='bbox 477 395 504 426; x_wconf 88' lang='lat' dir='ltr'>in</span> <span class='ocrx_word' id='word_1_31' title='bbox 535 393 642 430; x_wconf 74' lang='lat' dir='ltr'>l‘ortu,</span> <span class='ocrx_word' id='word_1_32' title='bbox 676 391 709 426; x_wconf 86' lang='lat' dir='ltr'>S.</span> <span class='ocrx_word' id='word_1_33' title='bbox 755 392 879 427; x_wconf 83' lang='lat' dir='ltr'>loannis</span> <span class='ocrx_word' id='word_1_34' title='bbox 912 392 951 426; x_wconf 81' lang='lat' dir='ltr'>de</span> <span class='ocrx_word' id='word_1_35' title='bbox 982 392 1095 427; x_wconf 85' lang='lat' dir='ltr'>Cereto</span> <span class='ocrx_word' id='word_1_36' title='bbox 1129 405 1225 439; x_wconf 81' lang='lat' dir='ltr'>prope</span> 
     </span>
     <span class='ocr_line' id='line_1_8' title="bbox 474 441 1225 487; baseline 0 -12"><span class='ocrx_word' id='word_1_37' title='bbox 474 442 623 476; x_wconf 78' lang='lat' dir='ltr'>Sanctum</span> <span class='ocrx_word' id='word_1_38' title='bbox 665 441 924 487; x_wconf 64' lang='lat' dir='ltr'>Archangelum,</span> <span class='ocrx_word' id='word_1_39' title='bbox 962 442 996 476; x_wconf 84' lang='lat' dir='ltr'>S.</span> <span class='ocrx_word' id='word_1_40' title='bbox 1036 442 1151 476; x_wconf 85' lang='lat' dir='ltr'>Mariae</span> <span class='ocrx_word' id='word_1_41' title='bbox 1187 442 1225 475; x_wconf 89' lang='lat' dir='ltr'>dc</span> 
     </span>
     <span class='ocr_line' id='line_1_9' title="bbox 476 491 1225 532; baseline 0.001 -8"><span class='ocrx_word' id='word_1_42' title='bbox 476 491 578 526; x_wconf 82' lang='lat' dir='ltr'>insula</span> <span class='ocrx_word' id='word_1_43' title='bbox 619 491 775 532; x_wconf 54' lang='grc' dir='ltr'>Ἰἰ-υιιιίιίἸ</span> <span class='ocrx_word' id='word_1_44' title='bbox 811 492 845 525; x_wconf 91' lang='lat' dir='ltr'>S.</span> <span class='ocrx_word' id='word_1_45' title='bbox 885 492 998 526; x_wconf 83' lang='lat' dir='ltr'>Mariae</span> <span class='ocrx_word' id='word_1_46' title='bbox 1031 492 1069 525; x_wconf 87' lang='lat' dir='ltr'>de</span> <span class='ocrx_word' id='word_1_47' title='bbox 1099 491 1225 525; x_wconf 77' lang='lat' dir='ltr'>Blaneis</span> 
     </span>
     <span class='ocr_line' id='line_1_10' title="bbox 475 540 1225 583; baseline -0.003 -8"><span class='ocrx_word' id='word_1_48' title='bbox 475 542 532 575; x_wconf 77' lang='lat' dir='ltr'>lot-i</span> <span class='ocrx_word' id='word_1_49' title='bbox 560 541 724 579; x_wconf 85' lang='lat' dir='ltr'>Caxoreti,</span> <span class='ocrx_word' id='word_1_50' title='bbox 752 541 785 575; x_wconf 86' lang='lat' dir='ltr'>S.</span> <span class='ocrx_word' id='word_1_51' title='bbox 821 541 1010 583; x_wconf 78' lang='lat' dir='ltr'>Salvator-is,</span> <span class='ocrx_word' id='word_1_52' title='bbox 1037 540 1070 575; x_wconf 91' lang='lat' dir='ltr'>S.</span> <span class='ocrx_word' id='word_1_53' title='bbox 1111 540 1225 574; x_wconf 80' lang='lat' dir='ltr'>Mariae</span> 
     </span>
     <span class='ocr_line' id='line_1_11' title="bbox 473 590 1224 636; baseline -0.001 -13"><span class='ocrx_word' id='word_1_54' title='bbox 473 591 512 624; x_wconf 74' lang='lat' dir='ltr'>dt·</span> <span class='ocrx_word' id='word_1_55' title='bbox 535 590 670 625; x_wconf 86' lang='lat' dir='ltr'>Caritate</span> <span class='ocrx_word' id='word_1_56' title='bbox 692 599 721 625; x_wconf 89' lang='lat' dir='ltr'>et</span> <span class='ocrx_word' id='word_1_57' title='bbox 740 590 790 624; x_wconf 84' lang='lat' dir='ltr'>Ss.</span> <span class='ocrx_word' id='word_1_58' title='bbox 814 590 1026 636; x_wconf 73' lang='lat' dir='ltr'>Quadraginta</span> <span class='ocrx_word' id='word_1_59' title='bbox 1042 590 1224 636; x_wconf 60' lang='lat' dir='ltr'>Martyrum,</span> 
     </span>
     <span class='ocr_line' id='line_1_12' title="bbox 474 638 1225 681; baseline -0.004 -7"><span class='ocrx_word' id='word_1_60' title='bbox 474 639 681 681; x_wconf 69' lang='lat' dir='ltr'>Luranensis,</span> <span class='ocrx_word' id='word_1_61' title='bbox 700 640 904 679; x_wconf 73' lang='lat' dir='ltr'>Veronensis,</span> <span class='ocrx_word' id='word_1_62' title='bbox 921 640 1141 677; x_wconf 53' lang='lat' dir='ltr'>Bononiensis</span> <span class='ocrx_word' id='word_1_63' title='bbox 1163 638 1225 672; x_wconf 79' lang='lat' dir='ltr'>Ra-</span> 
     </span>
     <span class='ocr_line' id='line_1_13' title="bbox 474 688 1224 728; baseline -0.003 -5"><span class='ocrx_word' id='word_1_64' title='bbox 474 691 676 724; x_wconf 84' lang='lat' dir='ltr'>vennatensis</span> <span class='ocrx_word' id='word_1_65' title='bbox 691 717 698 726; x_wconf 83' lang='grc'>,</span> <span class='ocrx_word' id='word_1_66' title='bbox 728 690 940 724; x_wconf 76' lang='lat' dir='ltr'>Arimineusis</span> <span class='ocrx_word' id='word_1_67' title='bbox 957 716 964 728; x_wconf 80' lang='lat'>,</span> <span class='ocrx_word' id='word_1_68' title='bbox 1000 688 1200 723; x_wconf 75' lang='lat' dir='ltr'>&#39;l‘eatincnsis</span> <span class='ocrx_word' id='word_1_69' title='bbox 1217 715 1224 725; x_wconf 84' lang='lat'>,</span> 
     </span>
     <span class='ocr_line' id='line_1_14' title="bbox 474 736 1225 782; baseline -0.005 -9"><span class='ocrx_word' id='word_1_70' title='bbox 474 739 729 782; x_wconf 82' lang='lat' dir='ltr'>Mediolanensis,</span> <span class='ocrx_word' id='word_1_71' title='bbox 744 739 970 781; x_wconf 84' lang='lat' dir='ltr'>Brixiaueusis,</span> <span class='ocrx_word' id='word_1_72' title='bbox 982 736 1225 772; x_wconf 87' lang='lat' dir='ltr'>Castellauensis</span> 
     </span>
     <span class='ocr_line' id='line_1_15' title="bbox 472 785 1222 823; baseline -0.005 0"><span class='ocrx_word' id='word_1_73' title='bbox 472 798 501 823; x_wconf 87' lang='lat' dir='ltr'>et</span> <span class='ocrx_word' id='word_1_74' title='bbox 523 788 722 823; x_wconf 82' lang='lat' dir='ltr'>Tarusiensis</span> <span class='ocrx_word' id='word_1_75' title='bbox 745 788 925 823; x_wconf 85' lang='lat' dir='ltr'>dioecesum</span> <span class='ocrx_word' id='word_1_76' title='bbox 960 787 1090 821; x_wconf 78' lang='lat' dir='ltr'>Ordinis</span> <span class='ocrx_word' id='word_1_77' title='bbox 1116 785 1222 820; x_wconf 91' lang='lat' dir='ltr'>Sancti</span> 
     </span>
     <span class='ocr_line' id='line_1_16' title="bbox 472 837 1224 885; baseline -0.003 -13"><span class='ocrx_word' id='word_1_78' title='bbox 472 839 642 885; x_wconf 75' lang='lat' dir='ltr'>Augustini</span> <span class='ocrx_word' id='word_1_79' title='bbox 667 839 943 877; x_wconf 86' lang='lat' dir='ltr'>monasteriorum,</span> <span class='ocrx_word' id='word_1_80' title='bbox 975 837 1107 883; x_wconf 75' lang='lat' dir='ltr'>priores,</span> <span class='ocrx_word' id='word_1_81' title='bbox 1133 847 1224 882; x_wconf 86' lang='lat' dir='ltr'>prae-</span> 
     </span>
     <span class='ocr_line' id='line_1_17' title="bbox 473 887 1224 934; baseline 0 -13"><span class='ocrx_word' id='word_1_82' title='bbox 473 889 603 934; x_wconf 77' lang='lat' dir='ltr'>positos,</span> <span class='ocrx_word' id='word_1_83' title='bbox 632 896 780 930; x_wconf 83' lang='lat' dir='ltr'>rectores,</span> <span class='ocrx_word' id='word_1_84' title='bbox 802 887 972 921; x_wconf 86' lang='lat' dir='ltr'>canonicos</span> <span class='ocrx_word' id='word_1_85' title='bbox 991 894 1020 920; x_wconf 81' lang='lat' dir='ltr'>et</span> <span class='ocrx_word' id='word_1_86' title='bbox 1049 896 1224 934; x_wconf 82' lang='lat' dir='ltr'>conventus</span> 
     </span>
     <span class='ocr_line' id='line_1_18' title="bbox 471 936 1223 982; baseline -0.001 -11"><span class='ocrx_word' id='word_1_87' title='bbox 471 938 509 971; x_wconf 76' lang='lat' dir='ltr'>tle.</span> <span class='ocrx_word' id='word_1_88' title='bbox 536 936 721 971; x_wconf 87' lang='lat' dir='ltr'>Frisionatia</span> <span class='ocrx_word' id='word_1_89' title='bbox 751 937 918 982; x_wconf 71' lang='lat' dir='ltr'>vulgariter</span> <span class='ocrx_word' id='word_1_90' title='bbox 947 944 1158 982; x_wconf 60' lang='lat' dir='ltr'>nuncupatOE,</span> <span class='ocrx_word' id='word_1_91' title='bbox 1193 946 1223 970; x_wconf 91' lang='lat' dir='ltr'>ut</span> 
     </span>
     <span class='ocr_line' id='line_1_19' title="bbox 473 985 1223 1032; baseline -0.001 -11"><span class='ocrx_word' id='word_1_92' title='bbox 473 986 539 1021; x_wconf 82' lang='lat' dir='ltr'>Deo</span> <span class='ocrx_word' id='word_1_93' title='bbox 561 986 700 1032; x_wconf 89' lang='lat' dir='ltr'>quietius</span> <span class='ocrx_word' id='word_1_94' title='bbox 736 994 887 1032; x_wconf 83' lang='lat' dir='ltr'>perpetuo</span> <span class='ocrx_word' id='word_1_95' title='bbox 924 985 1065 1020; x_wconf 84' lang='lat' dir='ltr'>famulari</span> <span class='ocrx_word' id='word_1_96' title='bbox 1090 986 1223 1029; x_wconf 83' lang='lat' dir='ltr'>valeant,</span> 
     </span>
     <span class='ocr_line' id='line_1_20' title="bbox 472 1035 1223 1082; baseline 0.001 -13"><span class='ocrx_word' id='word_1_97' title='bbox 472 1036 628 1070; x_wconf 77' lang='lat' dir='ltr'>favoribus</span> <span class='ocrx_word' id='word_1_98' title='bbox 649 1035 794 1081; x_wconf 75' lang='lat' dir='ltr'>gratiosis</span> <span class='ocrx_word' id='word_1_99' title='bbox 824 1035 970 1082; x_wconf 77' lang='lat' dir='ltr'>prosequi</span> <span class='ocrx_word' id='word_1_100' title='bbox 1001 1035 1162 1075; x_wconf 79' lang='lat' dir='ltr'>volentes,</span> <span class='ocrx_word' id='word_1_101' title='bbox 1185 1035 1223 1070; x_wconf 90' lang='lat' dir='ltr'>ad</span> 
     </span>
     <span class='ocr_line' id='line_1_21' title="bbox 472 1084 1223 1132; baseline 0.003 -15"><span class='ocrx_word' id='word_1_102' title='bbox 472 1084 609 1129; x_wconf 83' lang='lat' dir='ltr'>laudem,</span> <span class='ocrx_word' id='word_1_103' title='bbox 632 1085 762 1131; x_wconf 80' lang='lat' dir='ltr'>gloriam</span> <span class='ocrx_word' id='word_1_104' title='bbox 778 1093 807 1118; x_wconf 88' lang='lat' dir='ltr'>et</span> <span class='ocrx_word' id='word_1_105' title='bbox 827 1084 977 1118; x_wconf 80' lang='lat' dir='ltr'>honorem</span> <span class='ocrx_word' id='word_1_106' title='bbox 995 1085 1223 1132; x_wconf 89' lang='lat' dir='ltr'>omnipotentis</span> 
     </span>
     <span class='ocr_line' id='line_1_22' title="bbox 472 1133 1223 1181; baseline 0.001 -13"><span class='ocrx_word' id='word_1_107' title='bbox 472 1134 541 1178; x_wconf 82' lang='lat' dir='ltr'>Dei,</span> <span class='ocrx_word' id='word_1_108' title='bbox 569 1136 702 1181; x_wconf 88' lang='lat' dir='ltr'>eiusque</span> <span class='ocrx_word' id='word_1_109' title='bbox 734 1134 846 1168; x_wconf 86' lang='lat' dir='ltr'>Matris</span> <span class='ocrx_word' id='word_1_110' title='bbox 882 1133 1021 1179; x_wconf 73' lang='lat' dir='ltr'>Virginis</span> <span class='ocrx_word' id='word_1_111' title='bbox 1057 1134 1223 1181; x_wconf 78' lang='lat' dir='ltr'>gloriosae,</span> 
     </span>
     <span class='ocr_line' id='line_1_23' title="bbox 471 1183 1223 1230; baseline 0.003 -13"><span class='ocrx_word' id='word_1_112' title='bbox 471 1196 594 1218; x_wconf 80' lang='lat' dir='ltr'>necnon</span> <span class='ocrx_word' id='word_1_113' title='bbox 618 1184 654 1218; x_wconf 92' lang='lat' dir='ltr'>B.</span> <span class='ocrx_word' id='word_1_114' title='bbox 685 1183 855 1229; x_wconf 77' lang='lat' dir='ltr'>Augustini</span> <span class='ocrx_word' id='word_1_115' title='bbox 880 1184 1081 1223; x_wconf 75' lang='lat' dir='ltr'>contessoris,</span> <span class='ocrx_word' id='word_1_116' title='bbox 1109 1197 1144 1219; x_wconf 87' lang='lat' dir='ltr'>ac</span> <span class='ocrx_word' id='word_1_117' title='bbox 1169 1197 1223 1230; x_wconf 87' lang='lat' dir='ltr'>pro</span> 
     </span>
     <span class='ocr_line' id='line_1_24' title="bbox 471 1233 1223 1280; baseline 0.001 -13"><span class='ocrx_word' id='word_1_118' title='bbox 471 1233 633 1279; x_wconf 76' lang='lat' dir='ltr'>religionis</span> <span class='ocrx_word' id='word_1_119' title='bbox 658 1233 866 1273; x_wconf 87' lang='lat' dir='ltr'>incremento,</span> <span class='ocrx_word' id='word_1_120' title='bbox 888 1233 1072 1267; x_wconf 86' lang='lat' dir='ltr'>auctoritate</span> <span class='ocrx_word' id='word_1_121' title='bbox 1094 1243 1223 1280; x_wconf 88' lang='lat' dir='ltr'>aposto-</span> 
     </span>
     <span class='ocr_line' id='line_1_25' title="bbox 471 1283 1223 1329; baseline 0.001 -14"><span class='ocrx_word' id='word_1_122' title='bbox 471 1283 539 1322; x_wconf 75' lang='lat' dir='ltr'>lica,</span> <span class='ocrx_word' id='word_1_123' title='bbox 564 1292 672 1317; x_wconf 87' lang='lat' dir='ltr'>tenore</span> <span class='ocrx_word' id='word_1_124' title='bbox 705 1284 918 1329; x_wconf 82' lang='lat' dir='ltr'>praesentium</span> <span class='ocrx_word' id='word_1_125' title='bbox 942 1284 1120 1327; x_wconf 87' lang='lat' dir='ltr'>statuimus,</span> <span class='ocrx_word' id='word_1_126' title='bbox 1150 1297 1223 1318; x_wconf 88' lang='lat' dir='ltr'>sau-</span> 
     </span>
     <span class='ocr_line' id='line_1_26' title="bbox 470 1332 1224 1379; baseline 0.003 -15"><span class='ocrx_word' id='word_1_127' title='bbox 470 1334 571 1367; x_wconf 70' lang='lat' dir='ltr'>cimus</span> <span class='ocrx_word' id='word_1_128' title='bbox 588 1341 618 1366; x_wconf 89' lang='lat' dir='ltr'>et</span> <span class='ocrx_word' id='word_1_129' title='bbox 632 1332 814 1366; x_wconf 75' lang='lat' dir='ltr'>ordinamus</span> <span class='ocrx_word' id='word_1_130' title='bbox 833 1333 994 1379; x_wconf 86' lang='lat' dir='ltr'>perpetuis</span> <span class='ocrx_word' id='word_1_131' title='bbox 1014 1332 1126 1367; x_wconf 87' lang='lat' dir='ltr'>suturis</span> <span class='ocrx_word' id='word_1_132' title='bbox 1144 1342 1224 1367; x_wconf 84' lang='lat' dir='ltr'>tem-</span> 
     </span>
     <span class='ocr_line' id='line_1_27' title="bbox 473 1381 1222 1430; baseline 0.003 -17"><span class='ocrx_word' id='word_1_133' title='bbox 473 1383 599 1427; x_wconf 78' lang='lat' dir='ltr'>poribus</span> <span class='ocrx_word' id='word_1_134' title='bbox 613 1381 866 1426; x_wconf 67' lang='lat' dir='ltr'>irrefragabiliter</span> <span class='ocrx_word' id='word_1_135' title='bbox 881 1381 1124 1421; x_wconf 84' lang='lat' dir='ltr'>observandum,</span> <span class='ocrx_word' id='word_1_136' title='bbox 1139 1383 1222 1430; x_wconf 88' lang='lat' dir='ltr'>quod</span> 
     </span>
     <span class='ocr_line' id='line_1_28' title="bbox 472 1431 1224 1477; baseline 0.004 -14"><span class='ocrx_word' id='word_1_137' title='bbox 472 1432 509 1464; x_wconf 78' lang='lat' dir='ltr'>‹t‹·</span> <span class='ocrx_word' id='word_1_138' title='bbox 523 1440 645 1465; x_wconf 86' lang='lat' dir='ltr'>caetero</span> <span class='ocrx_word' id='word_1_139' title='bbox 661 1431 789 1476; x_wconf 73' lang='lat' dir='ltr'>priores,</span> <span class='ocrx_word' id='word_1_140' title='bbox 809 1432 989 1477; x_wconf 85' lang='lat' dir='ltr'>praepositi,</span> <span class='ocrx_word' id='word_1_141' title='bbox 1005 1442 1156 1476; x_wconf 70' lang='lat' dir='ltr'>rectoreS,</span> <span class='ocrx_word' id='word_1_142' title='bbox 1172 1445 1224 1466; x_wconf 88' lang='lat' dir='ltr'>ca-</span> 
     </span>
     <span class='ocr_line' id='line_1_29' title="bbox 473 1480 1225 1529; baseline 0.003 -16"><span class='ocrx_word' id='word_1_143' title='bbox 473 1481 575 1515; x_wconf 87' lang='lat' dir='ltr'>nonici</span> <span class='ocrx_word' id='word_1_144' title='bbox 590 1489 619 1514; x_wconf 91' lang='lat' dir='ltr'>et</span> <span class='ocrx_word' id='word_1_145' title='bbox 631 1489 802 1514; x_wconf 75' lang='lat' dir='ltr'>vom-entus</span> <span class='ocrx_word' id='word_1_146' title='bbox 813 1480 952 1527; x_wconf 81' lang='lat' dir='ltr'>praefati,</span> <span class='ocrx_word' id='word_1_147' title='bbox 964 1494 1019 1527; x_wconf 88' lang='lat' dir='ltr'>pro</span> <span class='ocrx_word' id='word_1_148' title='bbox 1030 1494 1138 1516; x_wconf 86' lang='lat' dir='ltr'>eornm</span> <span class='ocrx_word' id='word_1_149' title='bbox 1157 1495 1225 1529; x_wconf 83' lang='lat' dir='ltr'>per-</span> 
     </span>
     <span class='ocr_line' id='line_1_30' title="bbox 473 1530 1224 1578; baseline 0.004 -16"><span class='ocrx_word' id='word_1_150' title='bbox 473 1539 562 1576; x_wconf 72' lang='lat' dir='ltr'>petua</span> <span class='ocrx_word' id='word_1_151' title='bbox 594 1530 750 1564; x_wconf 69' lang='lat' dir='ltr'>soliditate</span> <span class='ocrx_word' id='word_1_152' title='bbox 776 1542 810 1564; x_wconf 86' lang='lat' dir='ltr'>ac</span> <span class='ocrx_word' id='word_1_153' title='bbox 838 1531 1086 1571; x_wconf 72' lang='lat' dir='ltr'>conservatione,</span> <span class='ocrx_word' id='word_1_154' title='bbox 1113 1544 1224 1578; x_wconf 87' lang='lat' dir='ltr'>quam-</span> 
     </span>
     <span class='ocr_line' id='line_1_31' title="bbox 472 1579 1225 1626; baseline 0.004 -14"><span class='ocrx_word' id='word_1_155' title='bbox 472 1592 563 1626; x_wconf 81' lang='lat' dir='ltr'>quam</span> <span class='ocrx_word' id='word_1_156' title='bbox 579 1579 770 1614; x_wconf 86' lang='lat' dir='ltr'>diversorum</span> <span class='ocrx_word' id='word_1_157' title='bbox 790 1580 1054 1614; x_wconf 85' lang='lat' dir='ltr'>monasteriorum</span> <span class='ocrx_word' id='word_1_158' title='bbox 1086 1589 1115 1614; x_wconf 88' lang='lat' dir='ltr'>et</span> <span class='ocrx_word' id='word_1_159' title='bbox 1144 1582 1225 1615; x_wconf 82' lang='lat' dir='ltr'>loeo-</span> 
     </span>
     <span class='ocr_line' id='line_1_32' title="bbox 474 1628 1223 1675; baseline 0.003 -14"><span class='ocrx_word' id='word_1_160' title='bbox 474 1642 540 1663; x_wconf 88' lang='lat' dir='ltr'>rum</span> <span class='ocrx_word' id='word_1_161' title='bbox 559 1628 688 1675; x_wconf 87' lang='lat' dir='ltr'>professi</span> <span class='ocrx_word' id='word_1_162' title='bbox 717 1629 866 1669; x_wconf 73' lang='lat' dir='ltr'>existant</span> <span class='ocrx_word' id='word_1_163' title='bbox 895 1629 1102 1663; x_wconf 84' lang='lat' dir='ltr'>nibilominus</span> <span class='ocrx_word' id='word_1_164' title='bbox 1126 1643 1223 1665; x_wconf 90' lang='lat' dir='ltr'>unum</span> 
     </span>
     <span class='ocr_line' id='line_1_33' title="bbox 472 1679 1224 1733; baseline 0.004 -22"><span class='ocrx_word' id='word_1_165' title='bbox 472 1691 598 1733; x_wconf 78' lang='lat' dir='ltr'>corpus,</span> <span class='ocrx_word' id='word_1_166' title='bbox 627 1690 751 1725; x_wconf 90' lang='lat' dir='ltr'>unaque</span> <span class='ocrx_word' id='word_1_167' title='bbox 777 1679 978 1724; x_wconf 74' lang='lat' dir='ltr'>congrtgatio</span> <span class='ocrx_word' id='word_1_168' title='bbox 1013 1679 1158 1713; x_wconf 87' lang='lat' dir='ltr'>similiter</span> <span class='ocrx_word' id='word_1_169' title='bbox 1194 1689 1224 1714; x_wconf 84' lang='lat' dir='ltr'>et</span> 
     </span>
     <span class='ocr_line' id='line_1_34' title="bbox 473 1728 1222 1766; baseline 0.005 -6"><span class='ocrx_word' id='word_1_170' title='bbox 473 1728 603 1761; x_wconf 81' lang='lat' dir='ltr'>invicem</span> <span class='ocrx_word' id='word_1_171' title='bbox 633 1740 774 1762; x_wconf 84' lang='lat' dir='ltr'>connexa</span> <span class='ocrx_word' id='word_1_172' title='bbox 791 1736 989 1766; x_wconf 84' lang='lat' dir='ltr'>censeantur</span> <span class='ocrx_word' id='word_1_173' title='bbox 1015 1741 1050 1763; x_wconf 90' lang='lat' dir='ltr'>ac</span> <span class='ocrx_word' id='word_1_174' title='bbox 1075 1729 1134 1763; x_wconf 91' lang='lat' dir='ltr'>sub</span> <span class='ocrx_word' id='word_1_175' title='bbox 1161 1743 1222 1765; x_wconf 89' lang='lat' dir='ltr'>uua</span> 
     </span>
     <span class='ocr_line' id='line_1_35' title="bbox 472 1768 1224 1824; baseline 0.005 -14"><span class='ocrx_word' id='word_1_176' title='bbox 472 1787 500 1810; x_wconf 86' lang='lat' dir='ltr'>et</span> <span class='ocrx_word' id='word_1_177' title='bbox 527 1777 634 1811; x_wconf 88' lang='lat' dir='ltr'>eadem</span> <span class='ocrx_word' id='word_1_178' title='bbox 667 1777 735 1823; x_wconf 85' lang='lat' dir='ltr'>lege</span> <span class='ocrx_word' id='word_1_179' title='bbox 764 1789 799 1811; x_wconf 92' lang='lat' dir='ltr'>ac</span> <span class='ocrx_word' id='word_1_180' title='bbox 826 1768 1042 1812; x_wconf 78' lang='lat' dir='ltr'>observantiae</span> <span class='ocrx_word' id='word_1_181' title='bbox 1072 1779 1224 1824; x_wconf 84' lang='lat' dir='ltr'>regularis</span> 
     </span>
     <span class='ocr_line' id='line_1_36' title="bbox 475 1826 1222 1874; baseline 0.004 -14"><span class='ocrx_word' id='word_1_182' title='bbox 475 1827 602 1867; x_wconf 88' lang='lat' dir='ltr'>unitate,</span> <span class='ocrx_word' id='word_1_183' title='bbox 626 1839 816 1874; x_wconf 85' lang='lat' dir='ltr'>morumque</span> <span class='ocrx_word' id='word_1_184' title='bbox 838 1826 1067 1867; x_wconf 84' lang='lat' dir='ltr'>conformitate,</span> <span class='ocrx_word' id='word_1_185' title='bbox 1098 1837 1127 1862; x_wconf 88' lang='lat' dir='ltr'>et</span> <span class='ocrx_word' id='word_1_186' title='bbox 1159 1830 1222 1864; x_wconf 88' lang='lat' dir='ltr'>eis-</span> 
     </span>
     <span class='ocr_line' id='line_1_37' title="bbox 472 1876 1222 1924; baseline 0.004 -14"><span class='ocrx_word' id='word_1_187' title='bbox 472 1877 541 1910; x_wconf 80' lang='lat' dir='ltr'>tlem</span> <span class='ocrx_word' id='word_1_188' title='bbox 565 1876 860 1915; x_wconf 86' lang='lat' dir='ltr'>consuetudinibus,</span> <span class='ocrx_word' id='word_1_189' title='bbox 886 1877 1065 1924; x_wconf 79' lang='lat' dir='ltr'>privilegiis,</span> <span class='ocrx_word' id='word_1_190' title='bbox 1095 1879 1222 1913; x_wconf 85' lang='lat' dir='ltr'>ordina—</span> 
     </span>
     <span class='ocr_line' id='line_1_38' title="bbox 473 1925 976 1961; baseline 0 -1"><span class='ocrx_word' id='word_1_191' title='bbox 473 1925 611 1960; x_wconf 80' lang='lat' dir='ltr'>tionibus</span> <span class='ocrx_word' id='word_1_192' title='bbox 633 1938 668 1960; x_wconf 87' lang='lat' dir='ltr'>ac</span> <span class='ocrx_word' id='word_1_193' title='bbox 691 1927 815 1960; x_wconf 84' lang='lat' dir='ltr'>statutis</span> <span class='ocrx_word' id='word_1_194' title='bbox 842 1926 976 1961; x_wconf 80' lang='lat' dir='ltr'>subsint.</span> 
     </span>
    </p>

    <p class='ocr_par' dir='ltr' id='par_1_5' title="bbox 451 1975 1222 2072">
     <span class='ocr_line' id='line_1_39' title="bbox 520 1975 1221 2023; baseline 0.004 -14"><span class='ocrx_word' id='word_1_195' title='bbox 520 1978 593 2018; x_wconf 63' lang='lat'>§2</span> <span class='ocrx_word' id='word_1_196' title='bbox 630 1975 676 2009; x_wconf 78' lang='lat' dir='ltr'>Ad</span> <span class='ocrx_word' id='word_1_197' title='bbox 714 1976 804 2010; x_wconf 84' lang='lat' dir='ltr'>cuius</span> <span class='ocrx_word' id='word_1_198' title='bbox 836 1976 961 2023; x_wconf 87' lang='lat' dir='ltr'>quidem</span> <span class='ocrx_word' id='word_1_199' title='bbox 999 1977 1158 2023; x_wconf 78' lang='lat' dir='ltr'>religionis</span> <span class='ocrx_word' id='word_1_200' title='bbox 1193 1987 1221 2012; x_wconf 90' lang='lat' dir='ltr'>et</span> 
     </span>
     <span class='ocr_line' id='line_1_40' title="bbox 451 2026 1222 2072; baseline 0.003 -13"><span class='ocrx_word' id='word_1_201' title='bbox 451 2026 723 2071; x_wconf 79' lang='lat' dir='ltr'>·cougregattonis</span> <span class='ocrx_word' id='word_1_202' title='bbox 742 2027 840 2072; x_wconf 89' lang='lat' dir='ltr'>ipsius</span> <span class='ocrx_word' id='word_1_203' title='bbox 863 2028 1146 2071; x_wconf 81' lang='lat' dir='ltr'>conservationem,</span> <span class='ocrx_word' id='word_1_204' title='bbox 1166 2041 1222 2062; x_wconf 89' lang='lat' dir='ltr'>au-</span> 
     </span>
    </p>
   </div>
   <div class='ocr_carea' id='block_1_5' title="bbox 471 2129 1221 2720">
    <p class='ocr_par' dir='ltr' id='par_1_6' title="bbox 471 2129 1221 2720">
     <span class='ocr_line' id='line_1_41' title="bbox 471 2129 1221 2175; baseline 0.004 -13"><span class='ocrx_word' id='word_1_205' title='bbox 471 2129 622 2162; x_wconf 83' lang='lat' dir='ltr'>servantia</span> <span class='ocrx_word' id='word_1_206' title='bbox 653 2142 720 2163; x_wconf 90' lang='lat' dir='ltr'>vera</span> <span class='ocrx_word' id='word_1_207' title='bbox 754 2138 781 2164; x_wconf 88' lang='lat' dir='ltr'>et</span> <span class='ocrx_word' id='word_1_208' title='bbox 816 2129 980 2164; x_wconf 73' lang='lat' dir='ltr'>sanctitate</span> <span class='ocrx_word' id='word_1_209' title='bbox 1015 2143 1221 2175; x_wconf 78' lang='lat' dir='ltr'>successum,</span> 
     </span>
     <span class='ocr_line' id='line_1_42' title="bbox 473 2184 1221 2231; baseline 0.008 -16"><span class='ocrx_word' id='word_1_210' title='bbox 473 2184 566 2216; x_wconf 82' lang='lat' dir='ltr'>iidem</span> <span class='ocrx_word' id='word_1_211' title='bbox 592 2184 723 2229; x_wconf 83' lang='lat' dir='ltr'>priores,</span> <span class='ocrx_word' id='word_1_212' title='bbox 748 2185 929 2231; x_wconf 76' lang='lat' dir='ltr'>praepositi,</span> <span class='ocrx_word' id='word_1_213' title='bbox 954 2194 1102 2224; x_wconf 77' lang='lat' dir='ltr'>rectores,</span> <span class='ocrx_word' id='word_1_214' title='bbox 1126 2198 1221 2220; x_wconf 90' lang='lat' dir='ltr'>cano-</span> 
     </span>
     <span class='ocr_line' id='line_1_43' title="bbox 472 2238 1220 2285; baseline 0.007 -16"><span class='ocrx_word' id='word_1_215' title='bbox 472 2238 530 2270; x_wconf 81' lang='lat' dir='ltr'>nici</span> <span class='ocrx_word' id='word_1_216' title='bbox 572 2246 600 2270; x_wconf 89' lang='lat' dir='ltr'>et</span> <span class='ocrx_word' id='word_1_217' title='bbox 634 2247 808 2272; x_wconf 84' lang='lat' dir='ltr'>conventus</span> <span class='ocrx_word' id='word_1_218' title='bbox 842 2239 976 2285; x_wconf 80' lang='lat' dir='ltr'>singulis</span> <span class='ocrx_word' id='word_1_219' title='bbox 1011 2241 1120 2279; x_wconf 84' lang='lat' dir='ltr'>aunis,</span> <span class='ocrx_word' id='word_1_220' title='bbox 1156 2241 1220 2274; x_wconf 86' lang='lat' dir='ltr'>sive</span> 
     </span>
     <span class='ocr_line' id='line_1_44' title="bbox 472 2291 1220 2341; baseline 0.007 -17"><span class='ocrx_word' id='word_1_221' title='bbox 472 2291 617 2330; x_wconf 76' lang='lat' dir='ltr'>bienniis,</span> <span class='ocrx_word' id='word_1_222' title='bbox 633 2300 685 2326; x_wconf 84' lang='lat' dir='ltr'>aut</span> <span class='ocrx_word' id='word_1_223' title='bbox 704 2293 812 2327; x_wconf 84' lang='lat' dir='ltr'>saltem</span> <span class='ocrx_word' id='word_1_224' title='bbox 831 2294 984 2333; x_wconf 76' lang='lat' dir='ltr'>trienniis,</span> <span class='ocrx_word' id='word_1_225' title='bbox 998 2303 1088 2340; x_wconf 91' lang='lat' dir='ltr'>prout</span> <span class='ocrx_word' id='word_1_226' title='bbox 1104 2307 1220 2341; x_wconf 91' lang='lat' dir='ltr'>oppor-</span> 
     </span>
     <span class='ocr_line' id='line_1_45' title="bbox 472 2347 1220 2395; baseline 0.005 -17"><span class='ocrx_word' id='word_1_227' title='bbox 472 2354 581 2379; x_wconf 91' lang='lat' dir='ltr'>tunum</span> <span class='ocrx_word' id='word_1_228' title='bbox 605 2354 634 2380; x_wconf 87' lang='lat' dir='ltr'>et</span> <span class='ocrx_word' id='word_1_229' title='bbox 656 2347 763 2381; x_wconf 88' lang='lat' dir='ltr'>utilius</span> <span class='ocrx_word' id='word_1_230' title='bbox 787 2360 841 2394; x_wconf 89' lang='lat' dir='ltr'>pro</span> <span class='ocrx_word' id='word_1_231' title='bbox 857 2347 964 2381; x_wconf 87' lang='lat' dir='ltr'>eadem</span> <span class='ocrx_word' id='word_1_232' title='bbox 990 2348 1140 2395; x_wconf 78' lang='lat' dir='ltr'>religione</span> <span class='ocrx_word' id='word_1_233' title='bbox 1160 2361 1220 2383; x_wconf 81' lang='lat' dir='ltr'>ex-</span> 
     </span>
     <span class='ocr_line' id='line_1_46' title="bbox 474 2399 1219 2447; baseline 0.009 -17"><span class='ocrx_word' id='word_1_234' title='bbox 474 2399 579 2444; x_wconf 84' lang='lat' dir='ltr'>pedire</span> <span class='ocrx_word' id='word_1_235' title='bbox 602 2401 755 2440; x_wconf 85' lang='lat' dir='ltr'>noverint,</span> <span class='ocrx_word' id='word_1_236' title='bbox 778 2401 946 2447; x_wconf 86' lang='lat' dir='ltr'>capitulum</span> <span class='ocrx_word' id='word_1_237' title='bbox 976 2402 1121 2445; x_wconf 77' lang='lat' dir='ltr'>generale</span> <span class='ocrx_word' id='word_1_238' title='bbox 1144 2403 1219 2437; x_wconf 85' lang='lat' dir='ltr'>cele·</span> 
     </span>
     <span class='ocr_line' id='line_1_47' title="bbox 475 2453 1220 2497; baseline 0.007 -12"><span class='ocrx_word' id='word_1_239' title='bbox 475 2453 563 2487; x_wconf 88' lang='lat' dir='ltr'>breut</span> <span class='ocrx_word' id='word_1_240' title='bbox 591 2454 767 2489; x_wconf 84' lang='lat' dir='ltr'>nullatenus</span> <span class='ocrx_word' id='word_1_241' title='bbox 798 2455 1055 2497; x_wconf 75' lang='lat' dir='ltr'>dissolvendum,</span> <span class='ocrx_word' id='word_1_242' title='bbox 1092 2457 1148 2490; x_wconf 90' lang='lat' dir='ltr'>nisi</span> <span class='ocrx_word' id='word_1_243' title='bbox 1183 2458 1220 2490; x_wconf 72' lang='lat' dir='ltr'>de</span> 
     </span>
     <span class='ocr_line' id='line_1_48' title="bbox 472 2507 1217 2558; baseline 0.011 -20"><span class='ocrx_word' id='word_1_244' title='bbox 472 2507 675 2555; x_wconf 81' lang='lat' dir='ltr'>subsequenti</span> <span class='ocrx_word' id='word_1_245' title='bbox 698 2507 886 2544; x_wconf 69' lang='lat' dir='ltr'>celebrando</span> <span class='ocrx_word' id='word_1_246' title='bbox 916 2511 1004 2544; x_wconf 87' lang='lat' dir='ltr'>fuerit</span> <span class='ocrx_word' id='word_1_247' title='bbox 1033 2523 1088 2556; x_wconf 86' lang='lat' dir='ltr'>per</span> <span class='ocrx_word' id='word_1_248' title='bbox 1118 2511 1217 2558; x_wconf 87' lang='lat' dir='ltr'>ipsum</span> 
     </span>
     <span class='ocr_line' id='line_1_49' title="bbox 473 2562 1218 2613; baseline 0.007 -19"><span class='ocrx_word' id='word_1_249' title='bbox 473 2562 641 2607; x_wconf 80' lang='lat' dir='ltr'>rapitulum</span> <span class='ocrx_word' id='word_1_250' title='bbox 667 2563 751 2597; x_wconf 86' lang='lat' dir='ltr'>locus</span> <span class='ocrx_word' id='word_1_251' title='bbox 766 2564 898 2598; x_wconf 88' lang='lat' dir='ltr'>idoneus</span> <span class='ocrx_word' id='word_1_252' title='bbox 910 2565 1149 2603; x_wconf 85' lang='lat' dir='ltr'>determinatus,</span> <span class='ocrx_word' id='word_1_253' title='bbox 1166 2568 1218 2613; x_wconf 89' lang='lat' dir='ltr'>qui</span> 
     </span>
     <span class='ocr_line' id='line_1_50' title="bbox 473 2615 1218 2665; baseline 0.008 -18"><span class='ocrx_word' id='word_1_254' title='bbox 473 2615 598 2661; x_wconf 85' lang='lat' dir='ltr'>quidem</span> <span class='ocrx_word' id='word_1_255' title='bbox 632 2617 717 2652; x_wconf 79' lang='lat' dir='ltr'>locus</span> <span class='ocrx_word' id='word_1_256' title='bbox 755 2619 811 2652; x_wconf 89' lang='lat' dir='ltr'>nisi</span> <span class='ocrx_word' id='word_1_257' title='bbox 854 2619 987 2653; x_wconf 80' lang='lat' dir='ltr'>evidenti</span> <span class='ocrx_word' id='word_1_258' title='bbox 1022 2628 1051 2652; x_wconf 85' lang='lat' dir='ltr'>et</span> <span class='ocrx_word' id='word_1_259' title='bbox 1088 2632 1218 2665; x_wconf 81' lang='lat' dir='ltr'>magnae</span> 
     </span>
     <span class='ocr_line' id='line_1_51' title="bbox 474 2671 1218 2720; baseline 0.008 -18"><span class='ocrx_word' id='word_1_260' title='bbox 474 2671 664 2705; x_wconf 82' lang='lat' dir='ltr'>necessitatis</span> <span class='ocrx_word' id='word_1_261' title='bbox 686 2684 777 2706; x_wconf 83' lang='lat' dir='ltr'>causa</span> <span class='ocrx_word' id='word_1_262' title='bbox 801 2680 829 2706; x_wconf 88' lang='lat' dir='ltr'>et</span> <span class='ocrx_word' id='word_1_263' title='bbox 852 2672 890 2707; x_wconf 89' lang='lat' dir='ltr'>de</span> <span class='ocrx_word' id='word_1_264' title='bbox 923 2674 1022 2720; x_wconf 87' lang='lat' dir='ltr'>ipsius</span> <span class='ocrx_word' id='word_1_265' title='bbox 1060 2674 1218 2719; x_wconf 80' lang='lat' dir='ltr'>religionis</span> 
     </span>
    </p>
   </div>
   <div class='ocr_carea' id='block_1_6' title="bbox 1060 290 1426 312">
    <p class='ocr_par' dir='ltr' id='par_1_7' title="bbox 1060 290 1426 312">
     <span class='ocr_line' id='line_1_52' title="bbox 1060 290 1426 312; baseline -0.003 0"><span class='ocrx_word' id='word_1_266' title='bbox 1060 290 1195 312; x_wconf 58' lang='lat' dir='ltr'>mmmm</span> <span class='ocrx_word' id='word_1_267' title='bbox 1202 290 1244 311; x_wconf 71' lang='lat' dir='ltr'>tm</span> <span class='ocrx_word' id='word_1_268' title='bbox 1268 290 1426 312; x_wconf 70' lang='lat' dir='ltr'>notttANmt</span> 
     </span>
    </p>
   </div>
   <div class='ocr_carea' id='block_1_7' title="bbox 1265 343 2021 1480">
    <p class='ocr_par' dir='ltr' id='par_1_8' title="bbox 1265 343 2021 1421">
     <span class='ocr_line' id='line_1_53' title="bbox 1269 343 2020 392; baseline 0.004 -15"><span class='ocrx_word' id='word_1_269' title='bbox 1269 343 1431 388; x_wconf 81' lang='lat' dir='ltr'>regiminis</span> <span class='ocrx_word' id='word_1_270' title='bbox 1474 343 1656 389; x_wconf 87' lang='lat' dir='ltr'>principalis</span> <span class='ocrx_word' id='word_1_271' title='bbox 1689 355 1843 379; x_wconf 87' lang='lat' dir='ltr'>consensu</span> <span class='ocrx_word' id='word_1_272' title='bbox 1887 354 2020 392; x_wconf 80' lang='lat' dir='ltr'>nequeat</span> 
     </span>
     <span class='ocr_line' id='line_1_54' title="bbox 1268 392 2019 447; baseline 0.004 -21"><span class='ocrx_word' id='word_1_273' title='bbox 1268 392 1467 426; x_wconf 83' lang='lat' dir='ltr'>commutati.</span> <span class='ocrx_word' id='word_1_274' title='bbox 1491 392 1524 426; x_wconf 93' lang='lat' dir='ltr'>In</span> <span class='ocrx_word' id='word_1_275' title='bbox 1548 404 1611 438; x_wconf 89' lang='lat' dir='ltr'>quo</span> <span class='ocrx_word' id='word_1_276' title='bbox 1638 392 1766 447; x_wconf 79' lang='lat' dir='ltr'>quidem</span> <span class='ocrx_word' id='word_1_277' title='bbox 1795 394 1930 439; x_wconf 87' lang='lat' dir='ltr'>capitulo</span> <span class='ocrx_word' id='word_1_278' title='bbox 1963 407 2019 442; x_wconf 87' lang='lat' dir='ltr'>pro</span> 
     </span>
     <span class='ocr_line' id='line_1_55' title="bbox 1268 441 2018 499; baseline 0.005 -25"><span class='ocrx_word' id='word_1_279' title='bbox 1268 441 1480 475; x_wconf 87' lang='lat' dir='ltr'>stabilimento</span> <span class='ocrx_word' id='word_1_280' title='bbox 1495 441 1747 487; x_wconf 78' lang='lat' dir='ltr'>congregationis</span> <span class='ocrx_word' id='word_1_281' title='bbox 1760 442 1921 488; x_wconf 77' lang='lat' dir='ltr'>religionis</span> <span class='ocrx_word' id='word_1_282' title='bbox 1937 456 2018 499; x_wconf 80' lang='lat' dir='ltr'>prae-</span> 
     </span>
     <span class='ocr_line' id='line_1_56' title="bbox 1270 490 2017 545; baseline 0.005 -22"><span class='ocrx_word' id='word_1_283' title='bbox 1270 491 1348 525; x_wconf 77' lang='lat' dir='ltr'>fatae</span> <span class='ocrx_word' id='word_1_284' title='bbox 1385 490 1621 545; x_wconf 87' lang='lat' dir='ltr'>quomodolibet</span> <span class='ocrx_word' id='word_1_285' title='bbox 1665 492 1694 525; x_wconf 92' lang='lat' dir='ltr'>in</span> <span class='ocrx_word' id='word_1_286' title='bbox 1736 491 1782 525; x_wconf 88' lang='lat' dir='ltr'>eis</span> <span class='ocrx_word' id='word_1_287' title='bbox 1823 494 2017 527; x_wconf 84' lang='lat' dir='ltr'>occurrentia</span> 
     </span>
     <span class='ocr_line' id='line_1_57' title="bbox 1269 540 2021 586; baseline 0.004 -13"><span class='ocrx_word' id='word_1_288' title='bbox 1269 540 1552 586; x_wconf 81' lang='lat' dir='ltr'>praeservatiouem</span> <span class='ocrx_word' id='word_1_289' title='bbox 1586 553 1620 575; x_wconf 87' lang='lat' dir='ltr'>ac</span> <span class='ocrx_word' id='word_1_290' title='bbox 1654 548 1769 575; x_wconf 88' lang='lat' dir='ltr'>statum</span> <span class='ocrx_word' id='word_1_291' title='bbox 1811 549 1936 576; x_wconf 84' lang='lat' dir='ltr'>sanctae</span> <span class='ocrx_word' id='word_1_292' title='bbox 1970 554 2021 576; x_wconf 82' lang='lat' dir='ltr'>re-</span> 
     </span>
     <span class='ocr_line' id='line_1_58' title="bbox 1268 589 2021 637; baseline 0.003 -15"><span class='ocrx_word' id='word_1_293' title='bbox 1268 589 1392 635; x_wconf 84' lang='lat' dir='ltr'>ligionis</span> <span class='ocrx_word' id='word_1_294' title='bbox 1433 590 1586 636; x_wconf 75' lang='lat' dir='ltr'>praefatae</span> <span class='ocrx_word' id='word_1_295' title='bbox 1615 598 1644 624; x_wconf 86' lang='lat' dir='ltr'>et</span> <span class='ocrx_word' id='word_1_296' title='bbox 1672 590 1888 625; x_wconf 79' lang='lat' dir='ltr'>observantiae</span> <span class='ocrx_word' id='word_1_297' title='bbox 1922 603 2021 637; x_wconf 83' lang='lat' dir='ltr'>regu-</span> 
     </span>
     <span class='ocr_line' id='line_1_59' title="bbox 1268 638 2018 687; baseline 0.004 -16"><span class='ocrx_word' id='word_1_298' title='bbox 1268 638 1339 672; x_wconf 89' lang='lat' dir='ltr'>laris</span> <span class='ocrx_word' id='word_1_299' title='bbox 1369 639 1607 679; x_wconf 79' lang='lat' dir='ltr'>concernentia,</span> <span class='ocrx_word' id='word_1_300' title='bbox 1644 652 1699 687; x_wconf 91' lang='lat' dir='ltr'>pro</span> <span class='ocrx_word' id='word_1_301' title='bbox 1732 647 1884 687; x_wconf 88' lang='lat' dir='ltr'>tempore,</span> <span class='ocrx_word' id='word_1_302' title='bbox 1911 640 2018 675; x_wconf 88' lang='lat' dir='ltr'>eadem</span> 
     </span>
     <span class='ocr_line' id='line_1_60' title="bbox 1267 689 2019 731; baseline 0.003 -9"><span class='ocrx_word' id='word_1_303' title='bbox 1267 689 1450 723; x_wconf 86' lang='lat' dir='ltr'>auctoritate</span> <span class='ocrx_word' id='word_1_304' title='bbox 1474 689 1652 730; x_wconf 88' lang='lat' dir='ltr'>terminare,</span> <span class='ocrx_word' id='word_1_305' title='bbox 1668 696 1804 724; x_wconf 83' lang='lat' dir='ltr'>statuere</span> <span class='ocrx_word' id='word_1_306' title='bbox 1818 698 1848 725; x_wconf 88' lang='lat' dir='ltr'>et</span> <span class='ocrx_word' id='word_1_307' title='bbox 1863 690 2019 731; x_wconf 80' lang='lat' dir='ltr'>ordinare,</span> 
     </span>
     <span class='ocr_line' id='line_1_61' title="bbox 1267 738 2018 786; baseline 0.004 -15"><span class='ocrx_word' id='word_1_308' title='bbox 1267 745 1297 771; x_wconf 87' lang='lat' dir='ltr'>et</span> <span class='ocrx_word' id='word_1_309' title='bbox 1337 738 1553 773; x_wconf 80' lang='lat' dir='ltr'>ordinationes</span> <span class='ocrx_word' id='word_1_310' title='bbox 1589 746 1682 786; x_wconf 89' lang='lat' dir='ltr'>atque</span> <span class='ocrx_word' id='word_1_311' title='bbox 1719 746 1832 774; x_wconf 86' lang='lat' dir='ltr'>statuta</span> <span class='ocrx_word' id='word_1_312' title='bbox 1864 739 2018 774; x_wconf 87' lang='lat' dir='ltr'>condere:</span> 
     </span>
     <span class='ocr_line' id='line_1_62' title="bbox 1266 787 2019 824; baseline 0.004 -3"><span class='ocrx_word' id='word_1_313' title='bbox 1266 799 1302 821; x_wconf 88' lang='lat' dir='ltr'>ac</span> <span class='ocrx_word' id='word_1_314' title='bbox 1331 787 1403 821; x_wconf 86' lang='lat' dir='ltr'>inde</span> <span class='ocrx_word' id='word_1_315' title='bbox 1429 797 1542 822; x_wconf 87' lang='lat' dir='ltr'>statuta</span> <span class='ocrx_word' id='word_1_316' title='bbox 1569 788 1695 823; x_wconf 90' lang='lat' dir='ltr'>condita</span> <span class='ocrx_word' id='word_1_317' title='bbox 1718 798 1748 823; x_wconf 88' lang='lat' dir='ltr'>et</span> <span class='ocrx_word' id='word_1_318' title='bbox 1783 788 1925 823; x_wconf 89' lang='lat' dir='ltr'>ordinata</span> <span class='ocrx_word' id='word_1_319' title='bbox 1945 802 2019 824; x_wconf 91' lang='lat' dir='ltr'>suc-</span> 
     </span>
     <span class='ocr_line' id='line_1_63' title="bbox 1266 838 2018 886; baseline 0.004 -16"><span class='ocrx_word' id='word_1_320' title='bbox 1266 849 1357 871; x_wconf 84' lang='lat' dir='ltr'>cessu</span> <span class='ocrx_word' id='word_1_321' title='bbox 1399 838 1576 884; x_wconf 79' lang='lat' dir='ltr'>temporiS,</span> <span class='ocrx_word' id='word_1_322' title='bbox 1615 846 1706 885; x_wconf 90' lang='lat' dir='ltr'>prout</span> <span class='ocrx_word' id='word_1_323' title='bbox 1741 838 1842 873; x_wconf 89' lang='lat' dir='ltr'>eidem</span> <span class='ocrx_word' id='word_1_324' title='bbox 1878 839 2018 886; x_wconf 88' lang='lat' dir='ltr'>capitulo</span> 
     </span>
     <span class='ocr_line' id='line_1_64' title="bbox 1267 887 2018 933; baseline 0.004 -13"><span class='ocrx_word' id='word_1_325' title='bbox 1267 887 1367 933; x_wconf 88' lang='lat' dir='ltr'>magis</span> <span class='ocrx_word' id='word_1_326' title='bbox 1393 899 1568 933; x_wconf 85' lang='lat' dir='ltr'>congruum</span> <span class='ocrx_word' id='word_1_327' title='bbox 1598 887 1754 922; x_wconf 84' lang='lat' dir='ltr'>videbitur</span> <span class='ocrx_word' id='word_1_328' title='bbox 1776 896 1807 922; x_wconf 90' lang='lat' dir='ltr'>et</span> <span class='ocrx_word' id='word_1_329' title='bbox 1830 888 1937 923; x_wconf 91' lang='lat' dir='ltr'>utilius</span> <span class='ocrx_word' id='word_1_330' title='bbox 1967 901 2018 923; x_wconf 89' lang='lat' dir='ltr'>se-</span> 
     </span>
     <span class='ocr_line' id='line_1_65' title="bbox 1266 936 2016 984; baseline 0.003 -14"><span class='ocrx_word' id='word_1_331' title='bbox 1266 936 1403 971; x_wconf 89' lang='lat' dir='ltr'>cundum</span> <span class='ocrx_word' id='word_1_332' title='bbox 1424 936 1527 971; x_wconf 87' lang='lat' dir='ltr'>Deum</span> <span class='ocrx_word' id='word_1_333' title='bbox 1551 946 1580 971; x_wconf 89' lang='lat' dir='ltr'>et</span> <span class='ocrx_word' id='word_1_334' title='bbox 1605 950 1660 984; x_wconf 90' lang='lat' dir='ltr'>pro</span> <span class='ocrx_word' id='word_1_335' title='bbox 1687 937 1849 972; x_wconf 87' lang='lat' dir='ltr'>communi</span> <span class='ocrx_word' id='word_1_336' title='bbox 1873 938 2016 973; x_wconf 89' lang='lat' dir='ltr'>omnium</span> 
     </span>
     <span class='ocr_line' id='line_1_66' title="bbox 1268 986 2019 1033; baseline 0.004 -14"><span class='ocrx_word' id='word_1_337' title='bbox 1268 997 1342 1031; x_wconf 88' lang='lat' dir='ltr'>pace</span> <span class='ocrx_word' id='word_1_338' title='bbox 1365 994 1396 1020; x_wconf 91' lang='lat' dir='ltr'>et</span> <span class='ocrx_word' id='word_1_339' title='bbox 1417 986 1654 1021; x_wconf 84' lang='lat' dir='ltr'>conservatione</span> <span class='ocrx_word' id='word_1_340' title='bbox 1676 987 1829 1033; x_wconf 87' lang='lat' dir='ltr'>regularis</span> <span class='ocrx_word' id='word_1_341' title='bbox 1851 987 2019 1022; x_wconf 89' lang='lat' dir='ltr'>observan-</span> 
     </span>
     <span class='ocr_line' id='line_1_67' title="bbox 1267 1035 2017 1082; baseline 0.004 -14"><span class='ocrx_word' id='word_1_342' title='bbox 1267 1035 1342 1074; x_wconf 86' lang='lat' dir='ltr'>tiae,</span> <span class='ocrx_word' id='word_1_343' title='bbox 1366 1036 1502 1078; x_wconf 87' lang='lat' dir='ltr'>valeant;</span> <span class='ocrx_word' id='word_1_344' title='bbox 1526 1036 1570 1071; x_wconf 87' lang='lat' dir='ltr'>eis</span> <span class='ocrx_word' id='word_1_345' title='bbox 1595 1037 1798 1071; x_wconf 87' lang='lat' dir='ltr'>nibilominus</span> <span class='ocrx_word' id='word_1_346' title='bbox 1823 1037 2017 1082; x_wconf 89' lang='lat' dir='ltr'>innovandi,</span> 
     </span>
     <span class='ocr_line' id='line_1_68' title="bbox 1266 1084 2016 1126; baseline 0.003 -8"><span class='ocrx_word' id='word_1_347' title='bbox 1266 1084 1430 1126; x_wconf 85' lang='lat' dir='ltr'>alterandi</span> <span class='ocrx_word' id='word_1_348' title='bbox 1453 1086 1667 1120; x_wconf 88' lang='lat' dir='ltr'>commutandi</span> <span class='ocrx_word' id='word_1_349' title='bbox 1700 1086 1729 1120; x_wconf 92' lang='lat' dir='ltr'>in</span> <span class='ocrx_word' id='word_1_350' title='bbox 1765 1094 1864 1120; x_wconf 91' lang='lat' dir='ltr'>totum</span> <span class='ocrx_word' id='word_1_351' title='bbox 1907 1087 1952 1121; x_wconf 91' lang='lat' dir='ltr'>vel</span> <span class='ocrx_word' id='word_1_352' title='bbox 1986 1087 2016 1121; x_wconf 89' lang='lat' dir='ltr'>in</span> 
     </span>
     <span class='ocr_line' id='line_1_69' title="bbox 1267 1135 2015 1182; baseline 0.004 -14"><span class='ocrx_word' id='word_1_353' title='bbox 1267 1143 1402 1180; x_wconf 86' lang='lat' dir='ltr'>partem:</span> <span class='ocrx_word' id='word_1_354' title='bbox 1432 1135 1563 1170; x_wconf 88' lang='lat' dir='ltr'>obscura</span> <span class='ocrx_word' id='word_1_355' title='bbox 1591 1148 1716 1182; x_wconf 90' lang='lat' dir='ltr'>quoque</span> <span class='ocrx_word' id='word_1_356' title='bbox 1736 1143 1766 1170; x_wconf 89' lang='lat' dir='ltr'>et</span> <span class='ocrx_word' id='word_1_357' title='bbox 1788 1135 1893 1176; x_wconf 83' lang='lat' dir='ltr'>(lubia,</span> <span class='ocrx_word' id='word_1_358' title='bbox 1921 1136 2015 1171; x_wconf 88' lang='lat' dir='ltr'>etiam</span> 
     </span>
     <span class='ocr_line' id='line_1_70' title="bbox 1265 1184 2017 1231; baseline 0.004 -13"><span class='ocrx_word' id='word_1_359' title='bbox 1265 1184 1345 1218; x_wconf 88' lang='lat' dir='ltr'>circa</span> <span class='ocrx_word' id='word_1_360' title='bbox 1373 1197 1481 1219; x_wconf 88' lang='lat' dir='ltr'>eorum</span> <span class='ocrx_word' id='word_1_361' title='bbox 1512 1185 1662 1231; x_wconf 86' lang='lat' dir='ltr'>regulam</span> <span class='ocrx_word' id='word_1_362' title='bbox 1689 1185 1931 1220; x_wconf 86' lang='lat' dir='ltr'>constitutiones</span> <span class='ocrx_word' id='word_1_363' title='bbox 1963 1196 2017 1221; x_wconf 92' lang='lat' dir='ltr'>at-</span> 
     </span>
     <span class='ocr_line' id='line_1_71' title="bbox 1266 1234 2018 1282; baseline 0.004 -15"><span class='ocrx_word' id='word_1_364' title='bbox 1266 1245 1326 1279; x_wconf 90' lang='lat' dir='ltr'>que</span> <span class='ocrx_word' id='word_1_365' title='bbox 1355 1243 1468 1269; x_wconf 86' lang='lat' dir='ltr'>statuta</span> <span class='ocrx_word' id='word_1_366' title='bbox 1491 1234 1613 1277; x_wconf 89' lang='lat' dir='ltr'>(salva</span> <span class='ocrx_word' id='word_1_367' title='bbox 1608 1235 1707 1282; x_wconf 82' lang='lat' dir='ltr'>ipsius</span> <span class='ocrx_word' id='word_1_368' title='bbox 1730 1234 1855 1280; x_wconf 87' lang='lat' dir='ltr'>regulae</span> <span class='ocrx_word' id='word_1_369' title='bbox 1874 1235 2018 1270; x_wconf 88' lang='lat' dir='ltr'>substan-</span> 
     </span>
     <span class='ocr_line' id='line_1_72' title="bbox 1266 1283 2015 1331; baseline 0.004 -15"><span class='ocrx_word' id='word_1_370' title='bbox 1266 1284 1317 1326; x_wconf 83' lang='lat' dir='ltr'>tia)</span> <span class='ocrx_word' id='word_1_371' title='bbox 1340 1283 1533 1327; x_wconf 85' lang='lat' dir='ltr'>declarandi,</span> <span class='ocrx_word' id='word_1_372' title='bbox 1562 1284 1799 1331; x_wconf 88' lang='lat' dir='ltr'>interpretandi,</span> <span class='ocrx_word' id='word_1_373' title='bbox 1827 1285 2015 1330; x_wconf 87' lang='lat' dir='ltr'>disponendi</span> 
     </span>
     <span class='ocr_line' id='line_1_73' title="bbox 1266 1333 2016 1379; baseline 0.004 -13"><span class='ocrx_word' id='word_1_374' title='bbox 1266 1341 1295 1366; x_wconf 81' lang='lat' dir='ltr'>et</span> <span class='ocrx_word' id='word_1_375' title='bbox 1327 1333 1516 1377; x_wconf 89' lang='lat' dir='ltr'>ordinandi,</span> <span class='ocrx_word' id='word_1_376' title='bbox 1535 1334 1709 1368; x_wconf 79' lang='lat' dir='ltr'>seeundum</span> <span class='ocrx_word' id='word_1_377' title='bbox 1737 1334 1868 1379; x_wconf 81' lang='lat' dir='ltr'>gratiam</span> <span class='ocrx_word' id='word_1_378' title='bbox 1898 1347 1914 1368; x_wconf 92' lang='lat' dir='ltr'>a</span> <span class='ocrx_word' id='word_1_379' title='bbox 1949 1334 2016 1369; x_wconf 88' lang='lat' dir='ltr'>Deo</span> 
     </span>
     <span class='ocr_line' id='line_1_74' title="bbox 1266 1383 1941 1421; baseline 0.003 -5"><span class='ocrx_word' id='word_1_380' title='bbox 1266 1383 1310 1416; x_wconf 88' lang='lat' dir='ltr'>eis</span> <span class='ocrx_word' id='word_1_381' title='bbox 1333 1383 1492 1421; x_wconf 89' lang='lat' dir='ltr'>tributam,</span> <span class='ocrx_word' id='word_1_382' title='bbox 1516 1383 1692 1417; x_wconf 74' lang='lat' dir='ltr'>facultatem</span> <span class='ocrx_word' id='word_1_383' title='bbox 1717 1383 1941 1419; x_wconf 79' lang='lat' dir='ltr'>concedentes,</span> 
     </span>
    </p>

    <p class='ocr_par' dir='ltr' id='par_1_9' title="bbox 1314 1432 2017 1480">
     <span class='ocr_line' id='line_1_75' title="bbox 1314 1432 2017 1480; baseline 0.004 -15"><span class='ocrx_word' id='word_1_384' title='bbox 1314 1436 1329 1474; x_wconf 65' lang='lat' dir='ltr'>g</span> <span class='ocrx_word' id='word_1_385' title='bbox 1357 1435 1388 1466; x_wconf 82' lang='lat'>5.</span> <span class='ocrx_word' id='word_1_386' title='bbox 1419 1432 1496 1466; x_wconf 76' lang='lat' dir='ltr'>Aliis</span> <span class='ocrx_word' id='word_1_387' title='bbox 1522 1442 1626 1467; x_wconf 87' lang='lat' dir='ltr'>autem</span> <span class='ocrx_word' id='word_1_388' title='bbox 1662 1433 1762 1480; x_wconf 79' lang='lat' dir='ltr'>ipsius</span> <span class='ocrx_word' id='word_1_389' title='bbox 1796 1432 1927 1468; x_wconf 90' lang='lat' dir='ltr'>Ordinis</span> <span class='ocrx_word' id='word_1_390' title='bbox 1959 1445 2017 1468; x_wconf 91' lang='lat' dir='ltr'>an-</span> 
     </span>
    </p>
   </div>
   <div class='ocr_carea' id='block_1_8' title="bbox 1268 1482 2088 1528">
    <p class='ocr_par' dir='ltr' id='par_1_10' title="bbox 1268 1482 2088 1528">
     <span class='ocr_line' id='line_1_76' title="bbox 1268 1482 2088 1528; baseline 0.005 -14"><span class='ocrx_word' id='word_1_391' title='bbox 1268 1482 1363 1528; x_wconf 87' lang='lat' dir='ltr'>tiquis</span> <span class='ocrx_word' id='word_1_392' title='bbox 1385 1482 1675 1522; x_wconf 75' lang='lat' dir='ltr'>constitutionibus,</span> <span class='ocrx_word' id='word_1_393' title='bbox 1699 1483 1879 1528; x_wconf 86' lang='lat' dir='ltr'>praesertim</span> <span class='ocrx_word' id='word_1_394' title='bbox 1913 1483 2017 1518; x_wconf 83' lang='lat' dir='ltr'>Bene·</span> <span class='ocrx_word' id='word_1_395' title='bbox 2046 1504 2088 1521; x_wconf 49' lang='grc' dir='ltr'>ῃ</span> 
     </span>
    </p>
   </div>
   <div class='ocr_carea' id='block_1_9' title="bbox 1265 1531 2019 2125">
    <p class='ocr_par' dir='ltr' id='par_1_11' title="bbox 1265 1531 2019 2125">
     <span class='ocr_line' id='line_1_77' title="bbox 1266 1531 2017 1579; baseline 0.003 -15"><span class='ocrx_word' id='word_1_396' title='bbox 1266 1531 1337 1565; x_wconf 87' lang='lat' dir='ltr'>dicti</span> <span class='ocrx_word' id='word_1_397' title='bbox 1357 1531 1459 1578; x_wconf 81' lang='lat' dir='ltr'>Papae</span> <span class='ocrx_word' id='word_1_398' title='bbox 1481 1531 1538 1566; x_wconf 83' lang='lat' dir='ltr'>th</span> <span class='ocrx_word' id='word_1_399' title='bbox 1564 1532 1812 1579; x_wconf 81' lang='lat' dir='ltr'>praedecessoris</span> <span class='ocrx_word' id='word_1_400' title='bbox 1835 1533 2017 1572; x_wconf 87' lang='lat' dir='ltr'>nostri,mi-</span> 
     </span>
     <span class='ocr_line' id='line_1_78' title="bbox 1268 1581 2018 1628; baseline 0.004 -15"><span class='ocrx_word' id='word_1_401' title='bbox 1268 1581 1350 1615; x_wconf 87' lang='lat' dir='ltr'>nime</span> <span class='ocrx_word' id='word_1_402' title='bbox 1378 1589 1541 1616; x_wconf 87' lang='lat' dir='ltr'>teneantur</span> <span class='ocrx_word' id='word_1_403' title='bbox 1555 1582 1705 1625; x_wconf 82' lang='lat' dir='ltr'>adstricti,</span> <span class='ocrx_word' id='word_1_404' title='bbox 1732 1582 1880 1628; x_wconf 89' lang='lat' dir='ltr'>quoniam</span> <span class='ocrx_word' id='word_1_405' title='bbox 1903 1594 2018 1626; x_wconf 89' lang='lat' dir='ltr'>mores,</span> 
     </span>
     <span class='ocr_line' id='line_1_79' title="bbox 1266 1630 2018 1666; baseline 0.003 -3"><span class='ocrx_word' id='word_1_406' title='bbox 1266 1630 1480 1664; x_wconf 81' lang='lat' dir='ltr'>observantias</span> <span class='ocrx_word' id='word_1_407' title='bbox 1509 1641 1538 1665; x_wconf 90' lang='lat' dir='ltr'>et</span> <span class='ocrx_word' id='word_1_408' title='bbox 1573 1631 1823 1665; x_wconf 83' lang='lat' dir='ltr'>consuetudines</span> <span class='ocrx_word' id='word_1_409' title='bbox 1851 1631 2018 1666; x_wconf 91' lang='lat' dir='ltr'>abundan-</span> 
     </span>
     <span class='ocr_line' id='line_1_80' title="bbox 1266 1679 2019 1726; baseline 0.004 -14"><span class='ocrx_word' id='word_1_410' title='bbox 1266 1680 1361 1713; x_wconf 81' lang='lat' dir='ltr'>tiores</span> <span class='ocrx_word' id='word_1_411' title='bbox 1388 1679 1504 1713; x_wconf 88' lang='lat' dir='ltr'>babent</span> <span class='ocrx_word' id='word_1_412' title='bbox 1527 1679 1600 1719; x_wconf 76' lang='lat' dir='ltr'>illis,</span> <span class='ocrx_word' id='word_1_413' title='bbox 1623 1688 1653 1713; x_wconf 90' lang='lat' dir='ltr'>et</span> <span class='ocrx_word' id='word_1_414' title='bbox 1680 1681 1709 1714; x_wconf 88' lang='lat' dir='ltr'>in</span> <span class='ocrx_word' id='word_1_415' title='bbox 1734 1680 1956 1726; x_wconf 82' lang='lat' dir='ltr'>rigitlitatibus,</span> <span class='ocrx_word' id='word_1_416' title='bbox 1984 1693 2019 1715; x_wconf 87' lang='lat' dir='ltr'>ac</span> 
     </span>
     <span class='ocr_line' id='line_1_81' title="bbox 1266 1728 2018 1776; baseline 0.003 -14"><span class='ocrx_word' id='word_1_417' title='bbox 1266 1728 1431 1776; x_wconf 80' lang='lat' dir='ltr'>disciplina</span> <span class='ocrx_word' id='word_1_418' title='bbox 1446 1729 1575 1764; x_wconf 87' lang='lat' dir='ltr'>Ordinis</span> <span class='ocrx_word' id='word_1_419' title='bbox 1593 1729 1776 1770; x_wconf 84' lang='lat' dir='ltr'>strictiores,</span> <span class='ocrx_word' id='word_1_420' title='bbox 1798 1738 1827 1764; x_wconf 90' lang='lat' dir='ltr'>et</span> <span class='ocrx_word' id='word_1_421' title='bbox 1847 1729 2018 1764; x_wconf 85' lang='lat' dir='ltr'>observan-</span> 
     </span>
     <span class='ocr_line' id='line_1_82' title="bbox 1267 1779 2016 1826; baseline 0.004 -15"><span class='ocrx_word' id='word_1_422' title='bbox 1267 1779 1326 1813; x_wconf 89' lang='lat' dir='ltr'>tiae</span> <span class='ocrx_word' id='word_1_423' title='bbox 1350 1779 1482 1825; x_wconf 83' lang='lat' dir='ltr'>regulari</span> <span class='ocrx_word' id='word_1_424' title='bbox 1505 1779 1663 1826; x_wconf 88' lang='lat' dir='ltr'>aptiores,</span> <span class='ocrx_word' id='word_1_425' title='bbox 1705 1779 1743 1814; x_wconf 90' lang='lat' dir='ltr'>ad</span> <span class='ocrx_word' id='word_1_426' title='bbox 1766 1779 2016 1814; x_wconf 84' lang='lat' dir='ltr'>conservandum</span> 
     </span>
     <span class='ocr_line' id='line_1_83' title="bbox 1267 1828 2019 1876; baseline 0.003 -14"><span class='ocrx_word' id='word_1_427' title='bbox 1267 1828 1426 1875; x_wconf 82' lang='lat' dir='ltr'>religionis</span> <span class='ocrx_word' id='word_1_428' title='bbox 1448 1828 1571 1863; x_wconf 88' lang='lat' dir='ltr'>debitae</span> <span class='ocrx_word' id='word_1_429' title='bbox 1594 1838 1721 1864; x_wconf 88' lang='lat' dir='ltr'>statum.</span> <span class='ocrx_word' id='word_1_430' title='bbox 1744 1828 1915 1864; x_wconf 90' lang='lat' dir='ltr'>Universos</span> <span class='ocrx_word' id='word_1_431' title='bbox 1937 1842 2019 1876; x_wconf 91' lang='lat' dir='ltr'>quo-</span> 
     </span>
     <span class='ocr_line' id='line_1_84' title="bbox 1265 1878 2017 1925; baseline 0.003 -14"><span class='ocrx_word' id='word_1_432' title='bbox 1265 1890 1326 1924; x_wconf 85' lang='lat' dir='ltr'>que</span> <span class='ocrx_word' id='word_1_433' title='bbox 1370 1879 1622 1924; x_wconf 78' lang='lat' dir='ltr'>congregationis</span> <span class='ocrx_word' id='word_1_434' title='bbox 1670 1878 1831 1925; x_wconf 87' lang='lat' dir='ltr'>religionis</span> <span class='ocrx_word' id='word_1_435' title='bbox 1875 1879 2017 1913; x_wconf 86' lang='lat' dir='ltr'>eiusdem</span> 
     </span>
     <span class='ocr_line' id='line_1_85' title="bbox 1266 1928 2017 1975; baseline 0.003 -14"><span class='ocrx_word' id='word_1_436' title='bbox 1266 1928 1431 1974; x_wconf 68' lang='lat' dir='ltr'>praelatos,</span> <span class='ocrx_word' id='word_1_437' title='bbox 1456 1929 1587 1975; x_wconf 85' lang='lat' dir='ltr'>priores,</span> <span class='ocrx_word' id='word_1_438' title='bbox 1622 1937 1757 1963; x_wconf 86' lang='lat' dir='ltr'>rectores</span> <span class='ocrx_word' id='word_1_439' title='bbox 1796 1937 1825 1962; x_wconf 90' lang='lat' dir='ltr'>et</span> <span class='ocrx_word' id='word_1_440' title='bbox 1861 1928 2017 1968; x_wconf 85' lang='lat' dir='ltr'>subditos,</span> 
     </span>
     <span class='ocr_line' id='line_1_86' title="bbox 1266 1978 2017 2024; baseline 0.003 -13"><span class='ocrx_word' id='word_1_441' title='bbox 1266 1990 1322 2024; x_wconf 88' lang='lat' dir='ltr'>pro</span> <span class='ocrx_word' id='word_1_442' title='bbox 1344 1990 1453 2012; x_wconf 91' lang='lat' dir='ltr'>eorum</span> <span class='ocrx_word' id='word_1_443' title='bbox 1481 1978 1664 2013; x_wconf 82' lang='lat' dir='ltr'>excessibus</span> <span class='ocrx_word' id='word_1_444' title='bbox 1696 1979 1760 2013; x_wconf 89' lang='lat' dir='ltr'>sive</span> <span class='ocrx_word' id='word_1_445' title='bbox 1790 1978 1915 2012; x_wconf 85' lang='lat' dir='ltr'>delictis</span> <span class='ocrx_word' id='word_1_446' title='bbox 1946 1991 2017 2013; x_wconf 87' lang='lat' dir='ltr'>cor-</span> 
     </span>
     <span class='ocr_line' id='line_1_87' title="bbox 1265 2027 2017 2083; baseline 0.003 -22"><span class='ocrx_word' id='word_1_447' title='bbox 1265 2027 1364 2073; x_wconf 83' lang='lat' dir='ltr'>rigere</span> <span class='ocrx_word' id='word_1_448' title='bbox 1393 2028 1527 2083; x_wconf 81' lang='lat' dir='ltr'>possint,</span> <span class='ocrx_word' id='word_1_449' title='bbox 1551 2037 1641 2075; x_wconf 90' lang='lat' dir='ltr'>prout</span> <span class='ocrx_word' id='word_1_450' title='bbox 1656 2027 1758 2062; x_wconf 82' lang='lat' dir='ltr'>eidem</span> <span class='ocrx_word' id='word_1_451' title='bbox 1779 2028 1916 2075; x_wconf 89' lang='lat' dir='ltr'>capitulo</span> <span class='ocrx_word' id='word_1_452' title='bbox 1952 2029 2017 2063; x_wconf 86' lang='lat' dir='ltr'>sive</span> 
     </span>
     <span class='ocr_line' id='line_1_88' title="bbox 1266 2077 2017 2125; baseline 0.003 -15"><span class='ocrx_word' id='word_1_453' title='bbox 1266 2077 1408 2123; x_wconf 84' lang='lat' dir='ltr'>regimini</span> <span class='ocrx_word' id='word_1_454' title='bbox 1434 2078 1596 2125; x_wconf 88' lang='lat' dir='ltr'>principali</span> <span class='ocrx_word' id='word_1_455' title='bbox 1620 2090 1743 2116; x_wconf 87' lang='lat' dir='ltr'>eorum,</span> <span class='ocrx_word' id='word_1_456' title='bbox 1762 2078 1877 2112; x_wconf 88' lang='lat' dir='ltr'>melius</span> <span class='ocrx_word' id='word_1_457' title='bbox 1903 2087 1934 2112; x_wconf 87' lang='lat' dir='ltr'>et</span> <span class='ocrx_word' id='word_1_458' title='bbox 1957 2078 2017 2112; x_wconf 89' lang='lat' dir='ltr'>uti-</span> 
     </span>
    </p>
   </div>
   <div class='ocr_carea' id='block_1_10' title="bbox 1264 2131 2016 2221">
    <p class='ocr_par' dir='ltr' id='par_1_12' title="bbox 1264 2131 2016 2221">
     <span class='ocr_line' id='line_1_89' title="bbox 1264 2131 2016 2192; baseline 0.003 -28"><span class='ocrx_word' id='word_1_459' title='bbox 1264 2131 1324 2165; x_wconf 90' lang='lat' dir='ltr'>lius</span> <span class='ocrx_word' id='word_1_460' title='bbox 1351 2131 1527 2166; x_wconf 87' lang='lat' dir='ltr'>secundnm</span> <span class='ocrx_word' id='word_1_461' title='bbox 1563 2132 1663 2166; x_wconf 91' lang='lat' dir='ltr'>Deum</span> <span class='ocrx_word' id='word_1_462' title='bbox 1693 2132 1918 2192; x_wconf 81' lang='lat' dir='ltr'>religionisque</span> <span class='ocrx_word' id='word_1_463' title='bbox 1954 2133 2016 2166; x_wconf 90' lang='lat' dir='ltr'>de-</span> 
     </span>
     <span class='ocr_line' id='line_1_90' title="bbox 1265 2185 1752 2221; baseline 0.002 -2"><span class='ocrx_word' id='word_1_464' title='bbox 1265 2185 1363 2220; x_wconf 90' lang='lat' dir='ltr'>bitum</span> <span class='ocrx_word' id='word_1_465' title='bbox 1393 2186 1549 2220; x_wconf 86' lang='lat' dir='ltr'>videbitur</span> <span class='ocrx_word' id='word_1_466' title='bbox 1571 2187 1752 2221; x_wconf 74' lang='lat' dir='ltr'>contenire</span> 
     </span>
    </p>
   </div>
   <div class='ocr_carea' id='block_1_11' title="bbox 1264 2240 2212 2342">
    <p class='ocr_par' dir='ltr' id='par_1_13' title="bbox 1264 2240 2212 2342">
     <span class='ocr_line' id='line_1_91' title="bbox 1312 2240 2210 2300; baseline 0 -25"><span class='ocrx_word' id='word_1_467' title='bbox 1312 2245 1327 2283; x_wconf 69' lang='grc' dir='ltr'><strong>ξ</strong></span> <span class='ocrx_word' id='word_1_468' title='bbox 1354 2244 1386 2275; x_wconf 93' lang='grc'>4.</span> <span class='ocrx_word' id='word_1_469' title='bbox 1415 2240 1536 2275; x_wconf 87' lang='lat' dir='ltr'>Statuta</span> <span class='ocrx_word' id='word_1_470' title='bbox 1559 2254 1685 2300; x_wconf 82' lang='lat' dir='ltr'>quoque</span> <span class='ocrx_word' id='word_1_471' title='bbox 1719 2250 1749 2275; x_wconf 91' lang='lat' dir='ltr'>et</span> <span class='ocrx_word' id='word_1_472' title='bbox 1783 2240 1925 2276; x_wconf 87' lang='lat' dir='ltr'>ordinata</span> <span class='ocrx_word' id='word_1_473' title='bbox 1962 2254 2016 2288; x_wconf 88' lang='lat' dir='ltr'>per</span> <span class='ocrx_word' id='word_1_474' title='bbox 2044 2250 2100 2271; x_wconf 78' lang='lat' dir='ltr'>De</span> <span class='ocrx_word' id='word_1_475' title='bbox 2092 2253 2176 2271; x_wconf 74' lang='lat' dir='ltr'>statut·</span> <span class='ocrx_word' id='word_1_476' title='bbox 2191 2258 2210 2271; x_wconf 79' lang='lat' dir='ltr'><em>m</em></span> 
     </span>
     <span class='ocr_line' id='line_1_92' title="bbox 1264 2283 2212 2342; baseline 0.002 -13"><span class='ocrx_word' id='word_1_477' title='bbox 1264 2296 1364 2342; x_wconf 82' lang='lat' dir='ltr'>ipsum</span> <span class='ocrx_word' id='word_1_478' title='bbox 1388 2295 1575 2342; x_wconf 80' lang='lat' dir='ltr'>capitulum,</span> <span class='ocrx_word' id='word_1_479' title='bbox 1597 2295 1662 2329; x_wconf 77' lang='lat' dir='ltr'>sive</span> <span class='ocrx_word' id='word_1_480' title='bbox 1686 2295 1832 2330; x_wconf 83' lang='lat' dir='ltr'>maiorem</span> <span class='ocrx_word' id='word_1_481' title='bbox 1856 2303 1886 2329; x_wconf 86' lang='lat' dir='ltr'>et</span> <span class='ocrx_word' id='word_1_482' title='bbox 1908 2297 2014 2330; x_wconf 88' lang='lat' dir='ltr'>sauio-</span> <span class='ocrx_word' id='word_1_483' title='bbox 2029 2283 2212 2337; x_wconf 48' lang='grc' dir='ltr'>ζἰἶῗᾞιῨῃαῗῗῖἶ</span> 
     </span>
    </p>
   </div>
   <div class='ocr_carea' id='block_1_12' title="bbox 2028 2348 2211 2403">
    <p class='ocr_par' dir='ltr' id='par_1_14' title="bbox 2028 2348 2211 2403">
     <span class='ocr_line' id='line_1_93' title="bbox 2033 2348 2211 2369; baseline -0.006 -4"><span class='ocrx_word' id='word_1_484' title='bbox 2033 2348 2063 2365; x_wconf 82' lang='lat' dir='ltr'>tra</span> <span class='ocrx_word' id='word_1_485' title='bbox 2054 2351 2103 2369; x_wconf 70' lang='lat' dir='ltr'>‘tnsg</span> <span class='ocrx_word' id='word_1_486' title='bbox 2106 2350 2147 2365; x_wconf 68' lang='grc' dir='ltr'>τος.</span> <span class='ocrx_word' id='word_1_487' title='bbox 2143 2351 2176 2364; x_wconf 87' lang='lat' dir='ltr'>or</span> <span class='ocrx_word' id='word_1_488' title='bbox 2179 2351 2211 2364; x_wconf 84' lang='lat' dir='ltr'>unt</span> 
     </span>
     <span class='ocr_line' id='line_1_94' title="bbox 2028 2377 2110 2403; baseline 0 -7"><span class='ocrx_word' id='word_1_489' title='bbox 2028 2377 2110 2403; x_wconf 76' lang='lat' dir='ltr'>poenis.</span> 
     </span>
    </p>
   </div>
   <div class='ocr_carea' id='block_1_13' title="bbox 1261 2349 2014 2723">
    <p class='ocr_par' dir='ltr' id='par_1_15' title="bbox 1261 2349 2014 2723">
     <span class='ocr_line' id='line_1_95' title="bbox 1264 2349 2014 2396; baseline 0.001 -13"><span class='ocrx_word' id='word_1_490' title='bbox 1264 2362 1328 2384; x_wconf 88' lang='lat' dir='ltr'>rem</span> <span class='ocrx_word' id='word_1_491' title='bbox 1352 2350 1419 2384; x_wconf 90' lang='lat' dir='ltr'>eius</span> <span class='ocrx_word' id='word_1_492' title='bbox 1443 2358 1574 2396; x_wconf 86' lang='lat' dir='ltr'>partem,</span> <span class='ocrx_word' id='word_1_493' title='bbox 1594 2350 1633 2384; x_wconf 87' lang='lat' dir='ltr'>ab</span> <span class='ocrx_word' id='word_1_494' title='bbox 1655 2349 1803 2384; x_wconf 89' lang='lat' dir='ltr'>omnibus</span> <span class='ocrx_word' id='word_1_495' title='bbox 1825 2359 1855 2384; x_wconf 89' lang='lat' dir='ltr'>et</span> <span class='ocrx_word' id='word_1_496' title='bbox 1882 2350 2014 2396; x_wconf 84' lang='lat' dir='ltr'>singulis</span> 
     </span>
     <span class='ocr_line' id='line_1_96' title="bbox 1263 2403 2013 2450; baseline 0.003 -14"><span class='ocrx_word' id='word_1_497' title='bbox 1263 2404 1364 2438; x_wconf 84' lang='lat' dir='ltr'>dictae</span> <span class='ocrx_word' id='word_1_498' title='bbox 1379 2404 1632 2449; x_wconf 85' lang='lat' dir='ltr'>congregationis</span> <span class='ocrx_word' id='word_1_499' title='bbox 1648 2403 1810 2449; x_wconf 86' lang='lat' dir='ltr'>religionis</span> <span class='ocrx_word' id='word_1_500' title='bbox 1827 2404 2013 2450; x_wconf 74' lang='lat' dir='ltr'>praedictae,</span> 
     </span>
     <span class='ocr_line' id='line_1_97' title="bbox 1264 2458 2012 2506; baseline 0.001 -15"><span class='ocrx_word' id='word_1_501' title='bbox 1264 2467 1323 2492; x_wconf 88' lang='lat' dir='ltr'>tam</span> <span class='ocrx_word' id='word_1_502' title='bbox 1348 2458 1518 2505; x_wconf 85' lang='lat' dir='ltr'>prioribus,</span> <span class='ocrx_word' id='word_1_503' title='bbox 1547 2458 1744 2506; x_wconf 80' lang='lat' dir='ltr'>praepositis,</span> <span class='ocrx_word' id='word_1_504' title='bbox 1779 2458 1953 2492; x_wconf 76' lang='lat' dir='ltr'>rectoribus</span> <span class='ocrx_word' id='word_1_505' title='bbox 1983 2466 2012 2492; x_wconf 85' lang='lat' dir='ltr'>et</span> 
     </span>
     <span class='ocr_line' id='line_1_98' title="bbox 1262 2512 2013 2560; baseline 0.001 -16"><span class='ocrx_word' id='word_1_506' title='bbox 1262 2514 1433 2552; x_wconf 68' lang='lat' dir='ltr'>canonicis,</span> <span class='ocrx_word' id='word_1_507' title='bbox 1446 2526 1539 2560; x_wconf 86' lang='lat' dir='ltr'>quam</span> <span class='ocrx_word' id='word_1_508' title='bbox 1563 2513 1698 2547; x_wconf 89' lang='lat' dir='ltr'>subditis</span> <span class='ocrx_word' id='word_1_509' title='bbox 1722 2513 1944 2547; x_wconf 88' lang='lat' dir='ltr'>iuviolabiliter</span> <span class='ocrx_word' id='word_1_510' title='bbox 1962 2512 2013 2546; x_wconf 90' lang='lat' dir='ltr'>ob-</span> 
     </span>
     <span class='ocr_line' id='line_1_99' title="bbox 1262 2567 2012 2602; baseline 0.001 -3"><span class='ocrx_word' id='word_1_511' title='bbox 1262 2576 1438 2601; x_wconf 78' lang='lat' dir='ltr'>serventur.</span> <span class='ocrx_word' id='word_1_512' title='bbox 1462 2567 1530 2602; x_wconf 90' lang='lat' dir='ltr'>Non</span> <span class='ocrx_word' id='word_1_513' title='bbox 1555 2568 1750 2602; x_wconf 76' lang='lat' dir='ltr'>intendentes</span> <span class='ocrx_word' id='word_1_514' title='bbox 1773 2576 1875 2602; x_wconf 87' lang='lat' dir='ltr'>tamen</span> <span class='ocrx_word' id='word_1_515' title='bbox 1892 2567 1931 2602; x_wconf 93' lang='lat' dir='ltr'>ob</span> <span class='ocrx_word' id='word_1_516' title='bbox 1954 2567 2012 2601; x_wconf 88' lang='lat' dir='ltr'>hoc</span> 
     </span>
     <span class='ocr_line' id='line_1_100' title="bbox 1264 2622 2010 2670; baseline 0.001 -16"><span class='ocrx_word' id='word_1_517' title='bbox 1264 2623 1529 2667; x_wconf 83' lang='lat' dir='ltr'>transgredientes</span> <span class='ocrx_word' id='word_1_518' title='bbox 1557 2623 1742 2669; x_wconf 88' lang='lat' dir='ltr'>simpliciter</span> <span class='ocrx_word' id='word_1_519' title='bbox 1774 2622 1811 2657; x_wconf 87' lang='lat' dir='ltr'>ad</span> <span class='ocrx_word' id='word_1_520' title='bbox 1850 2630 2010 2670; x_wconf 85' lang='lat' dir='ltr'>peccatum</span> 
     </span>
     <span class='ocr_line' id='line_1_101' title="bbox 1261 2674 2012 2723; baseline 0.003 -16"><span class='ocrx_word' id='word_1_521' title='bbox 1261 2674 1386 2721; x_wconf 84' lang='lat' dir='ltr'>aliquod</span> <span class='ocrx_word' id='word_1_522' title='bbox 1415 2688 1598 2721; x_wconf 82' lang='lat' dir='ltr'>aggravare:</span> <span class='ocrx_word' id='word_1_523' title='bbox 1628 2677 1683 2711; x_wconf 88' lang='lat' dir='ltr'>sed</span> <span class='ocrx_word' id='word_1_524' title='bbox 1712 2677 1922 2723; x_wconf 88' lang='lat' dir='ltr'>poenitentiae</span> <span class='ocrx_word' id='word_1_525' title='bbox 1950 2685 2012 2709; x_wconf 86' lang='lat' dir='ltr'>tan-</span> 
     </span>
    </p>
   </div>
   <div class='ocr_carea' id='block_1_14' title="bbox 2038 293 2213 321">
    <p class='ocr_par' dir='ltr' id='par_1_16' title="bbox 2038 293 2213 321">
     <span class='ocr_line' id='line_1_102' title="bbox 2038 293 2213 321; baseline 0.011 -3"><span class='ocrx_word' id='word_1_526' title='bbox 2038 293 2087 319; x_wconf 80' lang='grc' dir='ltr'>Αη.</span> <span class='ocrx_word' id='word_1_527' title='bbox 2103 293 2130 319; x_wconf 92' lang='lat' dir='ltr'>C.</span> <span class='ocrx_word' id='word_1_528' title='bbox 2151 294 2213 321; x_wconf 76' lang='lat' dir='ltr'>¹1th</span> 
     </span>
    </p>
   </div>
   <div class='ocr_carea' id='block_1_15' title="bbox 2032 1440 2215 1554">
    <p class='ocr_par' dir='ltr' id='par_1_17' title="bbox 2032 1440 2215 1554">
     <span class='ocr_line' id='line_1_103' title="bbox 2036 1440 2215 1463; baseline 0.011 -4"><span class='ocrx_word' id='word_1_529' title='bbox 2036 1440 2215 1463; x_wconf 64' lang='lat' dir='ltr'>Dei-oa.itioBtillae</span> 
     </span>
     <span class='ocr_line' id='line_1_104' title="bbox 2032 1470 2213 1491; baseline 0.006 -1"><span class='ocrx_word' id='word_1_530' title='bbox 2032 1470 2139 1491; x_wconf 56' lang='lat' dir='ltr'>Benedicti</span> <span class='ocrx_word' id='word_1_531' title='bbox 2178 1471 2213 1491; x_wconf 68' lang='lat' dir='ltr'>xli</span> 
     </span>
     <span class='ocr_line' id='line_1_105' title="bbox 2138 1506 2215 1523; baseline 0.013 -1"><span class='ocrx_word' id='word_1_532' title='bbox 2138 1506 2215 1523; x_wconf 66' lang='lat' dir='ltr'>statuta</span> 
     </span>
     <span class='ocr_line' id='line_1_106' title="bbox 2033 1533 2201 1554; baseline 0.012 -2"><span class='ocrx_word' id='word_1_533' title='bbox 2033 1533 2093 1553; x_wconf 77' lang='lat' dir='ltr'>huius</span> <span class='ocrx_word' id='word_1_534' title='bbox 2109 1534 2201 1554; x_wconf 80' lang='lat' dir='ltr'>Ordinis.</span> 
     </span>
    </p>
   </div>
  </div>
 </body>
</html>
