2274 3265
113 237 162 264 An.
187 237 213 264 C.
230 238 291 264 ¹371

127 639 241 659 Concessio
263 639 296 664 (do

116 671 183 697 quain
195 670 276 690 rubi-ita

125 1228 298 1256 capitulumsm.

117 1260 142 1281 Μ.
168 1262 187 1281 in
212 1266 299 1287 posses-

117 1293 197 1312 sionem
224 1291 300 1312 Eccle-

117 1324 160 1343 siae
177 1323 236 1342 datae
261 1324 300 1343 im-

116 1354 246 1374 mittendum.

125 1722 256 1745 obstantium
266 1725 301 1744 de-
329 1728 334 1733 ·

117 1756 204 1780 rogatin.

913 239 999 262 (iiRffl
1004 240 1099 262 otttts

310 292 412 338 tigerit
439 293 597 327 attentari:
626 302 656 328 et
687 294 766 328 sicut
805 294 985 341 accepimus
1023 294 1052 328 ιιι

309 342 389 376 dicta
412 342 542 377 ecclesia
565 342 663 377 officia
691 343 794 378 divina
822 343 949 377 minime
971 343 1054 378 cele-

310 392 457 436 litentur
478 391 549 426 dict
543 405 623 439 ique
639 393 768 428 (ιεεΙι5ιιι
796 392 929 427 Sanctae
942 392 1055 427 Mariae

309 441 446 476 minetur
469 442 601 483 ruinam,
629 451 658 476 et
680 442 718 477 ad
742 443 808 477 eius
827 442 1054 489 reparationem

311 499 472 537 propterca
497 491 596 539 ipsius
625 491 780 527 Ecclesiae
803 504 864 526 non
888 500 1057 539 suppetant

310 540 479 575 facultates.

357 590 431 638 52.
459 589 523 624 Νο5
554 589 738 625 dilectorum
779 590 911 625 [iliorum
948 589 1057 637 prioris

311 648 340 674 ct
361 639 486 686 capituli
512 639 669 674 Ecclesiae
696 640 828 675 Sanctae
856 640 969 675 lllaiiae
1002 653 1058 674 su-

291 685 479 737 pradictae‚
501 701 581 735 quae
603 689 773 724 saecularis
806 698 863 729 est,
897 689 1053 736 supplica-1

311 739 448 773 tionibus
486 737 636 779 inclinati,
665 739 855 785 praedictam
883 739 1056 774 Ecclesiam

310 788 417 823 Sancti
437 787 539 822 Lucae¹
561 788 606 822 sic
626 795 797 832 vacantem,
820 789 912 823 cuius
929 789 1058 829 finctus,

312 837 451 873 redditus
472 845 502 871 et
530 845 699 884 proventus
726 837 893 873 duodecim
917 838 1058 873 floreno-

312 900 379 922 rum
396 886 462 921 auri
479 885 525 920 vel
548 887 672 921 circiter
689 887 836 932 valorem,
851 895 883 922 ut
897 888 1058 928 asseritur,

312 949 373 970 non
396 935 566 978 excedunt,
588 949 659 970 cum
699 936 848 971 omnibus
876 937 996 972 iuribus
1030 946 1060 972 et

311 985 509 1032 pertinentiis
531 986 595 1019 suis
617 985 736 1020 eisdem
761 986 853 1032 priori
877 995 907 1020 et
924 987 1060 1034 capitulo

310 1047 346 1069 ac
373 1034 532 1069 Ecclesiae
558 1034 692 1071 Sanctae
714 1036 829 1071 Mariae
863 1035 987 1071 Maioris
1024 1048 1060 1071 ex

312 1097 396 1119 nunc
417 1084 601 1119 auctoritate
622 1085 790 1132 apostolica
811 1086 1061 1133 incorporamus,

312 1142 510 1168 annectimus
533 1142 685 1181 perpetuo
700 1143 729 1168 et
753 1135 891 1169 unimus.

362 1183 382 1230 ἓ
409 1186 440 1218 5.
467 1182 575 1230 Itaque
599 1184 686 1219 liceat
707 1184 824 1218 eisdem
848 1185 940 1231 priori
964 1192 994 1218 et
1016 1196 1064 1219 ca-

315 1233 414 1279 pitulo
440 1233 630 1279 corporalem
660 1233 889 1280 possessionem
904 1233 1063 1268 Ecclesiae

314 1282 421 1317 Sancti
437 1281 552 1322 Lucae,
568 1282 746 1329 iuriuuique
760 1291 789 1317 et
802 1282 1062 1329 pertinentiarum

315 1331 544 1379 praedictorum
570 1344 625 1378 per
645 1344 678 1366 se
708 1332 753 1366 vel
781 1331 875 1365 alium
904 1344 960 1366 scu
987 1332 1064 1366 alios

314 1381 496 1416 auctoritate
511 1381 633 1427 propria
648 1381 884 1428 apprchendere
898 1389 926 1414 ct
942 1388 1060 1424 tenere,

316 1431 481 1477 ipsamque
495 1429 670 1464 Ecclesiam
693 1430 799 1465 Sancti
818 1430 922 1465 Lucae
940 1430 1020 1465 licite
1034 1431 1063 1465 in

314 1488 502 1527 perpetuum
527 1479 675 1514 retinere:
705 1479 888 1526 fructusque
912 1480 1010 1526 ipsius
1034 1480 1063 1514 in

316 1530 445 1564 utilitate
468 1528 565 1576 ipsius
580 1528 739 1564 Ecclesiae
757 1528 790 1563 S.
807 1529 922 1563 Mariae
938 1529 1064 1564 Maioris

313 1578 522 1622 committere,
545 1579 774 1626 cuiuscumque
789 1579 911 1614 licentia
937 1579 1064 1614 minime

315 1627 476 1676 requisita.

362 1679 382 1725 g
409 1681 441 1712 4.
464 1676 532 1712 Non
566 1677 764 1712 obstantibus
791 1677 890 1712 felicis
919 1677 1066 1713 recorda-

316 1728 409 1762 tionis
439 1726 557 1762 Urbani
602 1726 705 1774 Papae
738 1726 776 1771 V,
813 1727 1065 1774 praedecessoris

316 1777 424 1816 nostri,
451 1784 480 1811 et
501 1776 571 1811 aliis
594 1777 871 1811 constitutionibus
885 1777 1066 1823 apostolicis

315 1826 479 1862 contrariis
504 1825 775 1873 quibuscumque:
804 1839 857 1860 seu
895 1827 919 1860 si
952 1826 1066 1873 aliquis

315 1888 410 1923 super
425 1875 658 1922 provisionibus
672 1875 729 1910 sibi
746 1875 895 1910 faciendis
907 1875 946 1910 (le
959 1875 1067 1910 liuius-

317 1925 399 1960 modi
424 1924 575 1959 Ecclesiis
599 1925 644 1959 vel
668 1925 734 1959 aliis
762 1924 924 1959 beneficiis
956 1925 1065 1960 eccle-

316 1974 449 2009 siasticis
480 1974 509 2008 in
543 1973 612 2009 aliis
653 1973 793 2021 partibus
827 1973 980 2021 speciales
1020 1974 1065 2009 iel

315 2023 478 2079 generales
502 2023 701 2078 Apostolicae
723 2023 815 2058 Sedis
829 2024 872 2058 vel
891 2023 1063 2070 legatorum

315 2087 382 2108 cius
418 2072 522 2108 literas
557 2073 788 2120 impetraverit:
818 2074 909 2108 etiam
951 2074 975 2108 si
1011 2086 1065 2121 per

315 2136 366 2158 eas
393 2122 430 2157 ad
464 2122 705 2163 inhibitionem,
743 2123 984 2158 reservationem
1034 2132 1064 2158 et

315 2173 476 2208 decretum
496 2172 541 2207 vel
564 2173 639 2207 alias
660 2173 897 2220 quomodolibet
924 2173 962 2207 sit
986 2186 1064 2220 pro—

315 2235 449 2257 cessum.
474 2222 561 2264 Quas
580 2223 707 2270 quidem
729 2223 831 2257 literas
846 2231 875 2257 et
899 2235 1064 2267 processus

315 2272 439 2306 liabitos
460 2285 514 2319 per
549 2272 672 2307 easdem
696 2272 733 2306 ad
757 2272 870 2308 dictam
887 2272 1062 2307 Ecclesiam

314 2322 420 2357 Sancti
444 2322 548 2356 Lucae
576 2322 720 2357 volumus
749 2334 809 2356 non
838 2322 980 2357 extendi:
1009 2322 1063 2356 sed

316 2372 434 2406 nullum
465 2385 518 2418 per
545 2372 604 2406 lioc
636 2373 680 2407 eis
707 2372 808 2419 quoad
832 2372 1062 2407 assecutionem

315 2421 525 2457 Ecclesiarum
542 2429 571 2456 et
587 2421 812 2456 beneficiorum
833 2422 963 2456 aliorum
979 2434 1064 2469 prae-

316 2471 464 2506 iudicium
493 2472 647 2517 generari,
674 2484 709 2506 ea
737 2471 931 2518 quibuslibet
966 2472 1064 2518 privi—

315 2521 428 2568 legiis,
457 2521 658 2568 indulgentiis
690 2530 716 2555 et
755 2521 853 2556 literis
881 2521 1063 2568 apostolicis

315 2570 515 2617 generalibus
557 2571 601 2605 vel
636 2571 828 2618 specialibus
864 2584 1063 2618 quorumque

315 2629 458 2656 tenorum
481 2621 627 2661 existant,
651 2634 705 2668 per
732 2634 811 2668 quae
844 2620 1062 2668 praesentibus

1128 240 1159 261 xi
1185 240 1232 261 ιιι».
1719 232 1790 264 555

1094 306 1155 327 ιιοιι
1178 306 1326 341 expressa
1350 295 1395 329 vel
1419 295 1552 331 totaliter
1579 308 1640 331 non
1660 297 1775 331 inserta
1798 296 1839 331 ef-

1094 343 1193 377 fectus
1221 344 1432 389 praesentium
1463 345 1607 392 impediri
1637 346 1733 380 valeat
1759 358 1840 393 quo-

1096 392 1264 427 modolibet
1287 394 1332 428 vel
1348 394 1478 429 differri:
1502 403 1531 429 et
1552 395 1590 430 de
1612 395 1739 442 quibus,
1760 408 1841 443 quo-

1096 454 1229 489 rumque
1253 442 1324 478 totis
1352 444 1513 478 tenoribus
1534 444 1572 478 de
1596 444 1688 479 verbo
1709 445 1747 480 ad
1771 457 1841 480 ver-

1096 492 1168 526 bum
1198 491 1339 527 liabenda
1362 494 1401 528 sit
1425 493 1453 527 in
1478 494 1591 528 nostris
1610 493 1705 529 literis
1724 495 1841 530 mentio

1095 541 1249 588 specialis.
1286 541 1350 577 Nos
1371 543 1466 597 enim.
1504 551 1595 597 prout
1632 552 1692 587 est,
1720 545 1841 578 irritum

1096 591 1296 626 decernimus
1318 601 1347 627 et
1376 592 1468 627 inane
1486 605 1511 627 si
1548 604 1639 627 secus
1673 606 1767 648 super
1807 594 1844 628 iis

1096 654 1112 675 a
1146 654 1317 688 quoquam,
1351 641 1459 688 quavis
1499 642 1683 677 auctoritate
1709 644 1844 678 scienter

1098 690 1142 725 vel
1169 691 1257 736 ignor
1259 700 1358 732 anter,
1385 699 1567 726 attentatum
1586 691 1686 727 forsan
1705 700 1751 727 est
1770 692 1846 727 bae-

1099 748 1188 775 tenus
1206 740 1252 774 vel
1282 741 1487 787 imposterum
1502 741 1668 787 contigerit
1689 743 1844 777 attentari.

1146 790 1166 837 S
1193 792 1224 824 5.
1252 790 1335 824 Nulli
1359 802 1433 836 ergo
1461 790 1590 825 omnino
1619 791 1781 826 bominum
1810 792 1847 826 li-

1098 848 1165 874 ceat
1180 839 1260 875 lianc
1276 840 1420 886 paginam
1437 849 1561 875 nostrae
1577 840 1847 896 incorporationis,

1098 890 1297 927 annexionis
1325 890 1461 929 unionis
1490 890 1658 925 voluntatis
1673 898 1703 924 et
1729 891 1849 925 consti-

1101 939 1230 974 tutionis
1257 939 1425 986 infringere
1452 948 1504 974 etc.
1528 939 1642 974 Datum
1671 939 1845 979 Avenione,

1100 989 1234 1036 septimo
1257 988 1406 1024 kalendas
1433 988 1622 1030 novembris,
1647 989 1848 1036 pontificatus

1102 1046 1198 1073 nostri
1221 1051 1303 1073 anno
1328 1051 1438 1085 primo.

1152 1099 1212 1129 Dat.
1229 1100 1275 1130 die
1290 1100 1328 1130 ⁹26
1344 1100 1472 1130 octobris
1489 1100 1574 1137 1371,
1594 1104 1672 1139 pont.
1691 1110 1767 1130 anno
1786 1110 1804 1130 1.

1452 1285 1506 1320 111.

1107 1369 1254 1412 Beneficia
1269 1378 1322 1412 per
1339 1368 1453 1400 obitum
1474 1367 1680 1411 familiarium
1698 1367 1735 1400 S.
1757 1367 1795 1399 R.
1812 1367 1852 1400 E.

1152 1417 1361 1449 cardinalium
1389 1416 1532 1449 vacantia
1558 1423 1583 1449 et
1609 1416 1763 1460 quibusvis
1782 1427 1855 1460 per-

1153 1467 1233 1499 sonis
1255 1467 1385 1504 collata,
1412 1466 1473 1499 nisi
1493 1466 1525 1500 in
1553 1466 1648 1499 literis
1672 1466 1856 1510 provisionis

1153 1517 1326 1549 eorumdem
1358 1517 1394 1549 cle
1431 1516 1644 1560 familiaritate
1681 1515 1858 1548 huiusmodi

1154 1566 1264 1599 mentio
1289 1566 1355 1611 fiat,
1377 1577 1486 1599 vacare
1507 1565 1650 1599 decernit.

1372 1652 1586 1683 SUMMARIUM

1106 1720 1271 1750 Exordium.
1299 1737 1338 1742 —
1360 1721 1385 1750 1.
1408 1720 1520 1750 Causae
1547 1720 1666 1750 decreti.
1692 1737 1729 1742 —
1751 1720 1778 1750 Ξ.
1797 1719 1855 1750 De-

1145 1770 1271 1794 cretum:
1290 1782 1327 1786 —
1346 1765 1373 1794 3.
1391 1764 1559 1794 Clausulae.

1155 1840 1301 1876 Gregorius
1319 1842 1460 1877 episcopus
1471 1847 1567 1869 servus
1593 1847 1732 1869 servorum
1750 1840 1806 1873 Dei.

1239 1891 1273 1919 ad
1306 1892 1466 1927 pei-petuam
1495 1890 1535 1919 rei
1555 1889 1723 1919 memoriam.

1154 1963 1287 1998 Romani
1312 1962 1473 1997 pontilicis
1503 1962 1697 2009 providentia
1719 1962 1857 1997 circum-

1105 2020 1210 2060 specta
1233 2016 1269 2047 ad
1292 2025 1325 2047 ea
1349 2012 1483 2047 libenter
1506 2011 1639 2047 intendit
1659 2040 1666 2052 ,
1700 2025 1755 2060 per
1776 2025 1858 2060 quae

1105 2071 1229 2098 sanctae
1263 2062 1424 2097 Romanae
1457 2062 1618 2097 Ecclesiae
1652 2061 1856 2097 cardinalium

1105 2113 1244 2148 defertur
1259 2112 1382 2155 lionori,
1409 2120 1439 2147 et
1461 2112 1491 2146 in
1508 2112 1558 2152 iis,
1577 2119 1726 2159 quantum
1744 2119 1856 2159 potest,

1106 2170 1208 2210 partes
1230 2175 1305 2197 suae
1326 2161 1535 2197 solicitudinis
1563 2161 1743 2209 interponit.

1153 2212 1173 2259 g
1202 2216 1233 2246 t.
1256 2212 1337 2246 Cum
1367 2212 1471 2259 itaque
1495 2211 1636 2245 nonnulli
1670 2210 1856 2259 quamplura

1104 2262 1308 2296 canonicatus
1329 2269 1359 2296 et
1383 2260 1577 2306 praebendas
1600 2274 1635 2296 ac
1659 2268 1855 2308 personatus,

1105 2311 1272 2357 dignitates
1299 2319 1328 2346 et
1350 2310 1464 2352 officia,
1490 2311 1611 2358 aliaque
1635 2310 1785 2345 beneficia
1808 2323 1858 2345 ec-

1104 2361 1287 2400 clesiastica,
1300 2361 1468 2396 saecularia
1484 2369 1511 2395 et
1528 2360 1691 2406 regularia,
1702 2371 1773 2395 cum
1784 2371 1857 2395 cura

1104 2419 1133 2445 et
1160 2411 1228 2445 sine
1255 2423 1328 2445 cura
1353 2423 1407 2458 per
1429 2410 1550 2445 obitum
1570 2409 1769 2445 familiarium
1785 2422 1857 2445 con-

1103 2461 1262 2495 tinuorum
1278 2459 1536 2495 commensalium
1550 2458 1780 2507 praedictorum
1795 2472 1857 2494 car-

1103 2510 1252 2544 dinalium
1276 2523 1331 2545 seu
1357 2510 1531 2557 aliquorum
1565 2523 1600 2544 ex
1635 2509 1682 2544 eis
1704 2510 1856 2549 vacantia,

1104 2560 1149 2594 vel
1173 2568 1258 2595 certo
1282 2559 1375 2595 modo
1391 2572 1541 2607 expresso
1562 2567 1705 2594 vacatura
1727 2570 1742 2594 a
1766 2559 1857 2594 nobis

1137 2631 1176 2666 (ι)
1193 2631 1230 2657 Ex
1249 2632 1353 2668 Regest.
1372 2631 1396 2658 in
1414 2631 1523 2659 Archiv.
1544 2631 1628 2659 Vatic.

1853 241 1902 266 Αιι.
1920 240 1948 266 C.
1970 240 2030 264 ¹37¹

1894 806 2010 827 clamatae,

1904 2000 2022 2021 Exordium.

1879 2223 1958 2244 Causae
1966 2223 2054 2243 decreti.
