2274 3265
98 277 144 302 An.
164 276 190 302 C.
214 277 278 302 ¹507

108 531 249 558 Ρηοροειιειι
245 539 278 552 ι-ιι

94 567 207 592 dulgentia.

925 275 1006 297 CLEtt
1013 276 1068 297 ENS
1092 276 1109 296 V
1138 275 1182 296 ΙΨ.

294 333 412 371 stituta,
428 333 556 378 superni
574 331 640 377 Rsu
646 332 827 366 isl·ui‹lilius
846 339 914 377 apta
936 330 1036 364 reddi:

295 393 411 436 rosque
441 393 494 427 per
526 382 584 415 hoc
607 390 636 415 ct
664 381 720 415 alia
750 381 840 419 hona,
868 392 948 427 quae
966 379 1038 413 Do—

294 443 380 465 mino
403 431 574 476 inspirante
599 431 746 474 feceritis,
759 430 795 464 ‘id
808 438 952 464 atternae
969 441 1037 475 pos-

293 480 362 515 sitis
380 479 534 514 felicitatis
555 480 668 526 gaudia
685 493 721 526 pi·
726 480 858 514 rvcnire.
875 478 968 512 Nos
952 490 1036 511 enini

292 529 330 564 de
353 530 578 576 omnipotentis
597 529 653 563 Dei
673 527 900 572 misericordia
922 536 948 561 et
964 528 1038 561 lna-

293 587 394 613 toroni
431 579 512 613 Petri
552 588 582 613 et
611 578 698 613 Pauli
728 555 940 624 apostoloiinn
969 578 1037 611 eins

290 629 473 664 auctoritate
494 627 622 672 confisi,
645 627 793 662 omnibus
821 639 890 661 rere
921 628 1036 672 poeni—

291 678 432 713 tentibus
454 686 483 712 et
502 677 666 717 confessis,
693 678 746 723 qui
777 689 875 723 usque
894 677 930 710 ad
957 689 1035 710 con-

290 736 480 762 summatum
517 727 609 761 linem
642 735 702 761 tam
736 726 776 773 pii
810 726 925 774 operis,
949 727 1034 773 qnod

291 777 454 816 incumbit,
476 777 556 811 circa
586 777 689 823 ipsum
723 789 802 823 opus
832 776 1036 823 personaliter

290 827 507 870 laboraverint,
524 826 570 860 vel
592 826 628 860 ad
654 826 729 860 illud
755 839 880 860 manum
906 827 1036 873 praesti-

289 877 382 911 terint
403 876 599 916 adiutricem,
620 876 728 911 deceni
752 888 851 911 annos
872 885 901 910 et
924 876 1033 910 decem

288 926 504 973 quadragenas
526 925 565 960 de
593 926 741 960 iniunctis
766 926 811 961 eis
835 926 1035 973 poenitentiis

288 975 532 1011 misericorditer
551 975 743 1010 relaxamus:
769 988 826 1010 nce
854 988 914 1009 non
938 988 953 1010 a
969 976 1034 1010 Do—

287 1025 372 1060 mino
394 1025 461 1060 Deo
494 1033 599 1060 nostro
626 1026 786 1060 Salvatore
812 1026 966 1063 omnium,
1004 1026 1033 1059 in

287 1075 378 1109 cuins
397 1074 547 1109 honorem
576 1076 753 1122 supradicta
791 1074 918 1109 basilica
943 1075 1034 1108 dedi-

286 1133 353 1159 cata
376 1124 472 1158 foisse
494 1124 707 1170 dignoscitur,
731 1124 904 1158 secundnm
932 1137 1034 1171 qnan—

288 1175 405 1208 titatem
445 1173 575 1208 subsidii
616 1182 645 1208 et
683 1174 858 1208 devotionis
885 1174 1032 1208 allectum

286 1236 416 1257 suorum
461 1223 677 1258 remissionem
727 1223 944 1270 peccaminum
961 1250 969 1263 ,
1004 1232 1033 1256 et

286 1285 412 1307 suarum
436 1273 608 1307 animarum
632 1272 1034 1316 salntem,misericorditer

286 1331 507 1368 consequatur.
750 1320 754 1324 ”

335 1373 448 1407 Datum
489 1372 623 1407 Pictavis
656 1373 745 1406 tertio
782 1372 850 1405 idus
889 1371 1032 1418 angusti,

286 1423 483 1470 pontificatus
503 1424 598 1457 nostri
626 1435 708 1456 anno
736 1423 836 1456 tertio.

324 1485 384 1515 Dat.
401 1486 447 1516 die
466 1486 497 1515 11
527 1486 644 1524 augusti
665 1486 748 1522 1307,
766 1489 843 1524 pont.
861 1495 937 1514 anno
952 1494 992 1514 ιιι.

638 1646 674 1679 V.

284 1730 414 1762 Indiciio
435 1729 465 1762 X
475 1729 499 1761 V
534 1730 617 1762 sacri
648 1736 673 1762 el
695 1730 876 1762 oecumenici
902 1730 1032 1763 Concilit'

340 1779 511 1812 Viennensis
536 1780 641 1823 prinn',
672 1780 714 1812 αιῐ
739 1779 885 1812 kalendas
904 1781 1031 1813 octobris

336 1829 427 1863 1309
442 1831 502 1871 (t).

550 1908 762 1939 ειιιιιιιιιιιιτιι

282 1972 450 2002 Exordium.
467 1988 504 1993 —-
522 1972 545 2000 l.
563 1971 710 2001 Romanae
727 1971 877 2001 Ecclesiae
894 1972 1031 2009 dignitas.

321 2017 349 2046 2.
366 2016 461 2055 lpsius
480 2017 648 2046 sollicitudo
661 2026 711 2055 pro
722 2018 943 2055 recuperatione
962 2016 1033 2046 Ter-

321 2071 370 2091 rae
381 2061 514 2091 Sanctae:
525 2078 563 2083 —
573 2061 600 2091 3.
614 2060 650 2090 Ea
666 2065 782 2099 propter
793 2061 884 2091 multa
898 2062 1033 2100 Templa-

322 2107 373 2136 riis
385 2107 532 2136 concessit
542 2106 704 2145 privilegia.
715 2123 753 2128 -—
764 2107 791 2135 4.
802 2106 887 2137 Multa
902 2117 931 2136 se
944 2108 1029 2137 audi-

324 2152 383 2181 isse
396 2151 431 2181 ab
445 2151 566 2187 illis,ait
586 2150 727 2183 Pontifex,
739 2153 846 2190 patrari
864 2152 947 2182 mala.
960 2153 1030 2181 —5.

321 2196 401 2231 Quae
421 2196 554 2232 audierit,
571 2197 696 2236 exponit:
719 2214 756 2218 —
775 2196 850 2226 Haec
870 2208 884 2226 a
904 2197 1030 2236 Philippi

322 2242 434 2272 nuntiis
461 2242 551 2272 tuisse
580 2242 634 2272 sihi
663 2243 768 2272 delata.
796 2260 834 2265 -—
867 2244 894 2273 6.
914 2244 1029 2273 Scelera

322 2287 463 2316 nonnulla
474 2286 674 2325 Templarium
690 2288 837 2326 quondam
856 2288 946 2319 fuisse
964 2300 1032 2319 ron-

322 2330 445 2360 fessum:
460 2347 498 2352 —
516 2330 703 2370 Septuaginta
719 2332 791 2361 duos
804 2332 915 2372 Templ.
928 2334 1028 2363 eadem

317 2392 356 2426 (Ι)
374 2392 508 2419 Eiusmodi
524 2392 578 2419 fere
595 2393 682 2420 literas
699 2394 741 2419 hic
757 2394 824 2420 idem
837 2395 913 2421 Pont.
933 2395 1031 2422 direxit

281 2433 337 2459 aliis
356 2432 531 2467 principibus,
543 2440 644 2459 necnon
655 2433 858 2469 archiepiscopis
868 2455 874 2466 ,
887 2436 1031 2470 episcopis-

282 2480 344 2506 que,
364 2476 390 2498 et
407 2472 542 2507 praelatis,
559 2480 625 2507 quas
642 2474 817 2507 praetermisi,
835 2482 886 2500 una
902 2482 963 2501 cum
975 2475 1031 2502 aliis

282 2512 363 2538 literis
383 2512 573 2547 prorogationis
589 2512 652 2538 dicti
669 2513 774 2539 Concilii
792 2521 875 2549 usque
890 2514 921 2541 ad
941 2515 1031 2541 kalen-

282 2551 329 2578 das
344 2551 460 2579 octobris
484 2552 545 2578 anni
573 2552 649 2584 ¹310,
677 2556 702 2579 et
722 2553 817 2580 deinde
844 2554 1030 2589 subsequentis

281 2592 341 2617 anni
362 2592 437 2618 ¹3¹¹.
457 2593 484 2618 ln
500 2601 553 2626 (μιο
569 2592 676 2627 quidem
691 2593 816 2624 Concilio,
833 2594 906 2621 Ordo
918 2595 1028 2621 Militum

282 2631 490 2665 Templariorum
507 2632 539 2658 ab
556 2633 660 2659 istoinct
679 2633 806 2660 Pontilice
817 2634 957 2662 damnatus
967 2636 1028 2667 suit,

283 2675 311 2699 ιιι
327 2672 369 2699 hic
384 2671 448 2700 infra
464 2672 488 2700 in
509 2673 564 2699 eius
583 2674 780 2701 constitutione.
800 2674 974 2701 Chcrnbi'mis.

1714 266 1778 298 187

1122 329 1232 358 scelera
1258 330 1286 358 in
1306 331 1483 360 concistorio
1507 331 1624 370 publico
1648 332 1740 361 fuisse
1759 342 1831 361 con-

1122 373 1226 402 sessos:
1249 390 1287 395 —
1315 375 1339 403 7.
1371 374 1477 405 Tribus
1507 376 1710 406 cardinalibus
1734 381 1830 406 caete-

1121 426 1218 446 roruin
1237 419 1427 448 commissum
1445 429 1574 449 examen:
1592 438 1631 442 —
1649 422 1675 450 8.
1693 423 1729 450 Ac
1746 421 1830 451 'sem-

1120 462 1228 500 plarios
1261 463 1361 491 eadem
1386 463 1567 501 deposuisse:
1594 482 1633 487 —
1654 466 1680 495 9.
1710 466 1828 494 l'eniani

1120 510 1263 545 petentes,
1281 507 1371 536 fnisse
1394 507 1555 537 absolutos:
1570 526 1608 531 —
1629 510 1672 539 10.
1698 510 1828 539 1ἰι1ι11ν15·

1120 551 1216 590 itaque
1253 552 1410 589 scripturis
1434 551 1526 590 l'apac
1559 554 1680 583 traditis:
1712 571 1749 575 —
1785 555 1828 584 ll.

1120 595 1260 624 Locorum
1280 596 1439 625 ordinariis
1463 606 1493 625 se
1514 598 1699 627 coruruisissv
1722 601 1828 637 inquit,

1121 645 1150 669 ut
1168 650 1257 679 super
1276 641 1387 670 eisdem
1406 640 1568 679 inquirant:
1591 659 1628 664 —
1659 643 1703 672 12.
1724 644 1761 671 oti:
1782 654 1828 673 su-

1119 694 1170 724 per
1192 685 1235 714 liis
1253 685 1410 723 plurimum
1434 685 1521 715 dolet:
1537 704 1575 708 —
1595 687 1638 716 13.
1659 687 1827 727 ludictoan·

1118 729 1244 758 concilio
1264 733 1330 769 post
1349 729 1501 759 biennium
1525 731 1705 768 cogendum:
1726 749 1761 753 —
1787 733 1827 762 11.

1118 774 1294 813 Maurusque
1313 774 1451 812 praelatis
1474 775 1621 809 omnibus,
1640 781 1670 804 ut
1687 776 1826 806 Χίνιιιιιιιιι

1118 819 1192 848 intra
1217 818 1271 848 hoc
1294 824 1409 858 tempus
1428 819 1578 849 accedant:
1600 837 1637 841 —
1655 820 1699 849 15.
1721 820 1825 850 Srcuin

1118 864 1206 892 huius
1228 873 1348 893 examen
1372 864 1413 893 rei
1437 864 1618 894 deserentes:
1642 882 1679 886 —
1707 865 1750 893 io.
1771 865 1827 894 Nec

1117 908 1196 938 ullus
1227 908 1322 938 inanis
1353 909 1550 938 excusationis
1572 913 1720 948 praetextu
1742 910 1826 939 desit:

1116 969 1155 974 -—
1176 953 1219 981 17.
1239 952 1405 992 Philippum
1423 952 1565 990 hortatur,
1582 958 1613 983 ut
1630 953 1692 993 ipse
1711 963 1827 993 qnoque

1118 997 1188 1026 illuc
1212 1001 1321 1035 pergat.

1099 1064 1220 1092 Clemens
1242 1064 1312 1099 Papa
1332 1064 1451 1100 quintus,
1477 1065 1619 1093 carissimo
1643 1065 1670 1093 in
1698 1065 1805 1094 Christo

1166 1109 1220 1137 filio
1240 1109 1358 1145 Philippo
1377 1109 1437 1144 regi
1446 1110 1609 1138 Francorum
1619 1110 1735 1139 illustri.

1127 1171 1276 1218 Regu-‘ms
1299 1172 1328 1205 in
1346 1172 1442 1206 coelis
1459 1172 1655 1219 triumphans
1672 1173 1825 1209 Ecclesia.

1076 1222 1168 1255 cuius
1197 1229 1300 1268 pastor
1322 1228 1368 1254 cst
1390 1221 1481 1256 Pater
1503 1230 1649 1262 aeternus,
1676 1224 1724 1257 cui
1753 1236 1827 1257 san-

1076 1278 1198 1305 ctornm
1228 1270 1407 1304 ministrant
1429 1271 1553 1317 agmina
1581 1280 1611 1306 et
1631 1272 1733 1307 laudis
1758 1274 1827 1318 3Ιο-

1077 1320 1152 1354 riam
1175 1320 1358 1366 angelornm
1386 1320 1472 1355 chori
1501 1320 1687 1366 decantant,
1711 1323 1739 1356 in
1765 1332 1825 1357 ter-

1078 1370 1119 1404 ris
1141 1369 1178 1404 ad
1206 1370 1254 1404 sui
1281 1369 1521 1405 similitudinem
1549 1379 1579 1405 et
1608 1380 1826 1418 repraesenta-

1077 1420 1191 1453 tionem
1224 1420 1388 1454 constitoit
1415 1419 1589 1455 Ecclesiam
1626 1422 1825 1465 militantem,

1078 1469 1239 1515 unigenito
1279 1469 1359 1504 Filio
1395 1469 1452 1504 Dei
1489 1471 1548 1505 vivi
1585 1470 1722 1507 Domino
1753 1472 1824 1506 Iesu

1075 1519 1201 1554 Christo
1236 1518 1382 1554 ineffabili
1410 1521 1600 1555 commercio
1632 1522 1824 1569 copulatam,

1077 1570 1104 1603 in
1127 1581 1188 1616 qua
1206 1568 1287 1604 idem
1306 1570 1490 1616 unigenitus
1506 1570 1563 1605 Dei
1580 1570 1680 1606 Filius
1701 1585 1716 1606 a
1733 1572 1825 1606 Patre

1077 1619 1292 1666 progrediens,
1315 1632 1370 1667 per
1396 1618 1635 1656 illustrationem
1659 1621 1823 1669 Paracltti,

1076 1669 1274 1716 procedentis
1309 1670 1425 1717 pariter
1458 1670 1497 1705 ab
1531 1678 1683 1719 utroque,
1718 1673 1824 1707 statuit

1076 1719 1147 1753 lidei
1175 1718 1425 1754 fundamentum

1123 1768 1143 1815 5
1167 1773 1196 1803 1.
1220 1769 1303 1804 Sane
1325 1769 1465 1804 Romana
1491 1770 1641 1811 Ecclesia,
1670 1779 1767 1806 mater
1785 1772 1822 1806 al-

1074 1831 1123 1852 ma
1145 1818 1302 1860 fidelium,
1330 1826 1423 1866 capnt
1448 1827 1506 1861 est,
1535 1819 1722 1868 disponente
1758 1822 1823 1856 Do-

1075 1868 1171 1909 mino,
1198 1868 1409 1904 Ecclesiarum
1449 1870 1579 1905 aliarum
1615 1872 1757 1906 omniurn
1794 1880 1823 1906 ot

1074 1919 1238 1965 magistra:
1267 1932 1283 1954 a
1308 1932 1380 1967 qna,
1397 1919 1490 1954 veluti
1513 1933 1529 1955 a
1553 1921 1712 1967 primitivo
1726 1921 1823 1962 sonte,

1074 1968 1112 2003 ad
1151 1968 1295 2015 singulas
1332 1969 1407 2004 alias
1442 1970 1584 2005 eiusdem
1623 1970 1695 2005 fidei
1734 1972 1822 2006 rivuli

1074 2018 1266 2059 derivantur,
1282 2019 1319 2053 ad
1337 2020 1428 2054 cuius
1444 2020 1581 2066 regimen
1596 2021 1692 2055 voluit
1706 2021 1822 2056 Christi

1074 2068 1239 2103 clementia
1270 2067 1447 2104 Romanum
1472 2069 1657 2105 Pontificem
1681 2071 1747 2106 vice
1774 2073 1821 2105 sui

1073 2118 1225 2165 deputare
1247 2119 1439 2161 ministrum,
1467 2127 1498 2152 ut
1526 2120 1764 2155 instructionem
1793 2130 1822 2155 et

1074 2167 1247 2202 doctrinam
1272 2169 1372 2215 ipsius
1401 2169 1526 2215 eloquio
1549 2171 1686 2205 veritatis
1720 2182 1822 2204 evan—

1073 2218 1190 2272 gelicae
1212 2219 1375 2258 traditam,
1397 2219 1502 2253 cuncti
1525 2220 1622 2254 renati
1646 2220 1730 2254 fonte
1746 2219 1822 2265 Bap-

1073 2267 1206 2302 tismatis
1239 2276 1363 2303 teneant
1395 2276 1423 2303 et
1462 2277 1664 2310 conserient
1705 2277 1737 2303 ut
1768 2270 1820 2315 qui

1073 2317 1133 2352 sub
1156 2317 1213 2352 liac
1235 2317 1375 2352 doctrina
1401 2330 1529 2353 cursum
1549 2318 1628 2353 vitae
1643 2326 1725 2354 recte
1748 2331 1822 2366 per-

1073 2367 1203 2421 egerint,
1231 2367 1305 2401 salvi
1343 2367 1435 2408 fiant;
1464 2369 1515 2414 qni
1546 2380 1618 2403 vero
1640 2368 1678 2403 ab
1700 2381 1734 2403 ea
1763 2369 1821 2403 de-

1073 2417 1240 2455 viaieiint,
1268 2416 1528 2452 condemnentur.

1122 2467 1141 2513 5
1164 2469 1196 2500 2.
1220 2466 1288 2513 Ipsa
1313 2478 1426 2513 nempe
1453 2466 1594 2501 Romana
1627 2475 1726 2503 mater
1757 2467 1820 2502 Ec-

1073 2515 1166 2550 clesia
1199 2517 1281 2550 iuxta
1309 2516 1496 2562 exigentiam
1527 2516 1740 2572 possibilitatis
1772 2519 1820 2563 ip-

1846 274 1897 302 Αιι.
1916 274 1944 301 C.
1964 275 2031 302 ¹307

1873 1187 1990 1209 Exordium.

1852 1780 1955 1802 nomana
1982 1781 2023 1801 Ee-

1838 1812 1915 1833 clesiae
1924 1814 2001 1835 dianna

1849 2476 1916 2503 licius
1938 2484 1957 2497 ε
1956 2478 2018 2498 1ι-’σ

1835 2510 1868 2529 iud
1873 2515 1928 2535 οιιμ
1956 2516 2005 2529 rou

1835 2546 1883 2566 peri
1879 2541 1943 2560 iirtoi
1968 2540 1993 2561 Te
1983 2547 2018 2561 er

1072 2565 1149 2604 sius
1172 2565 1210 2600 ad
1233 2574 1364 2600 cunctas
1386 2566 1469 2600 orbis
1494 2566 1680 2612 provincias,
1704 2567 1732 2601 in
1752 2567 1820 2614 qui·
1834 2578 1855 2591 ¹
1859 2578 1869 2592 θ
1885 2571 1909 2591 5
1913 2575 1958 2592 ⁰s¹
1964 2578 1973 2591 Ε

1072 2614 1130 2649 bus
1152 2615 1247 2649 (lirini
1269 2615 1409 2649 Nominis
1436 2615 1538 2650 cultus
1562 2616 1655 2662 viget,
1683 2616 1817 2663 fideique

1072 2665 1242 2700 catholicae
1282 2664 1476 2700 observantia
1509 2666 1634 2708 rutilat,
1671 2666 1818 2703 intuitum
