2274 3265
252 270 300 296 An.
322 270 351 297 ς,
366 270 431 297 ¹508
498 254 565 287 194
1045 264 1229 287 nummum
1257 263 1417 287 nonianus!
1999 263 2048 290 Αῃ,
2065 263 2094 290 c,
2114 263 2180 290 ¹30⁸

447 318 640 366 plenitudine
661 317 766 353 sedeat
788 317 925 365 populus
947 318 1135 354 christianus
1161 323 1214 354 et
1234 331 1366 366 persona
1389 327 1439 353 tua
1465 318 1495 352 in
1520 318 1704 353 eorumdem
1735 319 1864 353 fratrum
1890 331 1983 366 prae-

453 382 482 402 in
506 368 612 414 requie
635 367 781 414 opulenta
804 368 953 414 quies(·.at
1210 351 1330 415 lsentia
1359 380 1414 414 per
1441 380 1498 403 nos
1520 366 1610 409 facta,
1633 368 1663 402 in
1687 376 1840 415 quantum
1870 376 1898 403 te
1932 368 1985 404 ab·

497 417 517 464 S
552 420 581 451 1
609 417 693 451 Saue
727 429 827 464 nuper
861 418 1055 453 venerabiles
1083 419 1212 472 fratres
1232 427 1319 453 sente
1356 418 1421 452 lieri
1458 417 1582 464 potuit,
1619 429 1714 464 super
1747 416 1983 453 conditionibus

331 478 390 498 ‚un
379 467 543 501 nncinostii
574 466 720 501 Basilien.
756 475 785 501 et
807 466 935 502 Curicn
971 469 1137 515 episcopi,
1160 477 1191 503 ct
1210 453 1212 497 l
1233 468 1392 506 omnibus
1428 480 1508 514 quae
1532 468 1733 514 iwequiiuntnr
1768 467 1797 500 in
1834 466 1898 510 illo,
1929 468 1982 514 qui

250 479 305 559 ξζὲι
319 510 580 560 ‘”,.2‘1‚‘„¹¹¹dttectns
611 516 694 550 lilius
731 516 844 552 nobilis
871 517 917 551 vir
942 517 1103 553 Amadeus
1129 520 1189 554 Sa·
1210 505 1212 552 l
1232 526 1276 552 est
1305 518 1341 551 ad
1370 517 1539 572 imperialis
1562 517 1709 551 culminis
1734 517 1855 563 apicem
1890 516 1982 551 subli-

249 576 288 590 νει·
291 571 337 590 ¹⁸¹³
327 578 364 597 -r
367 577 377 590 «ι
401 578 431 591 ⁵·—
445 565 600 607 baudiae,
630 565 763 601 Ioannes
794 567 937 613 Salpliini
972 567 1126 601 Viennen.
1161 576 1189 602 et
1233 567 1383 607 mandus;
1410 580 1480 614 quta
1504 567 1543 601 ab
1565 566 1640 601 olim
1665 578 1722 601 nos
1743 576 1774 601 et
1795 565 1906 600 fratres
1924 578 1983 600 no-

249 602 308 626 ‘'¹‘'
312 605 346 621 ’Μ
445 615 601 651 Albonen.
639 616 793 655 comites,
822 616 928 651 Guido
961 617 999 651 de
1024 616 1165 651 Flmdria
1180 644 1189 661 ,
1231 617 1285 651 stri
1303 628 1339 650 ex
1354 616 1505 663 frequenti
1528 624 1557 651 et
1582 616 1723 650 familiari
1743 615 1982 650 couversatione

444 665 576 700 loannes
590 665 629 700 de
656 644 842 712 Seraporite,
865 678 971 700 comes
990 674 1019 700 et
1044 667 1190 712 magister
1232 674 1295 705 tua,
1323 673 1353 700 et
1374 678 1559 712 magnorum
1583 678 1619 701 ac
1646 665 1817 712 proborum
1841 665 1978 700 virorum

239 1764 326 1790 {iu-que
338 1765 421 1784 nomine

237 1794 347 1820 imperiala
376 1794 422 1815 dia-

239 1828 298 1846 dema
308 1825 419 1851 postulant.

249 2288 335 2307 Discutit
374 2294 418 2309 tum

235 2319 282 2338 card
316 2319 415 2339 clemens

238 2355 261 2369 au
273 2352 417 2375 gerendotm-

237 2386 246 2393 ··
264 2382 293 2400 ῑιυ
319 2387 353 2406 pax
379 2382 413 2401 illo

442 714 551 750 Simon
578 715 617 749 de
645 715 779 750 Manulla
797 715 1009 750 thesaurarius
1031 715 1189 750 Ecclesiae

442 764 568 806 Meten.,
607 764 865 809 ambassiatores,
901 772 1118 811 procuratores
1159 774 1189 799 ct

443 815 543 849 nuntii
568 815 610 850 tui
639 827 676 849 ex
699 822 783 862 parte
808 822 857 848 tua
882 827 951 848 cum
981 813 1074 860 pleno
1100 814 1189 849 suffi-

441 864 534 898 cienti
563 863 723 903 mandato,
747 872 840 910 prout
873 876 927 910 per
950 872 1019 897 tuas
1047 872 1188 910 patentes

443 914 558 952 literas
588 914 692 960 magui
721 913 765 947 tui
789 913 881 960 sigilli
901 913 1096 960 appensione
1115 927 1188 948 mu-

441 963 533 1002 nitas,
550 961 640 997 nobis
662 963 761 998 extitit
783 962 861 998 facta
878 963 965 1003 fides,
988 962 1024 997 ad
1048 972 1185 999 nostiam

441 1012 647 1059 praesentiam
658 1012 815 1053 destinati,
830 1025 933 1047 coram
948 1012 1038 1047 nobis
1050 1014 1187 1048 etfratri·

441 1061 498 1095 bus
508 1061 622 1096 nostris
634 1070 759 1097 sanctae
768 1061 930 1097 Romanae
940 1061 1099 1097 Ecclesiae
1118 1076 1186 1098 car-

439 1111 597 1146 dinalibus
610 1112 639 1146 in
653 1111 780 1159 publico
795 1121 824 1146 et
843 1111 975 1147 solemni
999 1113 1185 1148 consistorio

440 1173 565 1196 nomine
578 1171 642 1204 tuo,
655 1170 684 1196 et
696 1174 835 1197 omnium
852 1162 1041 1208 principum,
1058 1163 1088 1197 in
1103 1163 1186 1209 regis

440 1211 468 1244 in
509 1210 730 1258 imperatorem
754 1213 797 1256 (l)
825 1212 1025 1258 postmodum
1058 1225 1186 1260 promo-

440 1260 543 1304 vendi,
565 1261 594 1295 in
611 1261 764 1296 electione
792 1273 884 1296 voces
909 1261 1092 1296 habentium
1123 1271 1183 1298 tam

439 1309 477 1344 de
499 1311 728 1345 consuetudine
755 1323 849 1358 quam
877 1312 914 1345 de
952 1312 1042 1351 iure,
1068 1324 1185 1359 propo—

439 1369 568 1394 suerunt
596 1361 675 1396 inter
710 1369 829 1395 caetera
854 1372 957 1395 coram
988 1361 1090 1405 nobis,
1113 1362 1185 1397 ele-

439 1409 574 1443 ctionem
598 1409 637 1444 de
666 1420 694 1445 te
717 1410 754 1444 ad
781 1410 976 1456 praedictum
1005 1423 1138 1457 reguum
1155 1420 1184 1446 et

440 1459 606 1506 imperium
646 1460 847 1507 postmodum
886 1460 1100 1507 promovendo
1146 1461 1184 1496 ab

438 1508 586 1544 omnibus
609 1508 802 1556 principibus
818 1522 923 1544 vocem
949 1510 978 1544 in
1002 1509 1182 1545 huiusmodi

438 1557 591 1594 electione
614 1558 802 1593 habentibus
824 1558 919 1594 fuisse
942 1559 1139 1595 concorditer
1153 1569 1183 1595 et

439 1607 581 1652 legitime>
602 1607 805 1643 celebratam:
831 1617 923 1656 teque
950 1609 1092 1644 electioni
1116 1610 1184 1644 hu—

439 1657 575 1692 iusmodi
593 1659 802 1699 consensisse,
819 1666 848 1692 et
871 1658 946 1693 alias
969 1658 1184 1695 solemnitates

439 1708 594 1754 recepisse
609 1707 812 1754 Aquisgrani,
828 1720 906 1755 quas
921 1708 1184 1755 praedecessores

439 1756 481 1789 tui
505 1757 644 1812 recipere
666 1766 897 1792 consueverunt
916 1757 1047 1792 ibidem.
1067 1759 1183 1806 suppli-

436 1814 542 1841 cantes
569 1807 742 1847 instanter,
770 1819 805 1841 ac
828 1807 908 1842 inter
933 1807 991 1842 alia
1024 1807 1184 1844 humiliter

437 1855 649 1901 postulantes,
673 1856 727 1891 tibi
761 1857 940 1891 unctionem
963 1865 993 1891 et
1015 1869 1183 1894 consecra-

437 1906 553 1940 tionem
576 1918 632 1953 per
654 1916 776 1941 nostras
798 1919 910 1941 manus
934 1907 1087 1954 impendi,
1110 1917 1140 1942 et
1155 1917 1183 1943 te

435 1955 464 1988 in
494 1955 713 2002 imperatorem
738 1968 915 2000 romanum,
942 1957 1126 1992 advocatum
1154 1967 1183 1993 et

434 2004 632 2040 defensorem
649 2004 808 2040 Ecclesiae
837 2006 987 2053 imperiali
1007 2006 1183 2042 diademate

434 2055 591 2096 coronari,
619 2063 648 2088 et
671 2054 709 2090 ad
737 2055 796 2090 hoc
819 2057 872 2090 tibi
896 2065 998 2091 certos
1023 2057 1125 2091 locum
1153 2068 1180 2092 et

433 2104 600 2139 terminum
628 2105 793 2151 assignari,
822 2114 851 2140 et
875 2105 949 2140 alios
972 2106 1026 2139 tibi
1050 2108 1182 2141 concedi

434 2167 488 2200 pei·
509 2152 626 2189 Sedem
648 2155 860 2201 Apostolicam
888 2155 1026 2190 favorem
1049 2166 1077 2190 et
1105 2169 1182 2202 gra-

433 2205 505 2238 tiam
533 2212 712 2240 consuetos.

482 2253 502 2301 S
528 2255 561 2288 2.
589 2253 654 2290 Nos
671 2255 763 2301 igitur
785 2256 964 2301 praemissis
987 2267 1040 2302 per
1056 2256 1181 2291 eosdem

435 2304 678 2339 ambassiatores
692 2306 860 2352 propositis
875 2305 1041 2352 diligenter
1054 2305 1182 2349 auditis,

439 2365 495 2388 nec
530 2366 592 2388 non
622 2355 779 2401 praedicto
814 2355 984 2400 mandato,
1018 2356 1182 2390 electionis

439 2414 565 2450 quoque
602 2404 778 2450 praedictae
805 2404 930 2439 decreto
957 2417 1027 2439 cum
1057 2405 1181 2453 praedi-

440 2452 498 2487 ctis
512 2453 657 2488 fratribus
672 2454 834 2502 diligenter
852 2455 1013 2502 inspectis,
1028 2455 1182 2502 plenaque

441 2502 666 2538 deliberatione
705 2505 876 2548 discussis,
912 2504 1054 2552 factaque
1091 2506 1183 2540 nobis

441 2551 480 2586 de
503 2551 683 2588 huiusmodi
705 2554 857 2589 electione
880 2555 1027 2589 concordi
1050 2563 1079 2589 et
1113 2556 1184 2600 legi-

443 2602 512 2636 tima
549 2602 638 2649 plena
662 2603 733 2645 fide,
745 2613 974 2639 examinatione
996 2617 1123 2652 quoque
1145 2607 1184 2638 de

477 2664 515 2698 (t)
536 2665 592 2699 Lag.
613 2666 630 2691 f.
650 2668 679 2692 ιἰι
699 2675 784 2698 renem
801 2670 824 2692 et
844 2669 1042 2699 imperatorem.

1233 715 1411 750 testimonio
1435 715 1609 751 indubitato
1636 724 1666 750 et
1698 723 1795 756 certo,
1820 714 1980 750 excellen-

1231 764 1304 798 tiam
1344 773 1426 799 tuam
1469 765 1533 800 fore
1572 765 1761 812 percipimus
1794 777 1978 811 magnarum

1232 813 1380 847 virtutum
1403 814 1548 860 gloriosis
1571 815 1670 850 titulis
1706 813 1887 861 insiffititam
1903 842 1911 855 ,
1933 814 1980 848 di-

1230 863 1397 898 scretionis
1431 865 1640 899 immensitate
1662 864 1843 908 sublimem,
1867 864 1980 911 provi-

1230 912 1352 948 dentiae
1388 914 1565 948 maturitate
1593 913 1782 955 foecundam,
1803 914 1977 949 devotionis
2005 923 2127 951 Pmrecti·
2151 925 2178 945 ⁵¹-

1230 962 1367 997 claritate
1385 963 1603 1010 conspicuam;
1625 964 1802 1011 quodque
1796 976 1826 997 tn
1847 976 1879 998 ea
1899 964 1978 999 adeo
1992 954 2176 1012 ῗέξρᾷῃῆᾏζζζζ

1231 1012 1365 1060 prompti
1390 1013 1472 1059 viget
1494 1013 1673 1048 intellectus
1702 1014 1903 1060 prosperitas,
1926 1025 1978 1047 ve·
1992 1019 2122 1044 rmum*-

1231 1061 1328 1096 ritatis
1354 1062 1493 1103 dilectio,
1522 1071 1550 1097 et
1584 1063 1757 1097 constantis
1784 1061 1977 1097 fortitudinis

1229 1110 1474 1153 firmamentum,
1489 1120 1520 1146 ut
1537 1121 1691 1147 tantarum
1703 1114 1854 1147 virtutum
1869 1113 1979 1147 castris

1231 1161 1260 1195 in
1285 1161 1350 1207 ipsa
1379 1162 1584 1207 regnantibus
1606 1161 1791 1196 sublimium
1822 1162 1977 1196 honorum

1227 1211 1330 1245 extolli
1354 1211 1485 1258 fastigiis
1504 1212 1731 1248 rationabiliter
1747 1220 1919 1252 mereatum
1935 1220 1978 1256 te,

1227 1261 1444 1296 charissimum
1462 1261 1558 1296 filium
1576 1270 1718 1297 nostrum
1739 1261 1925 1301 Henricum,
1947 1261 1976 1296 in

1228 1322 1332 1356 regem
1356 1310 1509 1356 electum,
1532 1312 1731 1359 deputamus,
1766 1311 1978 1355 nominamus,

1227 1359 1455 1396 denunciamus
1478 1369 1505 1396 et
1526 1361 1724 1396 declaramus
1740 1373 1844 1408 regem
1863 1360 1980 1396 Roma-

1227 1422 1338 1444 norum
1362 1410 1401 1445 de
1429 1412 1569 1458 ipsorum
1598 1411 1726 1446 fratrum
1750 1410 1902 1454 consilio,
1934 1411 1978 1445 iu-

1226 1460 1308 1494 stitia
1335 1460 1496 1506 exigente;
1533 1470 1681 1508 tuamque
1717 1472 1897 1508 personam,
1931 1468 1977 1496 tot

1225 1509 1447 1544 excellentium
1463 1511 1643 1545 meritorum
1659 1511 1797 1545 claritate
1806 1509 1976 1554 suffultam,

1226 1558 1448 1605 approbamus,
1465 1560 1705 1606 pronuntiamus
1727 1568 1757 1595 et
1778 1559 1975 1595 declaramus

1227 1609 1316 1654 plene
1342 1608 1549 1644 sufficientem
1577 1617 1606 1644 et
1635 1609 1771 1644 habilem
1804 1609 1840 1644 ad
1871 1609 1975 1644 susci-

1227 1657 1378 1703 piendum
1394 1659 1576 1694 huiusmodi
1591 1659 1763 1706 imperialis
1778 1658 1976 1694 celsitudinis

1225 1706 1426 1753 dignitatem:
1442 1705 1648 1744 decernentes
1670 1717 1700 1744 et
1724 1709 1974 1764 pronuntiantes,

1227 1757 1430 1801 unctionem,
1464 1760 1736 1794 consecrationem
1778 1767 1808 1793 et
1849 1758 1973 1804 imperii

1228 1807 1346 1841 romani
1369 1820 1517 1843 coronam
1543 1808 1596 1842 tibi
1622 1821 1677 1856 per
1700 1821 1814 1843 manus
1849 1815 1973 1842 nostras

1226 1855 1341 1891 debere
1371 1857 1501 1893 concedi
1531 1858 1601 1893 loco
1624 1866 1654 1893 et
1685 1866 1826 1905 tempore
1854 1869 1974 1904 oppor-

1226 1906 1322 1948 tunis,
1344 1906 1381 1941 ad
1398 1919 1478 1954 quae
1494 1920 1531 1942 ex
1553 1920 1640 1942 nunc
1656 1920 1714 1942 nos
1736 1907 1901 1942 offerimus
1918 1918 1974 1940 nos
2001 1912 2059 1935 lube·
2089 1916 2173 1949 ιιιιιιετιι

1228 1964 1373 2002 paratos,
1409 1958 1616 2003 magnitudini
1658 1966 1729 1992 tuae
1769 1944 2174 2003 nihilominusfssss'ssssfflffm·

1227 2006 1439 2041 concedentes
1450 2016 1591 2042 nostrum
1603 2006 1802 2042 etRomanae
1811 2005 1974 2041 Ecclesiae

1226 2054 1361 2090 favorem
1378 2065 1407 2090 et
1426 2058 1554 2102 gratiam
1575 2065 1760 2097 consuetos,
1782 2055 1973 2104 praecipien-

1226 2112 1272 2139 tes
1298 2118 1335 2139 ex
1359 2118 1443 2140 nunc
1465 2107 1614 2141 omnibus
1639 2106 1776 2141 subditis
1797 2107 1871 2147 tuis,
1888 2103 1972 2151 quod

1227 2154 1282 2188 tibi
1306 2164 1452 2202 tanquam
1470 2168 1533 2202 regi
1544 2156 1758 2191 Romanorum
1774 2168 1859 2197 vero,
1874 2162 1905 2189 et
1919 2166 1974 2201 per

1225 2203 1340 2239 Sedem
1363 2206 1577 2252 Apostolicam
1606 2205 1779 2254 approbato
1806 2205 1844 2241 ad
1871 2204 1972 2251 impe-

1226 2254 1305 2288 rium
1343 2254 1563 2296 obtinendum,
1591 2255 1757 2291 efficaciter
1793 2263 1921 2305 pareant
1943 2262 1972 2289 et

1227 2304 1398 2339 intendam.
1998 2314 2062 2342 lium
2058 2323 2088 2336 nu
2077 2315 2145 2336 aterni
2141 2322 2172 2335 ιιι

1273 2354 1293 2401 g
1320 2358 1351 2388 3.
1374 2354 1414 2390 Et
1441 2356 1513 2402 quia
1536 2365 1596 2390 tam
1621 2369 1677 2403 pro
1703 2356 1840 2403 generali
1868 2355 1971 2390 futuro
1986 2348 2170 2399 2¹¹e‘ssffiss2mmssd

1224 2404 1369 2447 concilio,
1384 2406 1490 2452 quod
1484 2418 1543 2440 iam
1561 2406 1779 2441 mandarimus
1795 2403 1972 2447 convocari,
1987 2410 2016 2430 ¹²¹¹

1224 2466 1317 2499 quam
1353 2467 1408 2501 pro
1440 2455 1509 2490 aliis
1542 2456 1649 2491 arduis
1680 2464 1711 2490 et
1744 2454 1973 2490 inevitabilibus

1226 2505 1296 2538 lidei
1318 2504 1504 2540 christianae
1532 2506 1662 2551 negotiis
1683 2505 1781 2540 multa
1796 2504 1886 2539 nobis
1914 2505 1973 2538 im-

1226 2555 1345 2588 minent
1378 2556 1555 2590 necessario
1599 2556 1756 2601 facienda,
1795 2567 1875 2602 quae
1910 2566 1973 2589 non

1227 2612 1354 2650 possent
1376 2604 1494 2652 absque
1520 2606 1605 2651 gravi
1629 2605 1768 2653 periculo
1791 2603 1974 2639 universalis

1227 2653 1387 2689 Ecclesiae
1409 2656 1624 2702 praetermitti,
1646 2665 1716 2690 ante
1737 2667 1870 2702 quorum
1884 2666 1973 2702 expe-
