2274 3265
447 257 511 289 198

441 324 460 367 ,ξ’
483 325 513 355 5.
543 321 606 355 Vos
627 332 712 366 ergo,
734 319 815 354 sicut
833 318 997 353 devotione
1020 318 1140 360 sei-vidi,

212 373 421 424 ff'ssffiff-*p-et
445 371 515 405 lidei
539 370 714 405 sinceritate
734 369 895 416 praeclari,
919 368 1036 402 indulta
1054 368 1140 402 vobis

197 411 275 455 limiam
320 421 379 455 ssi-si..
393 433 448 468 per
474 420 604 455 eandem
634 419 806 453 Ecclesiam
830 427 873 453 tot
894 418 1061 464 gratiarum
1086 417 1140 451 be—

196 468 307 517 gfsgssff’fffm
330 472 377 491 W*
392 470 502 504 nesicia
520 470 643 516 copiosa
667 468 704 503 ad
730 468 911 503 memoriam
943 467 1140 505 reducentes,

391 528 421 553 et
448 519 532 566 pium
560 518 700 553 eiusdem
729 518 836 553 matris
874 517 1029 560 allectum,
1061 516 1141 550 sicut

393 568 622 603 benedictionis
649 577 678 602 et
696 567 813 614 gratiae
836 567 889 601 lilii
913 566 1078 601 salubriter
1100 573 1142 598 at-

392 618 567 657 tendenteS,
594 618 759 664 cupientes
794 616 954 651 humiliter
984 615 1020 649 ad
1049 615 1142 648 beni-

391 681 487 713 gnum
510 676 539 702 et
565 668 734 713 gratiosum
776 666 873 712 ipsius
909 665 1009 699 redire
1037 664 1142 697 donii-

393 720 492 762 nium,
514 717 598 752 uude
622 717 681 751 iam
705 716 840 758 dudum,
869 724 900 749 ut
924 713 1142 761 praemittitur,

393 768 521 802 fueratis
555 766 687 806 exclusi,
712 774 745 799 ut
773 764 898 812 possitis
920 763 1033 797 amodo
1055 763 1139 796 suavi

391 829 520 852 suorum
551 816 681 850 uberum
705 814 872 849 dulcedine
899 812 1041 851 refoveri,
1063 812 1142 846 salu«-

393 866 438 901 bri
462 866 510 900 usi
540 866 683 909 consilio,
705 873 736 899 et
754 863 897 909 diligenti
917 862 1142 896 deliberatione

394 915 583 963 praehabita,
621 927 675 961 per
698 913 906 948 venerabilem
936 912 1059 945 fratrem
1084 923 1143 944 no-

392 975 492 1001 strum
520 964 699 999 Guidonem
727 963 923 1009 episcopum,
951 969 981 995 ct
1012 961 1144 995 dilectos

393 1015 472 1050 filios
494 1014 705 1060 Pignatonum
730 1013 768 1046 de
790 1010 1017 1057 Pignatonibns
1031 1019 1061 1044 et
1076 1010 1144 1044 An-

393 1065 512 1099 tonium
536 1063 575 1098 de
589 1062 701 1097 Alexio
720 1061 853 1104 iudices,
874 1060 1037 1095 vassallum
1069 1072 1143 1093 mer-

392 1121 527 1148 catorem
563 1111 764 1147 Octobonum
801 1111 935 1154 dictum,
978 1109 1145 1143 Bracliari-

393 1176 482 1203 num,
512 1171 541 1197 et
567 1161 775 1197 Nascimbene
803 1160 840 1195 de
862 1159 966 1194 Brinis
995 1159 1144 1199 notarios,

392 1214 538 1248 concives
565 1221 684 1246 vestros
716 1211 872 1250 sindacos,
900 1217 930 1243 et
962 1216 1145 1255 procurato-

394 1275 443 1298 res
463 1270 493 1297 et
516 1262 643 1296 nuntios
664 1261 701 1295 ad
723 1261 798 1295 baec
825 1259 998 1306 specialiter
1020 1258 1056 1292 ad
1091 1257 1146 1292 Se-

394 1313 464 1346 dem
493 1310 706 1358 Apostolicam
730 1310 912 1352 destinatos,
936 1308 1085 1342 babentes
1108 1307 1143 1341 ad

396 1363 472 1397 baec
498 1374 514 1395 a
538 1361 627 1395 vobis
653 1360 813 1394 sufficiens
840 1366 869 1393 et
896 1357 1030 1405 speciale
1057 1369 1145 1391 inan-

395 1411 516 1451 datum,
533 1423 585 1445 vos
600 1418 630 1445 et
643 1409 785 1444 eamdem
802 1409 954 1443 civitatem
971 1407 1145 1442 Ferrarien-

395 1473 474 1504 sem,
513 1461 583 1495 eius
624 1471 785 1506 personaS,
821 1458 911 1497 bona,
951 1458 1146 1497 comitatum,

397 1510 585 1546 territorium
610 1517 639 1544 et
661 1508 836 1543 districtum
860 1520 932 1542 cum
965 1507 1146 1542 iurisdictio-

398 1573 438 1595 ne
459 1560 519 1595 alta
541 1569 571 1594 et
607 1559 694 1593 bassa
723 1557 950 1603 recognovistis
979 1557 1147 1603 pertinere,

397 1618 427 1644 et
451 1608 639 1656 pertinuisse
661 1609 753 1643 etiam
777 1607 815 1642 ab
833 1607 972 1654 antiquo,
996 1614 1025 1641 et
1044 1619 1058 1640 a
1083 1606 1148 1640 sun-

398 1659 525 1694 datione
559 1658 691 1693 civitatis
727 1657 868 1692 eiusdem
896 1657 932 1691 ad
975 1656 1148 1690 dominium

399 1709 559 1744 Romanae
578 1707 736 1742 Ecclesiae
758 1706 974 1753 supradictae:
992 1715 1021 1740 et
1041 1706 1151 1740 niliilo-

400 1759 505 1793 minus
537 1758 706 1801 civitatem,
735 1769 895 1803 personas,
915 1756 1007 1796 bona,
1025 1756 1152 1790 comita-

401 1817 478 1852 tum,
513 1807 704 1843 territorium
742 1814 771 1841 et
803 1806 979 1840 districtum
1017 1805 1151 1853 praefata

401 1859 430 1893 in
454 1858 568 1893 nostris
590 1864 620 1892 et
641 1856 783 1892 eiusdem
814 1856 974 1891 Ecclesiae
997 1855 1151 1900 manibus,

401 1916 552 1956 quantum
577 1908 606 1941 in
635 1907 724 1942 vobis
751 1906 864 1949 extitit,
893 1906 989 1940 libere
1016 1914 1045 1939 et
1073 1913 1153 1940 tota-

402 1958 474 1993 liter
495 1956 688 1997 subiecistis,
717 1956 932 1996 transtulistis,
959 1964 989 1990 et
1018 1955 1154 2002 plenarie

214 2021 380 2056 remanentium
404 2007 614 2043 submisistis:
642 2019 697 2055 pro
720 2006 836 2053 quibus
873 2005 1021 2040 omnibus
1043 2013 1072 2039 et
1095 2006 1154 2039 sin-

206 2051 391 2104 ῗυηξζξζζῃωῗρξῖ
405 2058 486 2104 gulis
507 2057 618 2093 sindici
642 2056 806 2091 memorati
824 2056 951 2090 nomine
975 2063 1076 2089 vestro
1099 2067 1155 2089 no—

208 2114 300 2134 defflffls
328 2120 391 2141 pm-
406 2108 454 2142 his
471 2116 502 2142 et
520 2107 623 2142 eidem
643 2106 805 2141 Romanae
824 2105 982 2139 Ecclesiae
999 2105 1157 2139 iuramen-

209 2150 269 2166 ψῃ
406 2166 471 2192 tum
495 2157 652 2193 fidelitatis
685 2164 715 2190 et
733 2155 841 2202 ligium
866 2155 1047 2200 homagium
1075 2167 1156 2200 prae-

406 2208 564 2247 stiterunt,
600 2214 690 2253 prout
724 2206 753 2240 in
790 2206 997 2240 instrumento
1032 2204 1157 2250 publico

408 2257 479 2292 inde
514 2257 656 2293 consecto
691 2255 814 2303 plenius
844 2255 1035 2294 continetur,
1068 2255 1158 2289 cuins

408 2315 548 2342 tenorem
576 2307 615 2341 de
642 2305 736 2341 verbo
763 2305 801 2340 ad
826 2305 953 2340 verbum
984 2305 1160 2352 praesenti-

409 2357 468 2392 bus
491 2357 584 2393 inseri
607 2356 750 2399 fecimus,
773 2355 824 2402 qni
854 2354 924 2389 talis
950 2364 1010 2389 est:

458 2412 473 2451 5
500 2409 532 2441 4.
560 2406 593 2441 In
619 2405 745 2440 nomine
768 2404 896 2439 Domini
924 2417 1026 2438 amen.
1056 2403 1160 2438 Nove-

228 2468 387 2503 tustrumentum
412 2457 473 2492 rint
494 2456 641 2497 universi,
665 2467 812 2501 praesens
841 2454 1083 2488 instrumentum
1108 2466 1160 2500 pu-

214 2502 364 2526 'mmmm'
413 2506 529 2542 blicum
557 2505 749 2553 inspecturi,
794 2503 879 2552 quod
917 2516 999 2539 anno
1035 2503 1159 2538 Domini

414 2557 580 2592 millesimo
598 2556 817 2590 trecentesimo
831 2554 967 2595 decimo,
988 2554 1160 2588 indictione

415 2615 531 2647 octava,
554 2607 603 2640 die
625 2605 733 2640 martis
753 2604 901 2651 vigesima
921 2604 1052 2651 septima
1073 2616 1162 2637 men-

415 2656 456 2690 sis
472 2656 612 2697 ianuarii,
629 2655 826 2703 pontificatus
849 2653 1038 2689 sanctissimi
1068 2653 1163 2702 patris

200 268 247 295 Αη.
265 268 293 295 C.
314 270 379 295 1510

986 263 1171 286 ΒΠΙᾸΑΙΙΙΠΜ
1195 262 1355 284 itoMANttM

1182 326 1211 351 ct
1234 316 1365 354 domini,
1389 313 1507 349 domini
1523 312 1706 357 Clementis,
1728 312 1828 347 divina
1857 326 1924 359 pro·

1183 366 1315 400 videntia
1340 365 1441 410 Papae
1467 363 1578 410 quinti,
1600 375 1682 397 anno
1703 363 1826 409 quinto,
1839 363 1923 397 Ave-

1183 416 1265 450 nioni
1283 416 1311 449 in
1330 414 1443 461 palatio
1459 413 1533 447 Loci
1555 413 1682 447 fratrum
1699 411 1818 446 ordinis
1834 411 1925 446 Prae-

1182 466 1354 501 dicatorum
1372 492 1379 504 ,
1409 463 1437 497 in
1466 475 1527 509 quo
1556 462 1636 496 idem
1666 461 1815 495 dominus
1842 460 1923 507 Papa

1183 523 1256 549 tnnc
1292 514 1490 549 residentiam
1520 511 1661 551 faciebat,
1685 511 1714 544 in
1743 511 1926 545 consistorio

1184 564 1309 610 publico
1344 571 1373 598 et
1405 562 1561 601 solemni,
1586 561 1636 595 nbi
1669 560 1751 595 idem
1778 560 1928 594 dominus

1185 614 1266 660 l‘apa
1285 626 1343 647 nna
1367 625 1437 646 cuin
1461 624 1550 646 sacro
1578 611 1713 656 collegio
1736 609 1929 644 reverendis·

1182 663 1332 697 simorum
1357 670 1479 708 patrum
1502 661 1702 695 dominorum
1726 666 1851 694 sanctae
1868 657 1931 692 Ro-

1185 724 1294 746 manae
1334 711 1492 746 Ecclesiae
1524 709 1745 747 cardinalium,
1786 709 1926 743 videlicet

1183 761 1320 795 dominis
1351 760 1515 795 Leonardo
1549 760 1715 798 All)anen.,
1742 758 1838 794 Petro
1864 758 1929 792 Sa—

1185 811 1303 850 binen.‚
1340 810 1455 844 Ioanne
1491 810 1640 843 Portuen.
1681 817 1711 844 et
1738 808 1928 854 Berengario

1183 860 1353 894 Tusculan.
1381 859 1559 906 episcopis:
1596 859 1712 893 Ioanne
1740 858 1927 893 Sanctorum

1185 909 1355 945 Marcellini
1383 916 1412 942 et
1440 908 1540 947 Petri,
1566 908 1685 942 Tlioma
1713 909 1848 943 Sanctae
1869 908 1932 943 Sa-

1187 959 1288 1001 binae,
1311 958 1438 992 Nicolao
1459 958 1565 992 Sancti
1593 957 1737 1001 Eusebii,
1760 957 1931 992 Guillelrno

1185 1009 1318 1043 Sanctae
1347 1008 1559 1046 potentianae,
1588 1015 1618 1041 et
1640 1007 1800 1053 Stephano
1824 1007 1929 1042 Sancti

1186 1058 1299 1092 Ciriaci
1317 1057 1409 1097 tituli,
1425 1056 1627 1103 presbyteris:
1644 1055 1798 1091 Landutt'o
1823 1055 1930 1090 Sancti

1187 1107 1313 1153 Angeli,
1341 1107 1453 1141 lacobo
1479 1106 1584 1140 Sancti
1613 1105 1738 1151 Georgii
1757 1105 1794 1140 ad
1818 1105 1930 1139 Veluni

1187 1157 1350 1196 Aureum,
1385 1156 1554 1190 Francisco
1588 1156 1722 1189 Sanctae
1758 1155 1871 1189 Mariae
1903 1155 1931 1188 in

1187 1206 1370 1244 Cosmedin,
1385 1205 1520 1240 Ricardo
1534 1205 1641 1239 Sancti
1658 1204 1833 1243 Eustachii,
1850 1204 1931 1238 Luca

1186 1257 1320 1290 Sanctae
1342 1256 1455 1289 Mariae
1479 1256 1509 1288 in
1533 1255 1663 1295 Vialata,
1686 1254 1779 1289 Petro
1799 1254 1933 1289 Sanctae

1186 1306 1347 1340 Romanae
1360 1304 1520 1340 Ecclesiae
1542 1313 1572 1339 et
1595 1304 1781 1351 Rayinnndo
1800 1303 1934 1338 Sanctae

1187 1356 1301 1390 Mariae
1314 1355 1430 1399 Novae,
1457 1354 1596 1389 diaconis
1622 1352 1849 1394 cardinalibus;
1877 1354 1934 1388 ad·-

1187 1414 1298 1449 erant,
1329 1413 1358 1438 et
1393 1413 1573 1450 praesentes
1610 1412 1714 1444 erant,
1746 1416 1852 1438 coram
1889 1405 1933 1437 eis

1188 1463 1306 1490 astante
1341 1454 1493 1493 litleliuin,
1522 1454 1707 1489 clericorum
1733 1453 1876 1488 videlicet
1906 1461 1935 1487 et

1189 1505 1351 1544 laicorum,
1389 1504 1589 1538 multitudine
1627 1504 1775 1550 copiosa,
1806 1515 1936 1538 venera-

1191 1556 1261 1589 bilis
1304 1562 1390 1600 pater
1425 1554 1574 1588 dominus
1615 1553 1722 1589 Guido
1765 1554 1935 1600 episcopus

1190 1604 1365 1639 Ferrarien.
1393 1612 1422 1637 et
1449 1604 1576 1638 discreti
1600 1604 1654 1637 viri
1683 1603 1878 1649 Pigiiatonus
1897 1602 1936 1637 de

1192 1653 1419 1701 Pignatonibus
1446 1662 1475 1687 et
1498 1653 1655 1687 Antonius
1689 1653 1727 1687 de
1754 1653 1866 1688 Alexio
1888 1653 1937 1686 iu-

1192 1703 1297 1744 dices,
1320 1704 1468 1738 vassallus
1491 1711 1643 1738 mercator
1664 1702 1851 1737 Octobonus
1888 1702 1938 1735 di-

1192 1762 1272 1792 ctus,
1296 1754 1508 1787 Bracliarinus
1522 1761 1550 1787 et
1562 1752 1771 1787 Nascimbene
1784 1753 1821 1786 <le
1833 1751 1939 1787 Brinis

1193 1804 1317 1847 notarii,
1333 1803 1416 1838 cives
1438 1802 1669 1843 Ferrarienses,
1696 1802 1939 1837 ambassiatores

1194 1861 1224 1888 et
1249 1854 1378 1894 sindici,
1405 1853 1444 1887 ad
1469 1853 1545 1887 llaec
1569 1865 1623 1899 per
1651 1852 1858 1887 reverendum
1884 1865 1940 1899 pa-

1196 1913 1273 1938 trem
1320 1903 1483 1937 dominum
1526 1902 1700 1936 Arnaldum
1746 1901 1803 1936 Dei
1841 1902 1939 1948 gratia

1196 1953 1328 1988 Sanctae
1375 1952 1491 1987 Mariae
1535 1953 1564 1986 in
1610 1951 1736 1986 Porticu
1773 1951 1941 1986 diaconum

1195 2003 1409 2046 cardinalem,
1437 2001 1635 2048 Apostolicae
1672 2001 1766 2036 Sedis
1793 2001 1943 2047 legatum,

1198 2062 1258 2087 tam
1287 2066 1323 2087 ex
1348 2051 1546 2100 plenitudine
1574 2051 1748 2098 potestatis,
1770 2063 1863 2098 quam
1888 2051 1945 2084 ba-

1198 2102 1397 2137 betROinana
1412 2101 1552 2136 Ecclesia
1568 2102 1597 2135 in
1615 2101 1739 2135 civitate
1758 2109 1787 2134 et
1803 2101 1942 2135 districtu

1200 2153 1385 2192 Ferrarien.,
1424 2163 1517 2198 qnam
1546 2163 1583 2185 ex
1612 2158 1761 2197 potestate
1798 2150 1857 2185 sibi
1893 2162 1947 2197 per

1200 2203 1336 2237 nobilem
1372 2202 1471 2236 virum
1504 2201 1667 2235 dominum
1696 2200 1868 2235 Geraldum
1907 2199 1945 2234 de

1198 2252 1313 2296 Tar-tis,
1330 2259 1525 2298 potestatem,
1550 2250 1767 2290 vexilliferum,
1792 2261 1946 2297 praecon—

1200 2302 1299 2336 sulem
1318 2301 1520 2342 notariorum,
1543 2301 1704 2345 antianos,
1726 2301 1825 2348 capita
1849 2300 1948 2335 socie-

1202 2359 1310 2395 tatum,
1338 2351 1520 2395 consilium,
1549 2350 1698 2397 populum
1722 2358 1752 2385 et
1778 2361 1946 2384 commune

1202 2401 1374 2441 Feri-ariae,
1397 2401 1553 2440 attributa,
1570 2413 1665 2446 super
1689 2400 1747 2434 boe
1771 2398 1948 2445 specialiter

1203 2452 1303 2495 electi,
1325 2459 1415 2498 prout
1438 2451 1476 2485 de
1495 2449 1677 2485 huiusmodi
1699 2457 1849 2496 potestate
1864 2448 1947 2482 dicto

1203 2501 1331 2536 domino
1359 2496 1485 2547 legato,
1506 2509 1536 2535 ut
1566 2500 1777 2547 praedicitur,
1799 2510 1947 2533 concessa

1203 2560 1329 2599 apparet
1346 2564 1400 2597 per
1422 2551 1585 2598 publicum
1599 2550 1841 2584 instrumentum
1855 2561 1947 2583 manu

1205 2601 1308 2635 Perini
1338 2601 1399 2635 nati
1444 2601 1561 2635 domini
1597 2599 1754 2634 Octoboni
1788 2598 1947 2633 Bracarini

1204 2651 1278 2685 civis
1308 2650 1480 2686 Ferrarien.
1517 2649 1627 2685 notarii
1663 2648 1857 2686 confectum:
1893 2660 1949 2683 nee

1938 259 1987 285 An.
2001 257 2030 285 C.
2050 258 2118 285 1510
