<?xml version="1.0" encoding="UTF-8"?>
<!DOCTYPE html PUBLIC "-//W3C//DTD XHTML 1.0 Transitional//EN"
    "http://www.w3.org/TR/xhtml1/DTD/xhtml1-transitional.dtd">
<html xmlns="http://www.w3.org/1999/xhtml" xml:lang="en" lang="en">
 <head>
  <title>
</title>
<meta http-equiv="Content-Type" content="text/html;charset=utf-8" />
  <meta name='ocr-system' content='tesseract 3.04.00' />
  <meta name='ocr-capabilities' content='ocr_page ocr_carea ocr_par ocr_line ocrx_word'/>
</head>
<body>
  <div class='ocr_page' id='page_1' title='image "./bullarumdiplomat04cath_0600.png"; bbox 0 0 2274 3265; ppageno 0'>
   <div class='ocr_carea' id='block_1_1' title="bbox 226 279 406 306">
    <p class='ocr_par' dir='ltr' id='par_1_1' title="bbox 226 279 406 306">
     <span class='ocr_line' id='line_1_1' title="bbox 226 279 406 306; baseline -0.006 0"><span class='ocrx_word' id='word_1_1' title='bbox 226 280 276 306; x_wconf 75' lang='lat' dir='ltr'>An.</span> <span class='ocrx_word' id='word_1_2' title='bbox 294 280 323 306; x_wconf 95' lang='lat' dir='ltr'>C.</span> <span class='ocrx_word' id='word_1_3' title='bbox 342 279 406 306; x_wconf 72' lang='lat' dir='ltr'>l58lt</span> 
     </span>
    </p>
   </div>
   <div class='ocr_carea' id='block_1_2' title="bbox 227 1429 316 1481">
    <p class='ocr_par' dir='ltr' id='par_1_2' title="bbox 227 1429 316 1481">
     <span class='ocr_line' id='line_1_2' title="bbox 240 1429 315 1450; baseline -0.013 -1"><span class='ocrx_word' id='word_1_4' title='bbox 240 1429 315 1450; x_wconf 76' lang='lat' dir='ltr'>Alieno</span> 
     </span>
     <span class='ocr_line' id='line_1_3' title="bbox 227 1464 316 1481; baseline -0.022 0"><span class='ocrx_word' id='word_1_5' title='bbox 227 1464 316 1481; x_wconf 69' lang='lat' dir='ltr'>cautum.</span> 
     </span>
    </p>
   </div>
   <div class='ocr_carea' id='block_1_3' title="bbox 471 268 540 301">
    <p class='ocr_par' dir='ltr' id='par_1_3' title="bbox 471 268 540 301">
     <span class='ocr_line' id='line_1_4' title="bbox 471 268 540 301; baseline 0 -1"><span class='ocrx_word' id='word_1_6' title='bbox 471 268 540 301; x_wconf 70' lang='lat'>592</span> 
     </span>
    </p>
   </div>
   <div class='ocr_carea' id='block_1_4' title="bbox 421 331 1177 1420">
    <p class='ocr_par' dir='ltr' id='par_1_4' title="bbox 421 331 1176 1358">
     <span class='ocr_line' id='line_1_5' title="bbox 424 331 1171 379; baseline 0 -12"><span class='ocrx_word' id='word_1_7' title='bbox 424 333 505 367; x_wconf 85' lang='lat' dir='ltr'>tibus</span> <span class='ocrx_word' id='word_1_8' title='bbox 527 331 691 379; x_wconf 79' lang='lat' dir='ltr'><strong>generales</strong></span> <span class='ocrx_word' id='word_1_9' title='bbox 718 331 917 378; x_wconf 85' lang='lat' dir='ltr'>Apostolicae</span> <span class='ocrx_word' id='word_1_10' title='bbox 941 331 1033 367; x_wconf 82' lang='lat' dir='ltr'>Sedis</span> <span class='ocrx_word' id='word_1_11' title='bbox 1058 332 1102 367; x_wconf 79' lang='lat' dir='ltr'>vel</span> <span class='ocrx_word' id='word_1_12' title='bbox 1127 333 1171 367; x_wconf 93' lang='lat' dir='ltr'>le-</span> 
     </span>
     <span class='ocr_line' id='line_1_6' title="bbox 422 381 1169 429; baseline -0.003 -13"><span class='ocrx_word' id='word_1_13' title='bbox 422 390 564 429; x_wconf 85' lang='lat' dir='ltr'>gatorum</span> <span class='ocrx_word' id='word_1_14' title='bbox 588 382 655 416; x_wconf 88' lang='lat' dir='ltr'>eius</span> <span class='ocrx_word' id='word_1_15' title='bbox 678 381 783 416; x_wconf 75' lang='lat' dir='ltr'>literas</span> <span class='ocrx_word' id='word_1_16' title='bbox 807 381 1023 428; x_wconf 70' lang='lat' dir='ltr'>impetrarint:</span> <span class='ocrx_word' id='word_1_17' title='bbox 1047 381 1169 416; x_wconf 90' lang='lat' dir='ltr'>etiamsi</span> 
     </span>
     <span class='ocr_line' id='line_1_7' title="bbox 423 430 1169 477; baseline 0.001 -14"><span class='ocrx_word' id='word_1_18' title='bbox 423 445 476 477; x_wconf 79' lang='lat' dir='ltr'>per</span> <span class='ocrx_word' id='word_1_19' title='bbox 497 444 549 466; x_wconf 84' lang='lat' dir='ltr'>eas</span> <span class='ocrx_word' id='word_1_20' title='bbox 570 431 609 465; x_wconf 87' lang='lat' dir='ltr'>ad</span> <span class='ocrx_word' id='word_1_21' title='bbox 628 430 860 474; x_wconf 77' lang='lat' dir='ltr'>inhibitionem,</span> <span class='ocrx_word' id='word_1_22' title='bbox 876 432 1120 465; x_wconf 62' lang='lat' dir='ltr'>reservationem</span> <span class='ocrx_word' id='word_1_23' title='bbox 1141 440 1169 464; x_wconf 87' lang='lat' dir='ltr'>et</span> 
     </span>
     <span class='ocr_line' id='line_1_8' title="bbox 421 480 1172 527; baseline -0.003 -12"><span class='ocrx_word' id='word_1_24' title='bbox 421 481 582 515; x_wconf 84' lang='lat' dir='ltr'>decretum</span> <span class='ocrx_word' id='word_1_25' title='bbox 607 480 653 515; x_wconf 81' lang='lat' dir='ltr'>vel</span> <span class='ocrx_word' id='word_1_26' title='bbox 676 480 751 515; x_wconf 83' lang='lat' dir='ltr'>alias</span> <span class='ocrx_word' id='word_1_27' title='bbox 773 480 1012 527; x_wconf 75' lang='lat' dir='ltr'>quomodolibet</span> <span class='ocrx_word' id='word_1_28' title='bbox 1034 481 1074 515; x_wconf 91' lang='lat' dir='ltr'>sit</span> <span class='ocrx_word' id='word_1_29' title='bbox 1099 492 1172 527; x_wconf 88' lang='lat' dir='ltr'>pro-</span> 
     </span>
     <span class='ocr_line' id='line_1_9' title="bbox 421 529 1172 577; baseline -0.004 -12"><span class='ocrx_word' id='word_1_30' title='bbox 421 542 556 570; x_wconf 79' lang='lat' dir='ltr'>cessum,</span> <span class='ocrx_word' id='word_1_31' title='bbox 579 542 657 577; x_wconf 87' lang='lat' dir='ltr'>quas</span> <span class='ocrx_word' id='word_1_32' title='bbox 679 529 785 565; x_wconf 86' lang='lat' dir='ltr'>literas</span> <span class='ocrx_word' id='word_1_33' title='bbox 806 538 835 565; x_wconf 90' lang='lat' dir='ltr'>et</span> <span class='ocrx_word' id='word_1_34' title='bbox 859 543 1027 577; x_wconf 80' lang='lat' dir='ltr'>processus</span> <span class='ocrx_word' id='word_1_35' title='bbox 1051 529 1172 563; x_wconf 81' lang='lat' dir='ltr'>habitos</span> 
     </span>
     <span class='ocr_line' id='line_1_10' title="bbox 423 579 1171 627; baseline -0.003 -13"><span class='ocrx_word' id='word_1_36' title='bbox 423 592 477 626; x_wconf 83' lang='lat' dir='ltr'>per</span> <span class='ocrx_word' id='word_1_37' title='bbox 507 579 634 614; x_wconf 88' lang='lat' dir='ltr'>easdem</span> <span class='ocrx_word' id='word_1_38' title='bbox 657 588 686 614; x_wconf 87' lang='lat' dir='ltr'>et</span> <span class='ocrx_word' id='word_1_39' title='bbox 709 592 930 627; x_wconf 82' lang='lat' dir='ltr'>quaecumque</span> <span class='ocrx_word' id='word_1_40' title='bbox 959 579 1030 613; x_wconf 88' lang='lat' dir='ltr'>inde</span> <span class='ocrx_word' id='word_1_41' title='bbox 1053 587 1171 616; x_wconf 80' lang='lat' dir='ltr'>secuta,</span> 
     </span>
     <span class='ocr_line' id='line_1_11' title="bbox 422 627 1172 676; baseline -0.003 -13"><span class='ocrx_word' id='word_1_42' title='bbox 422 629 459 663; x_wconf 89' lang='lat' dir='ltr'>ad</span> <span class='ocrx_word' id='word_1_43' title='bbox 483 629 666 664; x_wconf 81' lang='lat' dir='ltr'>huiusmodi</span> <span class='ocrx_word' id='word_1_44' title='bbox 695 630 902 664; x_wconf 81' lang='lat' dir='ltr'>canonicatus</span> <span class='ocrx_word' id='word_1_45' title='bbox 924 638 953 663; x_wconf 89' lang='lat' dir='ltr'>et</span> <span class='ocrx_word' id='word_1_46' title='bbox 977 627 1172 676; x_wconf 83' lang='lat' dir='ltr'>praebendas</span> 
     </span>
     <span class='ocr_line' id='line_1_12' title="bbox 422 678 1172 727; baseline -0.005 -14"><span class='ocrx_word' id='word_1_47' title='bbox 422 691 456 713; x_wconf 91' lang='lat' dir='ltr'>ac</span> <span class='ocrx_word' id='word_1_48' title='bbox 477 679 535 714; x_wconf 89' lang='lat' dir='ltr'>alia</span> <span class='ocrx_word' id='word_1_49' title='bbox 560 679 709 714; x_wconf 81' lang='lat' dir='ltr'>beneficia</span> <span class='ocrx_word' id='word_1_50' title='bbox 732 679 831 727; x_wconf 89' lang='lat' dir='ltr'>ipsius</span> <span class='ocrx_word' id='word_1_51' title='bbox 854 679 1012 713; x_wconf 77' lang='lat' dir='ltr'>Ecclesiae</span> <span class='ocrx_word' id='word_1_52' title='bbox 1028 678 1172 712; x_wconf 82' lang='lat' dir='ltr'>volumus</span> 
     </span>
     <span class='ocr_line' id='line_1_13' title="bbox 424 725 1171 775; baseline -0.004 -13"><span class='ocrx_word' id='word_1_53' title='bbox 424 741 484 763; x_wconf 91' lang='lat' dir='ltr'>non</span> <span class='ocrx_word' id='word_1_54' title='bbox 497 728 700 773; x_wconf 86' lang='lat' dir='ltr'>extendi,sed</span> <span class='ocrx_word' id='word_1_55' title='bbox 719 729 840 763; x_wconf 88' lang='lat' dir='ltr'>nullum</span> <span class='ocrx_word' id='word_1_56' title='bbox 857 741 912 775; x_wconf 87' lang='lat' dir='ltr'>per</span> <span class='ocrx_word' id='word_1_57' title='bbox 928 728 988 762; x_wconf 90' lang='lat' dir='ltr'>hoc</span> <span class='ocrx_word' id='word_1_58' title='bbox 1003 725 1171 773; x_wconf 88' lang='lat' dir='ltr'>eis,quoad</span> 
     </span>
     <span class='ocr_line' id='line_1_14' title="bbox 422 774 1173 824; baseline -0.007 -11"><span class='ocrx_word' id='word_1_59' title='bbox 422 779 651 813; x_wconf 81' lang='lat' dir='ltr'>assecutionem</span> <span class='ocrx_word' id='word_1_60' title='bbox 687 779 941 821; x_wconf 77' lang='lat' dir='ltr'>canonicatuum,</span> <span class='ocrx_word' id='word_1_61' title='bbox 977 774 1173 824; x_wconf 85' lang='lat' dir='ltr'>praebenda-</span> 
     </span>
     <span class='ocr_line' id='line_1_15' title="bbox 424 824 1173 872; baseline -0.007 -9"><span class='ocrx_word' id='word_1_62' title='bbox 424 841 493 863; x_wconf 85' lang='lat' dir='ltr'>rum</span> <span class='ocrx_word' id='word_1_63' title='bbox 524 840 559 863; x_wconf 88' lang='lat' dir='ltr'>ac</span> <span class='ocrx_word' id='word_1_64' title='bbox 586 827 720 863; x_wconf 87' lang='lat' dir='ltr'>aliorum</span> <span class='ocrx_word' id='word_1_65' title='bbox 753 827 979 862; x_wconf 80' lang='lat' dir='ltr'>beneficiorum</span> <span class='ocrx_word' id='word_1_66' title='bbox 1013 824 1173 872; x_wconf 87' lang='lat' dir='ltr'>praeiudi-</span> 
     </span>
     <span class='ocr_line' id='line_1_16' title="bbox 422 874 1171 924; baseline -0.007 -12"><span class='ocrx_word' id='word_1_67' title='bbox 422 879 507 912; x_wconf 92' lang='lat' dir='ltr'>cium</span> <span class='ocrx_word' id='word_1_68' title='bbox 530 878 684 924; x_wconf 81' lang='lat' dir='ltr'>generari,</span> <span class='ocrx_word' id='word_1_69' title='bbox 706 889 763 912; x_wconf 87' lang='lat' dir='ltr'>seu</span> <span class='ocrx_word' id='word_1_70' title='bbox 786 876 1043 923; x_wconf 89' lang='lat' dir='ltr'>quibuscumque</span> <span class='ocrx_word' id='word_1_71' title='bbox 1073 874 1171 922; x_wconf 87' lang='lat' dir='ltr'>privi-</span> 
     </span>
     <span class='ocr_line' id='line_1_17' title="bbox 424 923 1173 974; baseline -0.007 -12"><span class='ocrx_word' id='word_1_72' title='bbox 424 927 524 974; x_wconf 81' lang='lat' dir='ltr'>legiis,</span> <span class='ocrx_word' id='word_1_73' title='bbox 560 926 767 973; x_wconf 83' lang='lat' dir='ltr'>indulgentiis</span> <span class='ocrx_word' id='word_1_74' title='bbox 801 934 831 960; x_wconf 85' lang='lat' dir='ltr'>et</span> <span class='ocrx_word' id='word_1_75' title='bbox 863 925 960 960; x_wconf 83' lang='lat' dir='ltr'>literis</span> <span class='ocrx_word' id='word_1_76' title='bbox 994 923 1173 971; x_wconf 85' lang='lat' dir='ltr'>apostolicis</span> 
     </span>
     <span class='ocr_line' id='line_1_18' title="bbox 422 975 1174 1023; baseline -0.005 -12"><span class='ocrx_word' id='word_1_77' title='bbox 422 975 626 1023; x_wconf 82' lang='lat' dir='ltr'>generalibus</span> <span class='ocrx_word' id='word_1_78' title='bbox 649 976 693 1010; x_wconf 90' lang='lat' dir='ltr'>vel</span> <span class='ocrx_word' id='word_1_79' title='bbox 717 975 919 1022; x_wconf 78' lang='lat' dir='ltr'>specialibus,</span> <span class='ocrx_word' id='word_1_80' title='bbox 943 985 1174 1021; x_wconf 88' lang='lat' dir='ltr'>quorumcum-</span> 
     </span>
     <span class='ocr_line' id='line_1_19' title="bbox 422 1025 1174 1073; baseline -0.004 -13"><span class='ocrx_word' id='word_1_81' title='bbox 422 1038 485 1073; x_wconf 90' lang='lat' dir='ltr'>que</span> <span class='ocrx_word' id='word_1_82' title='bbox 503 1034 648 1060; x_wconf 88' lang='lat' dir='ltr'>tenorum</span> <span class='ocrx_word' id='word_1_83' title='bbox 672 1025 818 1065; x_wconf 81' lang='lat' dir='ltr'>existant,</span> <span class='ocrx_word' id='word_1_84' title='bbox 842 1036 897 1072; x_wconf 89' lang='lat' dir='ltr'>per</span> <span class='ocrx_word' id='word_1_85' title='bbox 919 1036 999 1071; x_wconf 89' lang='lat' dir='ltr'>quae</span> <span class='ocrx_word' id='word_1_86' title='bbox 1022 1035 1174 1071; x_wconf 87' lang='lat' dir='ltr'>praesen-</span> 
     </span>
     <span class='ocr_line' id='line_1_20' title="bbox 423 1073 1174 1122; baseline -0.004 -13"><span class='ocrx_word' id='word_1_87' title='bbox 423 1075 508 1110; x_wconf 85' lang='lat' dir='ltr'>tibus</span> <span class='ocrx_word' id='word_1_88' title='bbox 544 1087 605 1109; x_wconf 91' lang='lat' dir='ltr'>non</span> <span class='ocrx_word' id='word_1_89' title='bbox 640 1086 786 1122; x_wconf 84' lang='lat' dir='ltr'>expressa</span> <span class='ocrx_word' id='word_1_90' title='bbox 811 1074 856 1108; x_wconf 85' lang='lat' dir='ltr'>vel</span> <span class='ocrx_word' id='word_1_91' title='bbox 882 1074 1015 1108; x_wconf 86' lang='lat' dir='ltr'>totaliter</span> <span class='ocrx_word' id='word_1_92' title='bbox 1039 1086 1102 1108; x_wconf 87' lang='lat' dir='ltr'>non</span> <span class='ocrx_word' id='word_1_93' title='bbox 1126 1073 1174 1107; x_wconf 93' lang='lat' dir='ltr'>in-</span> 
     </span>
     <span class='ocr_line' id='line_1_21' title="bbox 422 1123 1176 1170; baseline -0.004 -11"><span class='ocrx_word' id='word_1_94' title='bbox 422 1132 515 1167; x_wconf 83' lang='lat' dir='ltr'>serta,</span> <span class='ocrx_word' id='word_1_95' title='bbox 529 1124 661 1159; x_wconf 73' lang='lat' dir='ltr'>effectus</span> <span class='ocrx_word' id='word_1_96' title='bbox 682 1136 790 1158; x_wconf 90' lang='lat' dir='ltr'>earum</span> <span class='ocrx_word' id='word_1_97' title='bbox 807 1123 954 1170; x_wconf 90' lang='lat' dir='ltr'>impediri</span> <span class='ocrx_word' id='word_1_98' title='bbox 978 1123 1078 1159; x_wconf 79' lang='lat' dir='ltr'>valeat</span> <span class='ocrx_word' id='word_1_99' title='bbox 1099 1135 1176 1170; x_wconf 88' lang='lat' dir='ltr'>quo-</span> 
     </span>
     <span class='ocr_line' id='line_1_22' title="bbox 423 1172 1175 1220; baseline -0.003 -12"><span class='ocrx_word' id='word_1_100' title='bbox 423 1173 596 1209; x_wconf 87' lang='lat' dir='ltr'>modolibet</span> <span class='ocrx_word' id='word_1_101' title='bbox 620 1173 665 1208; x_wconf 89' lang='lat' dir='ltr'>vel</span> <span class='ocrx_word' id='word_1_102' title='bbox 689 1173 819 1213; x_wconf 84' lang='lat' dir='ltr'>differri,</span> <span class='ocrx_word' id='word_1_103' title='bbox 842 1181 872 1207; x_wconf 92' lang='lat' dir='ltr'>et</span> <span class='ocrx_word' id='word_1_104' title='bbox 895 1172 934 1207; x_wconf 87' lang='lat' dir='ltr'>de</span> <span class='ocrx_word' id='word_1_105' title='bbox 957 1172 1074 1220; x_wconf 91' lang='lat' dir='ltr'>quibus</span> <span class='ocrx_word' id='word_1_106' title='bbox 1095 1184 1175 1220; x_wconf 90' lang='lat' dir='ltr'>quo-</span> 
     </span>
     <span class='ocr_line' id='line_1_23' title="bbox 423 1222 1174 1271; baseline -0.003 -13"><span class='ocrx_word' id='word_1_107' title='bbox 423 1236 557 1271; x_wconf 88' lang='lat' dir='ltr'>rumque</span> <span class='ocrx_word' id='word_1_108' title='bbox 571 1223 643 1258; x_wconf 86' lang='lat' dir='ltr'>totis</span> <span class='ocrx_word' id='word_1_109' title='bbox 654 1223 818 1259; x_wconf 89' lang='lat' dir='ltr'>tenoribus</span> <span class='ocrx_word' id='word_1_110' title='bbox 832 1223 871 1257; x_wconf 89' lang='lat' dir='ltr'>de</span> <span class='ocrx_word' id='word_1_111' title='bbox 885 1222 1029 1258; x_wconf 72' lang='lat' dir='ltr'>verboad</span> <span class='ocrx_word' id='word_1_112' title='bbox 1045 1222 1174 1257; x_wconf 80' lang='lat' dir='ltr'>verbum</span> 
     </span>
     <span class='ocr_line' id='line_1_24' title="bbox 423 1272 1176 1320; baseline -0.001 -13"><span class='ocrx_word' id='word_1_113' title='bbox 423 1272 565 1308; x_wconf 85' lang='lat' dir='ltr'>habenda</span> <span class='ocrx_word' id='word_1_114' title='bbox 587 1273 627 1309; x_wconf 90' lang='lat' dir='ltr'>sit</span> <span class='ocrx_word' id='word_1_115' title='bbox 651 1274 679 1308; x_wconf 93' lang='lat' dir='ltr'>in</span> <span class='ocrx_word' id='word_1_116' title='bbox 704 1273 821 1309; x_wconf 89' lang='lat' dir='ltr'>nostris</span> <span class='ocrx_word' id='word_1_117' title='bbox 843 1272 941 1308; x_wconf 89' lang='lat' dir='ltr'>literis</span> <span class='ocrx_word' id='word_1_118' title='bbox 963 1272 1083 1307; x_wconf 87' lang='lat' dir='ltr'>mentio</span> <span class='ocrx_word' id='word_1_119' title='bbox 1101 1284 1176 1320; x_wconf 89' lang='lat' dir='ltr'>spe-</span> 
     </span>
     <span class='ocr_line' id='line_1_25' title="bbox 422 1323 521 1358; baseline 0 -1"><span class='ocrx_word' id='word_1_120' title='bbox 422 1323 521 1358; x_wconf 86' lang='lat' dir='ltr'>cialis.</span> 
     </span>
    </p>

    <p class='ocr_par' dir='ltr' id='par_1_5' title="bbox 471 1371 1177 1420">
     <span class='ocr_line' id='line_1_26' title="bbox 471 1371 1177 1420; baseline -0.004 -12"><span class='ocrx_word' id='word_1_121' title='bbox 471 1372 492 1420; x_wconf 66' lang='lat' dir='ltr'>g</span> <span class='ocrx_word' id='word_1_122' title='bbox 514 1374 547 1407; x_wconf 78' lang='lat'>5.</span> <span class='ocrx_word' id='word_1_123' title='bbox 569 1372 634 1407; x_wconf 92' lang='lat' dir='ltr'>Nos</span> <span class='ocrx_word' id='word_1_124' title='bbox 666 1372 749 1407; x_wconf 91' lang='lat' dir='ltr'>enim</span> <span class='ocrx_word' id='word_1_125' title='bbox 772 1372 858 1407; x_wconf 89' lang='lat' dir='ltr'>dicto</span> <span class='ocrx_word' id='word_1_126' title='bbox 885 1371 1034 1406; x_wconf 83' lang='lat' dir='ltr'>cardinali</span> <span class='ocrx_word' id='word_1_127' title='bbox 1059 1379 1090 1406; x_wconf 85' lang='lat' dir='ltr'>et</span> <span class='ocrx_word' id='word_1_128' title='bbox 1111 1371 1177 1405; x_wconf 92' lang='lat' dir='ltr'>suis</span> 
     </span>
    </p>
   </div>
   <div class='ocr_carea' id='block_1_5' title="bbox 371 1421 1176 1469">
    <p class='ocr_par' dir='ltr' id='par_1_6' title="bbox 371 1421 1176 1469">
     <span class='ocr_line' id='line_1_27' title="bbox 371 1421 1176 1469; baseline -0.002 -12"><span class='ocrx_word' id='word_1_129' title='bbox 371 1430 408 1448; x_wconf 78' lang='lat' dir='ltr'>‘r&#39;</span> <span class='ocrx_word' id='word_1_130' title='bbox 425 1422 661 1457; x_wconf 87' lang='lat' dir='ltr'>successoribus</span> <span class='ocrx_word' id='word_1_131' title='bbox 689 1422 883 1469; x_wconf 86' lang='lat' dir='ltr'>praedictum</span> <span class='ocrx_word' id='word_1_132' title='bbox 908 1421 1031 1456; x_wconf 90' lang='lat' dir='ltr'>titulum</span> <span class='ocrx_word' id='word_1_133' title='bbox 1062 1421 1176 1456; x_wconf 86' lang='lat' dir='ltr'>obten—</span> 
     </span>
    </p>
   </div>
   <div class='ocr_carea' id='block_1_6' title="bbox 424 1471 1180 2266">
    <p class='ocr_par' dir='ltr' id='par_1_7' title="bbox 424 1471 1180 2105">
     <span class='ocr_line' id='line_1_28' title="bbox 425 1471 1176 1519; baseline -0.003 -13"><span class='ocrx_word' id='word_1_134' title='bbox 425 1473 504 1507; x_wconf 87' lang='lat' dir='ltr'>turis</span> <span class='ocrx_word' id='word_1_135' title='bbox 526 1473 556 1507; x_wconf 91' lang='lat' dir='ltr'>in</span> <span class='ocrx_word' id='word_1_136' title='bbox 579 1472 661 1506; x_wconf 90' lang='lat' dir='ltr'>dicta</span> <span class='ocrx_word' id='word_1_137' title='bbox 695 1472 834 1507; x_wconf 87' lang='lat' dir='ltr'>Ecclesia</span> <span class='ocrx_word' id='word_1_138' title='bbox 866 1483 902 1506; x_wconf 88' lang='lat' dir='ltr'>ac</span> <span class='ocrx_word' id='word_1_139' title='bbox 933 1472 1003 1519; x_wconf 88' lang='lat' dir='ltr'>ipso</span> <span class='ocrx_word' id='word_1_140' title='bbox 1026 1471 1121 1518; x_wconf 85' lang='lat' dir='ltr'>priori</span> <span class='ocrx_word' id='word_1_141' title='bbox 1149 1479 1176 1504; x_wconf 85' lang='lat' dir='ltr'>et</span> 
     </span>
     <span class='ocr_line' id='line_1_29' title="bbox 425 1521 1177 1567; baseline -0.003 -11"><span class='ocrx_word' id='word_1_142' title='bbox 425 1522 584 1566; x_wconf 77' lang='lat' dir='ltr'>fratribus,</span> <span class='ocrx_word' id='word_1_143' title='bbox 606 1522 682 1556; x_wconf 91' lang='lat' dir='ltr'>dum</span> <span class='ocrx_word' id='word_1_144' title='bbox 712 1522 789 1556; x_wconf 89' lang='lat' dir='ltr'>inibi</span> <span class='ocrx_word' id='word_1_145' title='bbox 819 1521 946 1565; x_wconf 81' lang='lat' dir='ltr'>suerint,</span> <span class='ocrx_word' id='word_1_146' title='bbox 969 1533 1090 1555; x_wconf 87' lang='lat' dir='ltr'>necnon</span> <span class='ocrx_word' id='word_1_147' title='bbox 1121 1533 1177 1567; x_wconf 89' lang='lat' dir='ltr'>pa-</span> 
     </span>
     <span class='ocr_line' id='line_1_30' title="bbox 426 1570 1176 1607; baseline -0.004 0"><span class='ocrx_word' id='word_1_148' title='bbox 426 1572 585 1607; x_wconf 83' lang='lat' dir='ltr'>rochianis</span> <span class='ocrx_word' id='word_1_149' title='bbox 616 1572 716 1606; x_wconf 88' lang='lat' dir='ltr'>dictae</span> <span class='ocrx_word' id='word_1_150' title='bbox 745 1571 903 1606; x_wconf 83' lang='lat' dir='ltr'>Ecclesiae</span> <span class='ocrx_word' id='word_1_151' title='bbox 925 1583 1053 1605; x_wconf 90' lang='lat' dir='ltr'>omnem</span> <span class='ocrx_word' id='word_1_152' title='bbox 1078 1570 1176 1604; x_wconf 93' lang='lat' dir='ltr'>iuris-</span> 
     </span>
     <span class='ocr_line' id='line_1_31' title="bbox 425 1621 1179 1666; baseline -0.003 -10"><span class='ocrx_word' id='word_1_153' title='bbox 425 1622 610 1666; x_wconf 83' lang='lat' dir='ltr'>dietionem,</span> <span class='ocrx_word' id='word_1_154' title='bbox 640 1621 869 1656; x_wconf 82' lang='lat' dir='ltr'>correctionem</span> <span class='ocrx_word' id='word_1_155' title='bbox 893 1633 928 1655; x_wconf 89' lang='lat' dir='ltr'>ac</span> <span class='ocrx_word' id='word_1_156' title='bbox 951 1621 1101 1655; x_wconf 88' lang='lat' dir='ltr'>iustitiam</span> <span class='ocrx_word' id='word_1_157' title='bbox 1127 1632 1179 1654; x_wconf 84' lang='lat' dir='ltr'>re-</span> 
     </span>
     <span class='ocr_line' id='line_1_32' title="bbox 424 1669 1178 1718; baseline -0.004 -12"><span class='ocrx_word' id='word_1_158' title='bbox 424 1684 597 1714; x_wconf 82' lang='lat' dir='ltr'>servamus,</span> <span class='ocrx_word' id='word_1_159' title='bbox 620 1684 713 1718; x_wconf 91' lang='lat' dir='ltr'>quam</span> <span class='ocrx_word' id='word_1_160' title='bbox 751 1672 781 1705; x_wconf 94' lang='lat' dir='ltr'>in</span> <span class='ocrx_word' id='word_1_161' title='bbox 806 1671 967 1705; x_wconf 86' lang='lat' dir='ltr'>canonicis</span> <span class='ocrx_word' id='word_1_162' title='bbox 995 1679 1025 1705; x_wconf 89' lang='lat' dir='ltr'>et</span> <span class='ocrx_word' id='word_1_163' title='bbox 1058 1669 1178 1704; x_wconf 76' lang='lat' dir='ltr'>benefi-</span> 
     </span>
     <span class='ocr_line' id='line_1_33' title="bbox 425 1719 1178 1769; baseline -0.004 -13"><span class='ocrx_word' id='word_1_164' title='bbox 425 1723 515 1756; x_wconf 81' lang='lat' dir='ltr'>ciatis</span> <span class='ocrx_word' id='word_1_165' title='bbox 528 1734 563 1756; x_wconf 88' lang='lat' dir='ltr'>ac</span> <span class='ocrx_word' id='word_1_166' title='bbox 576 1721 774 1769; x_wconf 80' lang='lat' dir='ltr'>parochianis</span> <span class='ocrx_word' id='word_1_167' title='bbox 787 1720 888 1755; x_wconf 85' lang='lat' dir='ltr'>dietae</span> <span class='ocrx_word' id='word_1_168' title='bbox 903 1719 1063 1755; x_wconf 87' lang='lat' dir='ltr'>Ecclesiae</span> <span class='ocrx_word' id='word_1_169' title='bbox 1079 1720 1178 1766; x_wconf 87' lang='lat' dir='ltr'>ipsius</span> 
     </span>
     <span class='ocr_line' id='line_1_34' title="bbox 425 1769 1176 1818; baseline -0.005 -12"><span class='ocrx_word' id='word_1_170' title='bbox 425 1771 590 1807; x_wconf 89' lang='lat' dir='ltr'>cardinalis</span> <span class='ocrx_word' id='word_1_171' title='bbox 605 1771 864 1818; x_wconf 79' lang='lat' dir='ltr'>praedecessores</span> <span class='ocrx_word' id='word_1_172' title='bbox 874 1770 987 1804; x_wconf 87' lang='lat' dir='ltr'>dictam</span> <span class='ocrx_word' id='word_1_173' title='bbox 1002 1769 1176 1804; x_wconf 86' lang='lat' dir='ltr'>Ecclesiam</span> 
     </span>
     <span class='ocr_line' id='line_1_35' title="bbox 425 1819 1179 1861; baseline -0.005 -5"><span class='ocrx_word' id='word_1_174' title='bbox 425 1822 605 1856; x_wconf 73' lang='lat' dir='ltr'>obtinentes</span> <span class='ocrx_word' id='word_1_175' title='bbox 632 1821 826 1861; x_wconf 83' lang='lat' dir='ltr'>babuerunt,</span> <span class='ocrx_word' id='word_1_176' title='bbox 853 1828 883 1854; x_wconf 88' lang='lat' dir='ltr'>et</span> <span class='ocrx_word' id='word_1_177' title='bbox 907 1820 987 1854; x_wconf 90' lang='lat' dir='ltr'>idem</span> <span class='ocrx_word' id='word_1_178' title='bbox 1011 1819 1179 1854; x_wconf 85' lang='lat' dir='ltr'>cardinalis</span> 
     </span>
     <span class='ocr_line' id='line_1_36' title="bbox 427 1869 1180 1918; baseline -0.005 -12"><span class='ocrx_word' id='word_1_179' title='bbox 427 1871 540 1906; x_wconf 85' lang='lat' dir='ltr'>babere</span> <span class='ocrx_word' id='word_1_180' title='bbox 565 1871 704 1906; x_wconf 86' lang='lat' dir='ltr'>noscitur</span> <span class='ocrx_word' id='word_1_181' title='bbox 726 1871 765 1905; x_wconf 83' lang='lat' dir='ltr'>de</span> <span class='ocrx_word' id='word_1_182' title='bbox 788 1871 957 1918; x_wconf 82' lang='lat' dir='ltr'>praesenti.</span> <span class='ocrx_word' id='word_1_183' title='bbox 982 1869 1022 1903; x_wconf 88' lang='lat' dir='ltr'>Et</span> <span class='ocrx_word' id='word_1_184' title='bbox 1049 1870 1180 1915; x_wconf 82' lang='lat' dir='ltr'>insuper</span> 
     </span>
     <span class='ocr_line' id='line_1_37' title="bbox 426 1919 1177 1959; baseline -0.004 -4"><span class='ocrx_word' id='word_1_185' title='bbox 426 1934 463 1955; x_wconf 81' lang='lat' dir='ltr'>ex</span> <span class='ocrx_word' id='word_1_186' title='bbox 487 1933 570 1955; x_wconf 89' lang='lat' dir='ltr'>nunc</span> <span class='ocrx_word' id='word_1_187' title='bbox 594 1921 713 1955; x_wconf 91' lang='lat' dir='ltr'>irritum</span> <span class='ocrx_word' id='word_1_188' title='bbox 748 1920 950 1955; x_wconf 80' lang='lat' dir='ltr'>decernimus</span> <span class='ocrx_word' id='word_1_189' title='bbox 974 1928 1003 1953; x_wconf 86' lang='lat' dir='ltr'>et</span> <span class='ocrx_word' id='word_1_190' title='bbox 1027 1919 1131 1959; x_wconf 89' lang='lat' dir='ltr'>inane,</span> <span class='ocrx_word' id='word_1_191' title='bbox 1154 1919 1177 1953; x_wconf 91' lang='lat' dir='ltr'>si</span> 
     </span>
     <span class='ocr_line' id='line_1_38' title="bbox 427 1969 1180 2017; baseline -0.004 -12"><span class='ocrx_word' id='word_1_192' title='bbox 427 1983 517 2005; x_wconf 85' lang='lat' dir='ltr'>secus</span> <span class='ocrx_word' id='word_1_193' title='bbox 539 1983 634 2017; x_wconf 85' lang='lat' dir='ltr'>super</span> <span class='ocrx_word' id='word_1_194' title='bbox 658 1972 694 2004; x_wconf 91' lang='lat' dir='ltr'>iis</span> <span class='ocrx_word' id='word_1_195' title='bbox 716 1983 731 2005; x_wconf 88' lang='lat' dir='ltr'>a</span> <span class='ocrx_word' id='word_1_196' title='bbox 756 1983 928 2017; x_wconf 77' lang='lat' dir='ltr'>quoquam.</span> <span class='ocrx_word' id='word_1_197' title='bbox 943 1969 1053 2016; x_wconf 79' lang='lat' dir='ltr'>quavis</span> <span class='ocrx_word' id='word_1_198' title='bbox 1074 1976 1180 2003; x_wconf 87' lang='lat' dir='ltr'>aucto-</span> 
     </span>
     <span class='ocr_line' id='line_1_39' title="bbox 428 2019 1179 2066; baseline -0.004 -12"><span class='ocrx_word' id='word_1_199' title='bbox 428 2021 527 2061; x_wconf 85' lang='lat' dir='ltr'>ritate,</span> <span class='ocrx_word' id='word_1_200' title='bbox 558 2020 694 2055; x_wconf 81' lang='lat' dir='ltr'>scienter</span> <span class='ocrx_word' id='word_1_201' title='bbox 723 2022 767 2055; x_wconf 73' lang='lat' dir='ltr'>vel</span> <span class='ocrx_word' id='word_1_202' title='bbox 797 2021 989 2066; x_wconf 72' lang='lat' dir='ltr'>ignoranter,</span> <span class='ocrx_word' id='word_1_203' title='bbox 1012 2019 1179 2065; x_wconf 79' lang='lat' dir='ltr'>contigerit</span> 
     </span>
     <span class='ocr_line' id='line_1_40' title="bbox 426 2079 579 2105; baseline 0.013 -2"><span class='ocrx_word' id='word_1_204' title='bbox 426 2079 579 2105; x_wconf 83' lang='lat' dir='ltr'>attentari.</span> 
     </span>
    </p>

    <p class='ocr_par' dir='ltr' id='par_1_8' title="bbox 427 2118 1180 2266">
     <span class='ocr_line' id='line_1_41' title="bbox 475 2118 1180 2166; baseline -0.004 -12"><span class='ocrx_word' id='word_1_205' title='bbox 475 2120 588 2154; x_wconf 87' lang='lat' dir='ltr'>Datum</span> <span class='ocrx_word' id='word_1_206' title='bbox 613 2119 733 2154; x_wconf 83' lang='lat' dir='ltr'>Romae</span> <span class='ocrx_word' id='word_1_207' title='bbox 754 2119 838 2166; x_wconf 83' lang='lat' dir='ltr'>apud</span> <span class='ocrx_word' id='word_1_208' title='bbox 858 2118 1010 2153; x_wconf 85' lang='lat' dir='ltr'>Sanctum</span> <span class='ocrx_word' id='word_1_209' title='bbox 1035 2118 1180 2161; x_wconf 81' lang='lat' dir='ltr'>Petrum,</span> 
     </span>
     <span class='ocr_line' id='line_1_42' title="bbox 427 2168 1179 2216; baseline -0.004 -13"><span class='ocrx_word' id='word_1_210' title='bbox 427 2170 561 2216; x_wconf 86' lang='lat' dir='ltr'>septimo</span> <span class='ocrx_word' id='word_1_211' title='bbox 579 2169 649 2203; x_wconf 88' lang='lat' dir='ltr'>idus</span> <span class='ocrx_word' id='word_1_212' title='bbox 664 2169 852 2208; x_wconf 74' lang='lat' dir='ltr'>decembris,</span> <span class='ocrx_word' id='word_1_213' title='bbox 868 2168 1067 2216; x_wconf 83' lang='lat' dir='ltr'>pontificatus</span> <span class='ocrx_word' id='word_1_214' title='bbox 1084 2168 1179 2202; x_wconf 81' lang='lat' dir='ltr'>nostri</span> 
     </span>
     <span class='ocr_line' id='line_1_43' title="bbox 428 2220 674 2266; baseline 0 -14"><span class='ocrx_word' id='word_1_215' title='bbox 428 2231 510 2253; x_wconf 87' lang='lat' dir='ltr'>anno</span> <span class='ocrx_word' id='word_1_216' title='bbox 528 2220 674 2266; x_wconf 86' lang='lat' dir='ltr'>septimo.</span> 
     </span>
    </p>
   </div>
   <div class='ocr_carea' id='block_1_7' title="bbox 460 2280 1148 2319">
    <p class='ocr_par' dir='ltr' id='par_1_9' title="bbox 460 2280 1148 2319">
     <span class='ocr_line' id='line_1_44' title="bbox 460 2280 1148 2319; baseline -0.003 -9"><span class='ocrx_word' id='word_1_217' title='bbox 460 2280 520 2310; x_wconf 85' lang='lat' dir='ltr'>Dat.</span> <span class='ocrx_word' id='word_1_218' title='bbox 537 2281 583 2310; x_wconf 85' lang='lat' dir='ltr'>die</span> <span class='ocrx_word' id='word_1_219' title='bbox 601 2282 615 2310; x_wconf 80' lang='lat'><em>7</em></span> <span class='ocrx_word' id='word_1_220' title='bbox 633 2281 798 2310; x_wconf 85' lang='lat' dir='ltr'>decembris</span> <span class='ocrx_word' id='word_1_221' title='bbox 816 2281 901 2315; x_wconf 62' lang='lat'>1384,</span> <span class='ocrx_word' id='word_1_222' title='bbox 917 2285 995 2319; x_wconf 88' lang='lat' dir='ltr'>pont.</span> <span class='ocrx_word' id='word_1_223' title='bbox 1013 2290 1089 2309; x_wconf 82' lang='lat' dir='ltr'>anno</span> <span class='ocrx_word' id='word_1_224' title='bbox 1103 2288 1148 2309; x_wconf 81' lang='lat' dir='ltr'>vn.</span> 
     </span>
    </p>
   </div>
   <div class='ocr_carea' id='block_1_8' title="bbox 997 277 1374 300">
    <p class='ocr_par' dir='ltr' id='par_1_10' title="bbox 997 277 1374 300">
     <span class='ocr_line' id='line_1_45' title="bbox 997 277 1374 300; baseline -0.003 0"><span class='ocrx_word' id='word_1_225' title='bbox 997 278 1096 300; x_wconf 61' lang='grc' dir='ltr'>ΒΗΜΛ</span> <span class='ocrx_word' id='word_1_226' title='bbox 1103 278 1183 300; x_wconf 72' lang='lat' dir='ltr'>utum</span> <span class='ocrx_word' id='word_1_227' title='bbox 1213 277 1374 300; x_wconf 55' lang='lat' dir='ltr'>Romanum</span> 
     </span>
    </p>
   </div>
   <div class='ocr_carea' id='block_1_9' title="bbox 1261 331 1968 823">
    <p class='ocr_par' dir='ltr' id='par_1_11' title="bbox 1261 331 1968 823">
     <span class='ocr_line' id='line_1_46' title="bbox 1262 331 1962 376; baseline -0.001 -10"><span class='ocrx_word' id='word_1_228' title='bbox 1262 333 1366 366; x_wconf 79' lang='lat' dir='ltr'>Crucis</span> <span class='ocrx_word' id='word_1_229' title='bbox 1385 331 1515 365; x_wconf 80' lang='lat' dir='ltr'>Domini</span> <span class='ocrx_word' id='word_1_230' title='bbox 1539 331 1638 364; x_wconf 79' lang='lat' dir='ltr'>nostri</span> <span class='ocrx_word' id='word_1_231' title='bbox 1661 331 1727 364; x_wconf 80' lang='lat' dir='ltr'>Iesu</span> <span class='ocrx_word' id='word_1_232' title='bbox 1751 331 1865 364; x_wconf 79' lang='lat' dir='ltr'>Christi</span> <span class='ocrx_word' id='word_1_233' title='bbox 1883 343 1962 376; x_wconf 86' lang='lat' dir='ltr'>par-</span> 
     </span>
     <span class='ocr_line' id='line_1_47' title="bbox 1266 381 1962 425; baseline 0 -11"><span class='ocrx_word' id='word_1_234' title='bbox 1266 383 1390 415; x_wconf 81' lang='lat' dir='ltr'>ticulam</span> <span class='ocrx_word' id='word_1_235' title='bbox 1411 381 1444 413; x_wconf 87' lang='lat' dir='ltr'>in</span> <span class='ocrx_word' id='word_1_236' title='bbox 1470 381 1578 413; x_wconf 82' lang='lat' dir='ltr'>vertice</span> <span class='ocrx_word' id='word_1_237' title='bbox 1604 381 1722 417; x_wconf 80' lang='lat' dir='ltr'>retinet,</span> <span class='ocrx_word' id='word_1_238' title='bbox 1747 386 1774 412; x_wconf 87' lang='lat' dir='ltr'>et</span> <span class='ocrx_word' id='word_1_239' title='bbox 1800 381 1833 413; x_wconf 85' lang='lat' dir='ltr'>in</span> <span class='ocrx_word' id='word_1_240' title='bbox 1853 381 1962 425; x_wconf 75' lang='lat' dir='ltr'>quibus</span> 
     </span>
     <span class='ocr_line' id='line_1_48' title="bbox 1262 430 1964 474; baseline -0.003 -9"><span class='ocrx_word' id='word_1_241' title='bbox 1262 434 1311 466; x_wconf 76' lang='lat' dir='ltr'>Ss.</span> <span class='ocrx_word' id='word_1_242' title='bbox 1335 430 1554 474; x_wconf 82' lang='lat' dir='ltr'>Apostolorum</span> <span class='ocrx_word' id='word_1_243' title='bbox 1575 430 1747 462; x_wconf 81' lang='lat' dir='ltr'>eorumdem</span> <span class='ocrx_word' id='word_1_244' title='bbox 1774 430 1877 474; x_wconf 85' lang='lat' dir='ltr'>capita</span> <span class='ocrx_word' id='word_1_245' title='bbox 1895 438 1964 464; x_wconf 84' lang='lat' dir='ltr'>sunt</span> 
     </span>
     <span class='ocr_line' id='line_1_49' title="bbox 1262 479 1965 524; baseline -0.001 -10"><span class='ocrx_word' id='word_1_246' title='bbox 1262 481 1429 519; x_wconf 83' lang='lat' dir='ltr'>recondita,</span> <span class='ocrx_word' id='word_1_247' title='bbox 1450 480 1590 524; x_wconf 80' lang='lat' dir='ltr'>aliasque</span> <span class='ocrx_word' id='word_1_248' title='bbox 1611 479 1830 512; x_wconf 78' lang='lat' dir='ltr'>nonnullorum</span> <span class='ocrx_word' id='word_1_249' title='bbox 1844 486 1965 513; x_wconf 83' lang='lat' dir='ltr'>sanetas</span> 
     </span>
     <span class='ocr_line' id='line_1_50' title="bbox 1261 529 1966 574; baseline -0.004 -10"><span class='ocrx_word' id='word_1_250' title='bbox 1261 531 1409 574; x_wconf 79' lang='lat' dir='ltr'>reliquias</span> <span class='ocrx_word' id='word_1_251' title='bbox 1427 530 1562 562; x_wconf 81' lang='lat' dir='ltr'>decenter</span> <span class='ocrx_word' id='word_1_252' title='bbox 1583 534 1711 562; x_wconf 85' lang='lat' dir='ltr'>ornatas</span> <span class='ocrx_word' id='word_1_253' title='bbox 1726 529 1758 561; x_wconf 86' lang='lat' dir='ltr'>in</span> <span class='ocrx_word' id='word_1_254' title='bbox 1770 535 1966 562; x_wconf 83' lang='lat' dir='ltr'>sacrosancta</span> 
     </span>
     <span class='ocr_line' id='line_1_51' title="bbox 1264 578 1966 622; baseline -0.003 -9"><span class='ocrx_word' id='word_1_255' title='bbox 1264 579 1462 613; x_wconf 85' lang='lat' dir='ltr'>Lateranensi</span> <span class='ocrx_word' id='word_1_256' title='bbox 1502 579 1637 612; x_wconf 82' lang='lat' dir='ltr'>Ecclesia</span> <span class='ocrx_word' id='word_1_257' title='bbox 1669 585 1839 611; x_wconf 81' lang='lat' dir='ltr'>asservatas</span> <span class='ocrx_word' id='word_1_258' title='bbox 1877 578 1966 622; x_wconf 83' lang='lat' dir='ltr'>aufe-</span> 
     </span>
     <span class='ocr_line' id='line_1_52' title="bbox 1261 628 1967 673; baseline -0.003 -11"><span class='ocrx_word' id='word_1_259' title='bbox 1261 637 1368 667; x_wconf 82' lang='lat' dir='ltr'>rentes,</span> <span class='ocrx_word' id='word_1_260' title='bbox 1404 629 1580 673; x_wconf 81' lang='lat' dir='ltr'>diripientes</span> <span class='ocrx_word' id='word_1_261' title='bbox 1612 640 1663 662; x_wconf 87' lang='lat' dir='ltr'>seu</span> <span class='ocrx_word' id='word_1_262' title='bbox 1698 628 1777 661; x_wconf 82' lang='lat' dir='ltr'>alias</span> <span class='ocrx_word' id='word_1_263' title='bbox 1802 629 1967 672; x_wconf 79' lang='lat' dir='ltr'>quomodo-</span> 
     </span>
     <span class='ocr_line' id='line_1_53' title="bbox 1262 677 1968 723; baseline -0.004 -11"><span class='ocrx_word' id='word_1_264' title='bbox 1262 680 1332 712; x_wconf 86' lang='lat' dir='ltr'>libet</span> <span class='ocrx_word' id='word_1_265' title='bbox 1380 679 1596 723; x_wconf 80' lang='lat' dir='ltr'>depraedantes</span> <span class='ocrx_word' id='word_1_266' title='bbox 1642 677 1968 710; x_wconf 74' lang='lat' dir='ltr'>excommunicationis</span> 
     </span>
     <span class='ocr_line' id='line_1_54' title="bbox 1261 728 1967 772; baseline -0.001 -11"><span class='ocrx_word' id='word_1_267' title='bbox 1261 729 1381 762; x_wconf 82' lang='lat' dir='ltr'>vinculo</span> <span class='ocrx_word' id='word_1_268' title='bbox 1407 729 1613 765; x_wconf 82' lang='lat' dir='ltr'>innodantur,</span> <span class='ocrx_word' id='word_1_269' title='bbox 1640 734 1860 772; x_wconf 82' lang='lat' dir='ltr'>perpetuaeque</span> <span class='ocrx_word' id='word_1_270' title='bbox 1890 728 1967 771; x_wconf 84' lang='lat' dir='ltr'>infa-</span> 
     </span>
     <span class='ocr_line' id='line_1_55' title="bbox 1262 778 1748 823; baseline -0.002 -12"><span class='ocrx_word' id='word_1_271' title='bbox 1262 779 1343 812; x_wconf 85' lang='lat' dir='ltr'>miae</span> <span class='ocrx_word' id='word_1_272' title='bbox 1366 790 1465 823; x_wconf 88' lang='lat' dir='ltr'>poena</span> <span class='ocrx_word' id='word_1_273' title='bbox 1490 778 1665 823; x_wconf 81' lang='lat' dir='ltr'>plectuntur</span> <span class='ocrx_word' id='word_1_274' title='bbox 1691 778 1748 820; x_wconf 53' lang='lat' dir='ltr'>il).</span> 
     </span>
    </p>
   </div>
   <div class='ocr_carea' id='block_1_10' title="bbox 1483 850 1697 881">
    <p class='ocr_par' dir='ltr' id='par_1_12' title="bbox 1483 850 1697 881">
     <span class='ocr_line' id='line_1_56' title="bbox 1483 850 1697 881; baseline -0.005 0"><span class='ocrx_word' id='word_1_275' title='bbox 1483 850 1697 881; x_wconf 72' lang='lat' dir='ltr'>SUMMARIUM</span> 
     </span>
    </p>
   </div>
   <div class='ocr_carea' id='block_1_11' title="bbox 1214 917 1969 1126">
    <p class='ocr_par' dir='ltr' id='par_1_13' title="bbox 1214 917 1969 1126">
     <span class='ocr_line' id='line_1_57' title="bbox 1214 917 1967 956; baseline -0.005 -7"><span class='ocrx_word' id='word_1_276' title='bbox 1214 918 1382 949; x_wconf 84' lang='lat' dir='ltr'>Exordium.</span> <span class='ocrx_word' id='word_1_277' title='bbox 1401 935 1440 940; x_wconf 97' lang='lat'><strong>—</strong></span> <span class='ocrx_word' id='word_1_278' title='bbox 1455 918 1481 947; x_wconf 78' lang='lat'>1.</span> <span class='ocrx_word' id='word_1_279' title='bbox 1498 917 1556 947; x_wconf 87' lang='lat' dir='ltr'>llae</span> <span class='ocrx_word' id='word_1_280' title='bbox 1575 917 1719 956; x_wconf 84' lang='lat' dir='ltr'>reliquiae</span> <span class='ocrx_word' id='word_1_281' title='bbox 1739 917 1816 946; x_wconf 90' lang='lat' dir='ltr'>unde</span> <span class='ocrx_word' id='word_1_282' title='bbox 1834 920 1967 955; x_wconf 83' lang='lat' dir='ltr'>sumptae.</span> 
     </span>
     <span class='ocr_line' id='line_1_58' title="bbox 1254 961 1968 1002; baseline -0.004 -9"><span class='ocrx_word' id='word_1_283' title='bbox 1254 963 1320 1001; x_wconf 81' lang='lat' dir='ltr'>Eas,</span> <span class='ocrx_word' id='word_1_284' title='bbox 1337 972 1498 1002; x_wconf 86' lang='lat' dir='ltr'>earumque</span> <span class='ocrx_word' id='word_1_285' title='bbox 1521 966 1692 992; x_wconf 85' lang='lat' dir='ltr'>ornamenta</span> <span class='ocrx_word' id='word_1_286' title='bbox 1713 962 1881 991; x_wconf 80' lang='lat' dir='ltr'>auferentes</span> <span class='ocrx_word' id='word_1_287' title='bbox 1898 961 1968 1000; x_wconf 88' lang='lat' dir='ltr'>qui-</span> 
     </span>
     <span class='ocr_line' id='line_1_59' title="bbox 1256 1005 1969 1046; baseline -0.006 -8"><span class='ocrx_word' id='word_1_288' title='bbox 1256 1008 1313 1037; x_wconf 80' lang='lat' dir='ltr'>bus</span> <span class='ocrx_word' id='word_1_289' title='bbox 1333 1007 1459 1037; x_wconf 88' lang='lat' dir='ltr'>subiecti</span> <span class='ocrx_word' id='word_1_290' title='bbox 1487 1007 1601 1046; x_wconf 85' lang='lat' dir='ltr'>poenis.</span> <span class='ocrx_word' id='word_1_291' title='bbox 1623 1023 1661 1027; x_wconf 97' lang='lat'><strong>—</strong></span> <span class='ocrx_word' id='word_1_292' title='bbox 1688 1005 1715 1035; x_wconf 78' lang='lat'>2.</span> <span class='ocrx_word' id='word_1_293' title='bbox 1746 1006 1829 1035; x_wconf 86' lang='lat' dir='ltr'>Aliae</span> <span class='ocrx_word' id='word_1_294' title='bbox 1858 1013 1969 1044; x_wconf 86' lang='lat' dir='ltr'>poenae</span> 
     </span>
     <span class='ocr_line' id='line_1_60' title="bbox 1256 1050 1969 1090; baseline -0.004 -9"><span class='ocrx_word' id='word_1_295' title='bbox 1256 1051 1441 1090; x_wconf 86' lang='lat' dir='ltr'>temporales.</span> <span class='ocrx_word' id='word_1_296' title='bbox 1470 1069 1507 1072; x_wconf 82' lang='lat'>—</span> <span class='ocrx_word' id='word_1_297' title='bbox 1535 1050 1676 1080; x_wconf 84' lang='lat' dir='ltr'>Filiorum</span> <span class='ocrx_word' id='word_1_298' title='bbox 1707 1059 1825 1089; x_wconf 91' lang='lat' dir='ltr'>quoque</span> <span class='ocrx_word' id='word_1_299' title='bbox 1848 1058 1969 1089; x_wconf 84' lang='lat' dir='ltr'>poenae.</span> 
     </span>
     <span class='ocr_line' id='line_1_61' title="bbox 1256 1095 1470 1126; baseline -0.009 0"><span class='ocrx_word' id='word_1_300' title='bbox 1256 1097 1283 1126; x_wconf 91' lang='lat'>3.</span> <span class='ocrx_word' id='word_1_301' title='bbox 1301 1095 1470 1126; x_wconf 87' lang='lat' dir='ltr'>Clausulae.</span> 
     </span>
    </p>
   </div>
   <div class='ocr_carea' id='block_1_12' title="bbox 1278 1160 1906 1248">
    <p class='ocr_par' dir='ltr' id='par_1_14' title="bbox 1278 1160 1906 1248">
     <span class='ocr_line' id='line_1_62' title="bbox 1278 1160 1906 1199; baseline -0.003 -8"><span class='ocrx_word' id='word_1_302' title='bbox 1278 1164 1400 1192; x_wconf 79' lang='lat' dir='ltr'>Urbanus</span> <span class='ocrx_word' id='word_1_303' title='bbox 1419 1162 1560 1199; x_wconf 79' lang='lat' dir='ltr'>episcopus</span> <span class='ocrx_word' id='word_1_304' title='bbox 1580 1169 1676 1191; x_wconf 84' lang='lat' dir='ltr'>servus</span> <span class='ocrx_word' id='word_1_305' title='bbox 1692 1168 1833 1190; x_wconf 82' lang='lat' dir='ltr'>servorum</span> <span class='ocrx_word' id='word_1_306' title='bbox 1849 1160 1906 1194; x_wconf 75' lang='lat' dir='ltr'>Dei.</span> 
     </span>
     <span class='ocr_line' id='line_1_63' title="bbox 1362 1211 1822 1248; baseline -0.007 -7"><span class='ocrx_word' id='word_1_307' title='bbox 1362 1214 1396 1241; x_wconf 80' lang='lat' dir='ltr'>ad</span> <span class='ocrx_word' id='word_1_308' title='bbox 1415 1213 1576 1248; x_wconf 78' lang='lat' dir='ltr'>perpetuam</span> <span class='ocrx_word' id='word_1_309' title='bbox 1595 1212 1636 1240; x_wconf 86' lang='lat' dir='ltr'>rei</span> <span class='ocrx_word' id='word_1_310' title='bbox 1654 1211 1822 1240; x_wconf 81' lang='lat' dir='ltr'>memoriam.</span> 
     </span>
    </p>
   </div>
   <div class='ocr_carea' id='block_1_13' title="bbox 1217 1282 1975 2327">
    <p class='ocr_par' dir='ltr' id='par_1_15' title="bbox 1217 1282 1971 1480">
     <span class='ocr_line' id='line_1_64' title="bbox 1267 1282 1970 1331; baseline -0.004 -12"><span class='ocrx_word' id='word_1_311' title='bbox 1267 1284 1503 1331; x_wconf 77' lang='lat' dir='ltr'>Sacrilegorum</span> <span class='ocrx_word' id='word_1_312' title='bbox 1543 1283 1719 1318; x_wconf 87' lang='lat' dir='ltr'>damnanda</span> <span class='ocrx_word' id='word_1_313' title='bbox 1757 1282 1970 1330; x_wconf 88' lang='lat' dir='ltr'>praesumptio</span> 
     </span>
     <span class='ocr_line' id='line_1_65' title="bbox 1217 1333 1969 1380; baseline -0.005 -10"><span class='ocrx_word' id='word_1_314' title='bbox 1217 1347 1254 1370; x_wconf 85' lang='lat' dir='ltr'>eo</span> <span class='ocrx_word' id='word_1_315' title='bbox 1268 1343 1315 1369; x_wconf 88' lang='lat' dir='ltr'>est</span> <span class='ocrx_word' id='word_1_316' title='bbox 1330 1335 1464 1380; x_wconf 78' lang='lat' dir='ltr'>gravior,</span> <span class='ocrx_word' id='word_1_317' title='bbox 1480 1342 1510 1367; x_wconf 91' lang='lat' dir='ltr'>et</span> <span class='ocrx_word' id='word_1_318' title='bbox 1528 1333 1641 1368; x_wconf 85' lang='lat' dir='ltr'>durius</span> <span class='ocrx_word' id='word_1_319' title='bbox 1656 1333 1800 1379; x_wconf 79' lang='lat' dir='ltr'>castigari</span> <span class='ocrx_word' id='word_1_320' title='bbox 1819 1340 1969 1371; x_wconf 84' lang='lat' dir='ltr'>meretur,</span> 
     </span>
     <span class='ocr_line' id='line_1_66' title="bbox 1218 1382 1971 1432; baseline -0.005 -13"><span class='ocrx_word' id='word_1_321' title='bbox 1218 1384 1326 1432; x_wconf 83' lang='lat' dir='ltr'>quoin</span> <span class='ocrx_word' id='word_1_322' title='bbox 1346 1384 1423 1419; x_wconf 91' lang='lat' dir='ltr'>locis</span> <span class='ocrx_word' id='word_1_323' title='bbox 1445 1382 1729 1418; x_wconf 89' lang='lat' dir='ltr'>venerabilioribus</span> <span class='ocrx_word' id='word_1_324' title='bbox 1752 1382 1911 1429; x_wconf 82' lang='lat' dir='ltr'>rebusque</span> <span class='ocrx_word' id='word_1_325' title='bbox 1925 1394 1971 1416; x_wconf 91' lang='lat' dir='ltr'>sa-</span> 
     </span>
     <span class='ocr_line' id='line_1_67' title="bbox 1219 1433 1697 1480; baseline -0.008 -11"><span class='ocrx_word' id='word_1_326' title='bbox 1219 1434 1376 1469; x_wconf 87' lang='lat' dir='ltr'>crioribus</span> <span class='ocrx_word' id='word_1_327' title='bbox 1398 1433 1491 1467; x_wconf 81' lang='lat' dir='ltr'>fuerit</span> <span class='ocrx_word' id='word_1_328' title='bbox 1511 1441 1697 1480; x_wconf 87' lang='lat' dir='ltr'>perpetrata.</span> 
     </span>
    </p>

    <p class='ocr_par' dir='ltr' id='par_1_16' title="bbox 1219 1481 1975 2327">
     <span class='ocr_line' id='line_1_68' title="bbox 1266 1481 1970 1531; baseline -0.007 -13"><span class='ocrx_word' id='word_1_329' title='bbox 1266 1484 1286 1531; x_wconf 63' lang='lat' dir='ltr'>S</span> <span class='ocrx_word' id='word_1_330' title='bbox 1316 1488 1347 1517; x_wconf 82' lang='lat' dir='ltr'>t.</span> <span class='ocrx_word' id='word_1_331' title='bbox 1370 1483 1450 1518; x_wconf 88' lang='lat' dir='ltr'>Cum</span> <span class='ocrx_word' id='word_1_332' title='bbox 1476 1484 1580 1529; x_wconf 85' lang='lat' dir='ltr'>itaque</span> <span class='ocrx_word' id='word_1_333' title='bbox 1613 1494 1681 1521; x_wconf 79' lang='lat' dir='ltr'>nOS,</span> <span class='ocrx_word' id='word_1_334' title='bbox 1704 1481 1740 1516; x_wconf 89' lang='lat' dir='ltr'>ad</span> <span class='ocrx_word' id='word_1_335' title='bbox 1766 1481 1970 1516; x_wconf 82' lang='lat' dir='ltr'>reverentiam</span> 
     </span>
     <span class='ocr_line' id='line_1_69' title="bbox 1219 1531 1970 1578; baseline -0.004 -11"><span class='ocrx_word' id='word_1_336' title='bbox 1219 1533 1276 1567; x_wconf 88' lang='lat' dir='ltr'>Dei</span> <span class='ocrx_word' id='word_1_337' title='bbox 1293 1542 1323 1567; x_wconf 85' lang='lat' dir='ltr'>et</span> <span class='ocrx_word' id='word_1_338' title='bbox 1339 1533 1592 1567; x_wconf 86' lang='lat' dir='ltr'>beatissimorum</span> <span class='ocrx_word' id='word_1_339' title='bbox 1608 1531 1822 1578; x_wconf 84' lang='lat' dir='ltr'>apostolorum</span> <span class='ocrx_word' id='word_1_340' title='bbox 1839 1543 1970 1565; x_wconf 90' lang='lat' dir='ltr'>suorum</span> 
     </span>
     <span class='ocr_line' id='line_1_70' title="bbox 1219 1580 1972 1627; baseline -0.004 -10"><span class='ocrx_word' id='word_1_341' title='bbox 1219 1582 1302 1617; x_wconf 85' lang='lat' dir='ltr'>Petri</span> <span class='ocrx_word' id='word_1_342' title='bbox 1327 1592 1356 1617; x_wconf 91' lang='lat' dir='ltr'>et</span> <span class='ocrx_word' id='word_1_343' title='bbox 1378 1582 1482 1626; x_wconf 83' lang='lat' dir='ltr'>Pauli,</span> <span class='ocrx_word' id='word_1_344' title='bbox 1505 1583 1584 1616; x_wconf 89' lang='lat' dir='ltr'>duas</span> <span class='ocrx_word' id='word_1_345' title='bbox 1606 1581 1790 1616; x_wconf 82' lang='lat' dir='ltr'>eorumdem</span> <span class='ocrx_word' id='word_1_346' title='bbox 1810 1580 1972 1627; x_wconf 88' lang='lat' dir='ltr'>apostolo—</span> 
     </span>
     <span class='ocr_line' id='line_1_71' title="bbox 1220 1630 1974 1678; baseline -0.004 -12"><span class='ocrx_word' id='word_1_347' title='bbox 1220 1645 1287 1666; x_wconf 88' lang='lat' dir='ltr'>rum</span> <span class='ocrx_word' id='word_1_348' title='bbox 1309 1632 1461 1678; x_wconf 81' lang='lat' dir='ltr'>imagines</span> <span class='ocrx_word' id='word_1_349' title='bbox 1481 1639 1646 1678; x_wconf 83' lang='lat' dir='ltr'>argenteas</span> <span class='ocrx_word' id='word_1_350' title='bbox 1662 1630 1827 1664; x_wconf 88' lang='lat' dir='ltr'>deauratas</span> <span class='ocrx_word' id='word_1_351' title='bbox 1843 1642 1879 1664; x_wconf 84' lang='lat' dir='ltr'>ac</span> <span class='ocrx_word' id='word_1_352' title='bbox 1895 1642 1974 1664; x_wconf 83' lang='lat' dir='ltr'>mar-</span> 
     </span>
     <span class='ocr_line' id='line_1_72' title="bbox 1219 1681 1973 1728; baseline -0.004 -12"><span class='ocrx_word' id='word_1_353' title='bbox 1219 1682 1326 1728; x_wconf 79' lang='lat' dir='ltr'>garitis</span> <span class='ocrx_word' id='word_1_354' title='bbox 1344 1690 1375 1716; x_wconf 89' lang='lat' dir='ltr'>et</span> <span class='ocrx_word' id='word_1_355' title='bbox 1391 1681 1552 1728; x_wconf 87' lang='lat' dir='ltr'>lapidibus</span> <span class='ocrx_word' id='word_1_356' title='bbox 1574 1681 1723 1728; x_wconf 86' lang='lat' dir='ltr'>pretiosis</span> <span class='ocrx_word' id='word_1_357' title='bbox 1745 1688 1883 1724; x_wconf 86' lang='lat' dir='ltr'>ornatas,</span> <span class='ocrx_word' id='word_1_358' title='bbox 1899 1691 1973 1726; x_wconf 91' lang='lat' dir='ltr'>pon-</span> 
     </span>
     <span class='ocr_line' id='line_1_73' title="bbox 1220 1730 1974 1775; baseline -0.004 -9"><span class='ocrx_word' id='word_1_359' title='bbox 1220 1733 1305 1766; x_wconf 87' lang='lat' dir='ltr'>deris</span> <span class='ocrx_word' id='word_1_360' title='bbox 1318 1732 1611 1766; x_wconf 89' lang='lat' dir='ltr'>milleducentarum</span> <span class='ocrx_word' id='word_1_361' title='bbox 1626 1731 1824 1765; x_wconf 86' lang='lat' dir='ltr'>marcharum</span> <span class='ocrx_word' id='word_1_362' title='bbox 1839 1730 1974 1775; x_wconf 75' lang='lat' dir='ltr'>argenti,</span> 
     </span>
     <span class='ocr_line' id='line_1_74' title="bbox 1220 1779 1972 1829; baseline -0.004 -13"><span class='ocrx_word' id='word_1_363' title='bbox 1220 1794 1316 1829; x_wconf 88' lang='lat' dir='ltr'>super</span> <span class='ocrx_word' id='word_1_364' title='bbox 1334 1794 1467 1829; x_wconf 89' lang='lat' dir='ltr'>quarum</span> <span class='ocrx_word' id='word_1_365' title='bbox 1491 1781 1633 1825; x_wconf 83' lang='lat' dir='ltr'>alteram,</span> <span class='ocrx_word' id='word_1_366' title='bbox 1653 1780 1800 1815; x_wconf 81' lang='lat' dir='ltr'>videlicet</span> <span class='ocrx_word' id='word_1_367' title='bbox 1824 1779 1972 1814; x_wconf 85' lang='lat' dir='ltr'>verticem</span> 
     </span>
     <span class='ocr_line' id='line_1_75' title="bbox 1220 1831 1974 1876; baseline -0.005 -10"><span class='ocrx_word' id='word_1_368' title='bbox 1220 1831 1307 1866; x_wconf 89' lang='lat' dir='ltr'>Beati</span> <span class='ocrx_word' id='word_1_369' title='bbox 1333 1832 1428 1872; x_wconf 84' lang='lat' dir='ltr'>Petri,</span> <span class='ocrx_word' id='word_1_370' title='bbox 1451 1839 1499 1866; x_wconf 89' lang='lat' dir='ltr'>est</span> <span class='ocrx_word' id='word_1_371' title='bbox 1531 1843 1591 1865; x_wconf 86' lang='lat' dir='ltr'>una</span> <span class='ocrx_word' id='word_1_372' title='bbox 1624 1843 1700 1865; x_wconf 87' lang='lat' dir='ltr'>crux</span> <span class='ocrx_word' id='word_1_373' title='bbox 1725 1842 1832 1873; x_wconf 85' lang='lat' dir='ltr'>aurea,</span> <span class='ocrx_word' id='word_1_374' title='bbox 1857 1841 1948 1876; x_wconf 82' lang='lat' dir='ltr'>parva</span> <span class='ocrx_word' id='word_1_375' title='bbox 1965 1856 1974 1871; x_wconf 88' lang='lat'>,</span> 
     </span>
     <span class='ocr_line' id='line_1_76' title="bbox 1220 1878 1974 1928; baseline -0.003 -13"><span class='ocrx_word' id='word_1_376' title='bbox 1220 1882 1355 1927; x_wconf 79' lang='lat' dir='ltr'>gemmis</span> <span class='ocrx_word' id='word_1_377' title='bbox 1389 1882 1534 1928; x_wconf 84' lang='lat' dir='ltr'>pretiosis</span> <span class='ocrx_word' id='word_1_378' title='bbox 1564 1888 1694 1922; x_wconf 88' lang='lat' dir='ltr'>ornata,</span> <span class='ocrx_word' id='word_1_379' title='bbox 1719 1880 1748 1914; x_wconf 95' lang='lat' dir='ltr'>in</span> <span class='ocrx_word' id='word_1_380' title='bbox 1771 1892 1832 1926; x_wconf 88' lang='lat' dir='ltr'>qua</span> <span class='ocrx_word' id='word_1_381' title='bbox 1864 1887 1911 1913; x_wconf 88' lang='lat' dir='ltr'>est</span> <span class='ocrx_word' id='word_1_382' title='bbox 1936 1878 1974 1913; x_wconf 90' lang='lat' dir='ltr'>de</span> 
     </span>
     <span class='ocr_line' id='line_1_77' title="bbox 1222 1928 1973 1978; baseline -0.007 -12"><span class='ocrx_word' id='word_1_383' title='bbox 1222 1932 1309 1978; x_wconf 83' lang='lat' dir='ltr'>ligno</span> <span class='ocrx_word' id='word_1_384' title='bbox 1332 1931 1444 1965; x_wconf 89' lang='lat' dir='ltr'>Crucis</span> <span class='ocrx_word' id='word_1_385' title='bbox 1468 1931 1594 1965; x_wconf 89' lang='lat' dir='ltr'>Domini</span> <span class='ocrx_word' id='word_1_386' title='bbox 1627 1930 1724 1964; x_wconf 88' lang='lat' dir='ltr'>nostri</span> <span class='ocrx_word' id='word_1_387' title='bbox 1749 1929 1818 1963; x_wconf 90' lang='lat' dir='ltr'>lesu</span> <span class='ocrx_word' id='word_1_388' title='bbox 1842 1928 1973 1971; x_wconf 83' lang='lat' dir='ltr'>Cliristi,</span> 
     </span>
     <span class='ocr_line' id='line_1_78' title="bbox 1221 1977 1975 2027; baseline -0.005 -12"><span class='ocrx_word' id='word_1_389' title='bbox 1221 1981 1336 2015; x_wconf 87' lang='lat' dir='ltr'>decoro</span> <span class='ocrx_word' id='word_1_390' title='bbox 1363 1988 1616 2027; x_wconf 88' lang='lat' dir='ltr'>snmptuosoque</span> <span class='ocrx_word' id='word_1_391' title='bbox 1638 1991 1733 2025; x_wconf 91' lang='lat' dir='ltr'>opere</span> <span class='ocrx_word' id='word_1_392' title='bbox 1750 1978 1919 2013; x_wconf 84' lang='lat' dir='ltr'>fecerimus</span> <span class='ocrx_word' id='word_1_393' title='bbox 1932 1977 1975 2011; x_wconf 47' lang='lat' dir='ltr'>fa*</span> 
     </span>
     <span class='ocr_line' id='line_1_79' title="bbox 1223 2029 1973 2075; baseline -0.005 -10"><span class='ocrx_word' id='word_1_394' title='bbox 1223 2031 1346 2075; x_wconf 85' lang='lat' dir='ltr'>bricari,</span> <span class='ocrx_word' id='word_1_395' title='bbox 1368 2043 1403 2065; x_wconf 87' lang='lat' dir='ltr'>ac</span> <span class='ocrx_word' id='word_1_396' title='bbox 1426 2031 1456 2064; x_wconf 91' lang='lat' dir='ltr'>in</span> <span class='ocrx_word' id='word_1_397' title='bbox 1481 2030 1620 2064; x_wconf 84' lang='lat' dir='ltr'>Ecclesia</span> <span class='ocrx_word' id='word_1_398' title='bbox 1650 2029 1853 2063; x_wconf 69' lang='lat' dir='ltr'>Laterum-nsi</span> <span class='ocrx_word' id='word_1_399' title='bbox 1877 2039 1973 2075; x_wconf 85' lang='lat' dir='ltr'>supra</span> 
     </span>
     <span class='ocr_line' id='line_1_80' title="bbox 1221 2078 1972 2115; baseline -0.007 0"><span class='ocrx_word' id='word_1_400' title='bbox 1221 2081 1316 2115; x_wconf 86' lang='lat' dir='ltr'>altare</span> <span class='ocrx_word' id='word_1_401' title='bbox 1351 2081 1452 2114; x_wconf 87' lang='lat' dir='ltr'>maius</span> <span class='ocrx_word' id='word_1_402' title='bbox 1484 2079 1702 2113; x_wconf 83' lang='lat' dir='ltr'>venerabiliter</span> <span class='ocrx_word' id='word_1_403' title='bbox 1736 2078 1897 2112; x_wconf 82' lang='lat' dir='ltr'>collocari:</span> <span class='ocrx_word' id='word_1_404' title='bbox 1942 2078 1972 2111; x_wconf 91' lang='lat' dir='ltr'>in</span> 
     </span>
     <span class='ocr_line' id='line_1_81' title="bbox 1222 2128 1975 2177; baseline -0.004 -13"><span class='ocrx_word' id='word_1_405' title='bbox 1222 2131 1330 2177; x_wconf 84' lang='lat' dir='ltr'>eisque</span> <span class='ocrx_word' id='word_1_406' title='bbox 1351 2129 1559 2165; x_wconf 85' lang='lat' dir='ltr'>sacratissima</span> <span class='ocrx_word' id='word_1_407' title='bbox 1584 2129 1685 2176; x_wconf 85' lang='lat' dir='ltr'>capita</span> <span class='ocrx_word' id='word_1_408' title='bbox 1708 2128 1863 2162; x_wconf 88' lang='lat' dir='ltr'>dictorum</span> <span class='ocrx_word' id='word_1_409' title='bbox 1897 2139 1975 2173; x_wconf 81' lang='lat' dir='ltr'>apo-</span> 
     </span>
     <span class='ocr_line' id='line_1_82' title="bbox 1222 2176 1975 2225; baseline -0.004 -12"><span class='ocrx_word' id='word_1_410' title='bbox 1222 2180 1374 2215; x_wconf 89' lang='lat' dir='ltr'>stolorum</span> <span class='ocrx_word' id='word_1_411' title='bbox 1398 2188 1427 2214; x_wconf 87' lang='lat' dir='ltr'>et</span> <span class='ocrx_word' id='word_1_412' title='bbox 1450 2180 1526 2214; x_wconf 88' lang='lat' dir='ltr'>alias</span> <span class='ocrx_word' id='word_1_413' title='bbox 1546 2179 1694 2225; x_wconf 84' lang='lat' dir='ltr'>reliquias</span> <span class='ocrx_word' id='word_1_414' title='bbox 1712 2186 1893 2212; x_wconf 86' lang='lat' dir='ltr'>sanctorum</span> <span class='ocrx_word' id='word_1_415' title='bbox 1912 2176 1975 2210; x_wconf 89' lang='lat' dir='ltr'>ibi-</span> 
     </span>
     <span class='ocr_line' id='line_1_83' title="bbox 1222 2228 1972 2274; baseline -0.005 -10"><span class='ocrx_word' id='word_1_416' title='bbox 1222 2230 1306 2271; x_wconf 87' lang='lat' dir='ltr'>dem,</span> <span class='ocrx_word' id='word_1_417' title='bbox 1329 2230 1366 2264; x_wconf 87' lang='lat' dir='ltr'>ad</span> <span class='ocrx_word' id='word_1_418' title='bbox 1391 2231 1541 2264; x_wconf 82' lang='lat' dir='ltr'>maiorem</span> <span class='ocrx_word' id='word_1_419' title='bbox 1567 2229 1801 2263; x_wconf 86' lang='lat' dir='ltr'>venerationem</span> <span class='ocrx_word' id='word_1_420' title='bbox 1833 2228 1972 2274; x_wconf 90' lang='lat' dir='ltr'>ipsorum</span> 
     </span>
     <span class='ocr_line' id='line_1_84' title="bbox 1222 2277 1975 2327; baseline -0.003 -13"><span class='ocrx_word' id='word_1_421' title='bbox 1222 2280 1439 2327; x_wconf 87' lang='lat' dir='ltr'>apostolorum</span> <span class='ocrx_word' id='word_1_422' title='bbox 1463 2288 1493 2313; x_wconf 90' lang='lat' dir='ltr'>et</span> <span class='ocrx_word' id='word_1_423' title='bbox 1512 2279 1712 2313; x_wconf 85' lang='lat' dir='ltr'>devotionem</span> <span class='ocrx_word' id='word_1_424' title='bbox 1743 2277 1883 2312; x_wconf 82' lang='lat' dir='ltr'>fidelium</span> <span class='ocrx_word' id='word_1_425' title='bbox 1917 2289 1975 2312; x_wconf 80' lang='lat' dir='ltr'>re-</span> 
     </span>
    </p>
   </div>
   <div class='ocr_carea' id='block_1_14' title="bbox 1979 276 2163 303">
    <p class='ocr_par' dir='ltr' id='par_1_17' title="bbox 1979 276 2163 303">
     <span class='ocr_line' id='line_1_85' title="bbox 1979 276 2163 303; baseline 0 0"><span class='ocrx_word' id='word_1_426' title='bbox 1979 277 2028 303; x_wconf 85' lang='grc' dir='ltr'>Αη.</span> <span class='ocrx_word' id='word_1_427' title='bbox 2046 276 2072 302; x_wconf 83' lang='lat' dir='ltr'>C.</span> <span class='ocrx_word' id='word_1_428' title='bbox 2098 276 2163 303; x_wconf 74' lang='lat' dir='ltr'>t385</span> 
     </span>
    </p>
   </div>
   <div class='ocr_carea' id='block_1_15' title="bbox 2019 1289 2137 1310">
    <p class='ocr_par' dir='ltr' id='par_1_18' title="bbox 2019 1289 2137 1310">
     <span class='ocr_line' id='line_1_86' title="bbox 2019 1289 2137 1310; baseline -0.017 0"><span class='ocrx_word' id='word_1_429' title='bbox 2019 1289 2137 1310; x_wconf 68' lang='lat' dir='ltr'>Exordium</span> 
     </span>
    </p>
   </div>
   <div class='ocr_carea' id='block_1_16' title="bbox 1987 1484 2171 1542">
    <p class='ocr_par' dir='ltr' id='par_1_19' title="bbox 1987 1484 2171 1542">
     <span class='ocr_line' id='line_1_87' title="bbox 1999 1484 2171 1511; baseline -0.006 -6"><span class='ocrx_word' id='word_1_430' title='bbox 1999 1485 2042 1505; x_wconf 77' lang='lat' dir='ltr'>Hae</span> <span class='ocrx_word' id='word_1_431' title='bbox 2068 1484 2171 1511; x_wconf 78' lang='lat' dir='ltr'>reliquiae</span> 
     </span>
     <span class='ocr_line' id='line_1_88' title="bbox 1987 1518 2154 1542; baseline -0.012 -5"><span class='ocrx_word' id='word_1_432' title='bbox 1987 1518 2040 1537; x_wconf 75' lang='lat' dir='ltr'>uude</span> <span class='ocrx_word' id='word_1_433' title='bbox 2052 1520 2154 1542; x_wconf 76' lang='lat' dir='ltr'>sumptae.</span> 
     </span>
    </p>
   </div>
   <div class='ocr_carea' id='block_1_17' title="bbox 1223 2328 2175 2594">
    <p class='ocr_par' dir='ltr' id='par_1_20' title="bbox 1223 2328 2175 2594">
     <span class='ocr_line' id='line_1_89' title="bbox 1223 2328 2172 2377; baseline -0.005 -13"><span class='ocrx_word' id='word_1_434' title='bbox 1223 2330 1330 2370; x_wconf 85' lang='lat' dir='ltr'>condi,</span> <span class='ocrx_word' id='word_1_435' title='bbox 1354 2329 1516 2377; x_wconf 86' lang='lat' dir='ltr'>perpetuis</span> <span class='ocrx_word' id='word_1_436' title='bbox 1538 2328 1732 2375; x_wconf 85' lang='lat' dir='ltr'>temporibus</span> <span class='ocrx_word' id='word_1_437' title='bbox 1752 2339 1972 2374; x_wconf 84' lang='lat' dir='ltr'>permansura;</span> <span class='ocrx_word' id='word_1_438' title='bbox 2002 2331 2172 2374; x_wconf 42' lang='lat' dir='ltr'>Eae-earumque</span> 
     </span>
     <span class='ocr_line' id='line_1_90' title="bbox 1224 2368 2175 2430; baseline -0.004 -12"><span class='ocrx_word' id='word_1_439' title='bbox 1224 2384 1356 2430; x_wconf 81' lang='lat' dir='ltr'>dignum</span> <span class='ocrx_word' id='word_1_440' title='bbox 1370 2393 1417 2419; x_wconf 88' lang='lat' dir='ltr'>est</span> <span class='ocrx_word' id='word_1_441' title='bbox 1430 2392 1461 2418; x_wconf 87' lang='lat' dir='ltr'>et</span> <span class='ocrx_word' id='word_1_442' title='bbox 1472 2383 1508 2418; x_wconf 88' lang='lat' dir='ltr'>ad</span> <span class='ocrx_word' id='word_1_443' title='bbox 1519 2383 1672 2417; x_wconf 86' lang='lat' dir='ltr'>cautelam</span> <span class='ocrx_word' id='word_1_444' title='bbox 1689 2390 1872 2429; x_wconf 88' lang='lat' dir='ltr'>reputamus</span> <span class='ocrx_word' id='word_1_445' title='bbox 1883 2392 1973 2428; x_wconf 83' lang='lat' dir='ltr'>expe·</span> <span class='ocrx_word' id='word_1_446' title='bbox 1989 2368 2175 2421; x_wconf 49' lang='lat' dir='ltr'>iiiidnnigiuifutiii}</span> 
     </span>
     <span class='ocr_line' id='line_1_91' title="bbox 1223 2426 2172 2485; baseline -0.003 -14"><span class='ocrx_word' id='word_1_447' title='bbox 1223 2438 1315 2473; x_wconf 88' lang='lat' dir='ltr'>diens</span> <span class='ocrx_word' id='word_1_448' title='bbox 1330 2438 1414 2485; x_wconf 89' lang='lat' dir='ltr'>quod</span> <span class='ocrx_word' id='word_1_449' title='bbox 1432 2447 1463 2472; x_wconf 91' lang='lat' dir='ltr'>nt</span> <span class='ocrx_word' id='word_1_450' title='bbox 1486 2439 1552 2485; x_wconf 85' lang='lat' dir='ltr'>ipsa</span> <span class='ocrx_word' id='word_1_451' title='bbox 1568 2437 1668 2481; x_wconf 84' lang='lat' dir='ltr'>Crux,</span> <span class='ocrx_word' id='word_1_452' title='bbox 1686 2437 1800 2483; x_wconf 77' lang='lat' dir='ltr'>capita,</span> <span class='ocrx_word' id='word_1_453' title='bbox 1823 2435 1974 2482; x_wconf 85' lang='lat' dir='ltr'>reliquiae</span> <span class='ocrx_word' id='word_1_454' title='bbox 1989 2426 2078 2446; x_wconf 57' lang='lat'>⁵¹¹¹⁸⁹⁰²¹</span> <span class='ocrx_word' id='word_1_455' title='bbox 2090 2431 2172 2453; x_wconf 56' lang='lat'>&#39;&#39;⁰⁸¹¹“</span> 
     </span>
     <span class='ocr_line' id='line_1_92' title="bbox 1224 2493 1974 2539; baseline -0.004 -13"><span class='ocrx_word' id='word_1_456' title='bbox 1224 2502 1251 2526; x_wconf 83' lang='lat' dir='ltr'>et</span> <span class='ocrx_word' id='word_1_457' title='bbox 1270 2493 1420 2537; x_wconf 69' lang='lat' dir='ltr'>imagines</span> <span class='ocrx_word' id='word_1_458' title='bbox 1439 2493 1532 2532; x_wconf 85' lang='lat' dir='ltr'>duae,</span> <span class='ocrx_word' id='word_1_459' title='bbox 1548 2504 1659 2539; x_wconf 86' lang='lat' dir='ltr'>capsae</span> <span class='ocrx_word' id='word_1_460' title='bbox 1677 2504 1787 2539; x_wconf 76' lang='lat' dir='ltr'>parvae</span> <span class='ocrx_word' id='word_1_461' title='bbox 1807 2498 1974 2536; x_wconf 83' lang='lat' dir='ltr'>argenteae‚</span> 
     </span>
     <span class='ocr_line' id='line_1_93' title="bbox 1225 2544 1974 2594; baseline -0.004 -13"><span class='ocrx_word' id='word_1_462' title='bbox 1225 2548 1254 2581; x_wconf 90' lang='lat' dir='ltr'>in</span> <span class='ocrx_word' id='word_1_463' title='bbox 1290 2548 1407 2594; x_wconf 85' lang='lat' dir='ltr'>quibus</span> <span class='ocrx_word' id='word_1_464' title='bbox 1443 2547 1577 2594; x_wconf 82' lang='lat' dir='ltr'>praefata</span> <span class='ocrx_word' id='word_1_465' title='bbox 1613 2546 1822 2581; x_wconf 84' lang='lat' dir='ltr'>sacratissima</span> <span class='ocrx_word' id='word_1_466' title='bbox 1857 2544 1974 2591; x_wconf 82' lang='lat' dir='ltr'>capita,</span> 
     </span>
    </p>
   </div>
   <div class='ocr_carea' id='block_1_18' title="bbox 1225 2598 1976 2636">
    <p class='ocr_par' dir='ltr' id='par_1_21' title="bbox 1225 2598 1976 2636">
     <span class='ocr_line' id='line_1_94' title="bbox 1225 2598 1976 2636; baseline -0.005 -1"><span class='ocrx_word' id='word_1_467' title='bbox 1225 2602 1296 2635; x_wconf 84' lang='lat' dir='ltr'>olim</span> <span class='ocrx_word' id='word_1_468' title='bbox 1322 2603 1351 2635; x_wconf 92' lang='lat' dir='ltr'>in</span> <span class='ocrx_word' id='word_1_469' title='bbox 1375 2602 1505 2636; x_wconf 80' lang='lat' dir='ltr'>ecclesia</span> <span class='ocrx_word' id='word_1_470' title='bbox 1523 2601 1630 2635; x_wconf 86' lang='lat' dir='ltr'>Sancti</span> <span class='ocrx_word' id='word_1_471' title='bbox 1654 2599 1814 2634; x_wconf 84' lang='lat' dir='ltr'>Laurentii</span> <span class='ocrx_word' id='word_1_472' title='bbox 1838 2598 1875 2633; x_wconf 88' lang='lat' dir='ltr'>ad</span> <span class='ocrx_word' id='word_1_473' title='bbox 1898 2598 1976 2633; x_wconf 81' lang='lat' dir='ltr'>San-</span> 
     </span>
    </p>
   </div>
   <div class='ocr_carea' id='block_1_19' title="bbox 741 2356 887 2362">
    <p class='ocr_par' dir='ltr' id='par_1_22' title="bbox 741 2356 887 2362">
     <span class='ocr_line' id='line_1_95' title="bbox 741 2356 887 2362; baseline 0 0"><span class='ocrx_word' id='word_1_474' title='bbox 741 2356 887 2362; x_wconf 95' lang='lat' dir='ltr'> </span> 
     </span>
    </p>
   </div>
   <div class='ocr_carea' id='block_1_20' title="bbox 779 2440 831 2475">
    <p class='ocr_par' dir='ltr' id='par_1_23' title="bbox 779 2440 831 2475">
     <span class='ocr_line' id='line_1_96' title="bbox 779 2440 831 2475; baseline -0.019 0"><span class='ocrx_word' id='word_1_475' title='bbox 779 2440 831 2475; x_wconf 82' lang='lat' dir='ltr'>Xl.</span> 
     </span>
    </p>
   </div>
   <div class='ocr_carea' id='block_1_21' title="bbox 433 2513 1183 2658">
    <p class='ocr_par' dir='ltr' id='par_1_24' title="bbox 433 2513 1183 2658">
     <span class='ocr_line' id='line_1_97' title="bbox 433 2513 1182 2558; baseline -0.004 -10"><span class='ocrx_word' id='word_1_476' title='bbox 433 2517 617 2549; x_wconf 82' lang='lat' dir='ltr'>Sanctorum</span> <span class='ocrx_word' id='word_1_477' title='bbox 639 2515 724 2549; x_wconf 83' lang='lat' dir='ltr'>Petri</span> <span class='ocrx_word' id='word_1_478' title='bbox 743 2522 769 2547; x_wconf 79' lang='lat' dir='ltr'>e!</span> <span class='ocrx_word' id='word_1_479' title='bbox 785 2515 882 2547; x_wconf 79' lang='lat' dir='ltr'>Pauli</span> <span class='ocrx_word' id='word_1_480' title='bbox 901 2513 1110 2558; x_wconf 78' lang='lat' dir='ltr'>apostolorum</span> <span class='ocrx_word' id='word_1_481' title='bbox 1125 2514 1182 2545; x_wconf 79' lang='lat' dir='ltr'>ico-</span> 
     </span>
     <span class='ocr_line' id='line_1_98' title="bbox 482 2564 1183 2609; baseline -0.006 -11"><span class='ocrx_word' id='word_1_482' title='bbox 482 2577 530 2598; x_wconf 87' lang='lat' dir='ltr'>nes</span> <span class='ocrx_word' id='word_1_483' title='bbox 552 2572 710 2609; x_wconf 77' lang='lat' dir='ltr'>aryenteas</span> <span class='ocrx_word' id='word_1_484' title='bbox 731 2565 897 2597; x_wconf 78' lang='lat' dir='ltr'>deam-aias</span> <span class='ocrx_word' id='word_1_485' title='bbox 918 2564 1100 2607; x_wconf 73' lang='lat' dir='ltr'>yemmisque</span> <span class='ocrx_word' id='word_1_486' title='bbox 1118 2574 1183 2606; x_wconf 80' lang='lat' dir='ltr'>pre-</span> 
     </span>
     <span class='ocr_line' id='line_1_99' title="bbox 483 2614 1183 2658; baseline -0.003 -12"><span class='ocrx_word' id='word_1_487' title='bbox 483 2615 566 2647; x_wconf 79' lang='lat' dir='ltr'>tiosis</span> <span class='ocrx_word' id='word_1_488' title='bbox 593 2615 811 2658; x_wconf 63' lang='lat' dir='ltr'>elegantissime</span> <span class='ocrx_word' id='word_1_489' title='bbox 837 2614 1023 2655; x_wconf 84' lang='lat' dir='ltr'>elaboratas,</span> <span class='ocrx_word' id='word_1_490' title='bbox 1051 2624 1183 2656; x_wconf 79' lang='lat' dir='ltr'>quarum</span> 
     </span>
    </p>
   </div>
   <div class='ocr_carea' id='block_1_22' title="bbox 483 2662 1750 2706">
    <p class='ocr_par' dir='ltr' id='par_1_25' title="bbox 483 2662 1750 2706">
     <span class='ocr_line' id='line_1_100' title="bbox 483 2662 1750 2706; baseline -0.005 -10"><span class='ocrx_word' id='word_1_491' title='bbox 483 2664 581 2697; x_wconf 82' lang='lat' dir='ltr'>altera</span> <span class='ocrx_word' id='word_1_492' title='bbox 598 2691 606 2701; x_wconf 90' lang='lat'>,</span> <span class='ocrx_word' id='word_1_493' title='bbox 635 2664 746 2696; x_wconf 73' lang='lat' dir='ltr'>scilicet</span> <span class='ocrx_word' id='word_1_494' title='bbox 781 2664 859 2695; x_wconf 73' lang='lat' dir='ltr'>beati</span> <span class='ocrx_word' id='word_1_495' title='bbox 895 2663 998 2699; x_wconf 74' lang='lat' dir='ltr'>Pon-i,</span> <span class='ocrx_word' id='word_1_496' title='bbox 1037 2663 1073 2695; x_wconf 79' lang='lat' dir='ltr'>de</span> <span class='ocrx_word' id='word_1_497' title='bbox 1100 2662 1183 2705; x_wconf 72' lang='lat' dir='ltr'>liqna</span> <span class='ocrx_word' id='word_1_498' title='bbox 1259 2673 1298 2706; x_wconf 64' lang='grc' dir='ltr'>(ῃ</span> <span class='ocrx_word' id='word_1_499' title='bbox 1316 2673 1354 2698; x_wconf 64' lang='lat' dir='ltr'>Ex</span> <span class='ocrx_word' id='word_1_500' title='bbox 1371 2673 1478 2705; x_wconf 63' lang='lat' dir='ltr'>Reeest.</span> <span class='ocrx_word' id='word_1_501' title='bbox 1496 2672 1521 2698; x_wconf 80' lang='lat' dir='ltr'>in</span> <span class='ocrx_word' id='word_1_502' title='bbox 1542 2672 1650 2698; x_wconf 69' lang='lat' dir='ltr'>Archiv.</span> <span class='ocrx_word' id='word_1_503' title='bbox 1667 2671 1750 2697; x_wconf 60' lang='lat' dir='ltr'>vffljp,</span> 
     </span>
    </p>
   </div>
  </div>
 </body>
</html>
