<?xml version="1.0" encoding="UTF-8"?>
<!DOCTYPE html PUBLIC "-//W3C//DTD XHTML 1.0 Transitional//EN"
    "http://www.w3.org/TR/xhtml1/DTD/xhtml1-transitional.dtd">
<html xmlns="http://www.w3.org/1999/xhtml" xml:lang="en" lang="en">
 <head>
  <title>
</title>
<meta http-equiv="Content-Type" content="text/html;charset=utf-8" />
  <meta name='ocr-system' content='tesseract 3.04.00' />
  <meta name='ocr-capabilities' content='ocr_page ocr_carea ocr_par ocr_line ocrx_word'/>
</head>
<body>
  <div class='ocr_page' id='page_1' title='image "./bullarumdiplomat04cath_0305.png"; bbox 0 0 2274 3265; ppageno 0'>
   <div class='ocr_carea' id='block_1_1' title="bbox 99 271 272 298">
    <p class='ocr_par' dir='ltr' id='par_1_1' title="bbox 99 271 272 298">
     <span class='ocr_line' id='line_1_1' title="bbox 99 271 272 298; baseline -0.006 0"><span class='ocrx_word' id='word_1_1' title='bbox 99 271 147 298; x_wconf 66' lang='lat' dir='ltr'>An.</span> <span class='ocrx_word' id='word_1_2' title='bbox 162 271 188 297; x_wconf 89' lang='lat' dir='ltr'>C.</span> <span class='ocrx_word' id='word_1_3' title='bbox 209 272 272 297; x_wconf 66' lang='lat' dir='ltr'>mat</span> 
     </span>
    </p>
   </div>
   <div class='ocr_carea' id='block_1_2' title="bbox 294 324 1046 910">
    <p class='ocr_par' dir='ltr' id='par_1_2' title="bbox 294 324 1043 606">
     <span class='ocr_line' id='line_1_2' title="bbox 294 324 1038 373; baseline 0 -15"><span class='ocrx_word' id='word_1_4' title='bbox 294 324 418 359; x_wconf 88' lang='lat' dir='ltr'>minatis</span> <span class='ocrx_word' id='word_1_5' title='bbox 437 334 469 360; x_wconf 86' lang='lat' dir='ltr'>ut</span> <span class='ocrx_word' id='word_1_6' title='bbox 497 325 580 372; x_wconf 81' lang='lat' dir='ltr'>digni</span> <span class='ocrx_word' id='word_1_7' title='bbox 618 325 781 373; x_wconf 87' lang='lat' dir='ltr'>approbari</span> <span class='ocrx_word' id='word_1_8' title='bbox 813 327 958 371; x_wconf 74' lang='lat' dir='ltr'>debeant,</span> <span class='ocrx_word' id='word_1_9' title='bbox 988 334 1038 359; x_wconf 90' lang='lat' dir='ltr'>aut</span> 
     </span>
     <span class='ocr_line' id='line_1_3' title="bbox 295 373 1041 420; baseline 0.001 -13"><span class='ocrx_word' id='word_1_10' title='bbox 295 373 414 420; x_wconf 80' lang='lat' dir='ltr'>indigui</span> <span class='ocrx_word' id='word_1_11' title='bbox 451 375 564 409; x_wconf 81' lang='lat' dir='ltr'>merito</span> <span class='ocrx_word' id='word_1_12' title='bbox 592 388 653 409; x_wconf 90' lang='lat' dir='ltr'>nou</span> <span class='ocrx_word' id='word_1_13' title='bbox 693 375 825 410; x_wconf 89' lang='lat' dir='ltr'>admitti.</span> <span class='ocrx_word' id='word_1_14' title='bbox 865 376 926 417; x_wconf 86' lang='lat' dir='ltr'>Qui</span> <span class='ocrx_word' id='word_1_15' title='bbox 968 387 1041 408; x_wconf 83' lang='lat' dir='ltr'>vero</span> 
     </span>
     <span class='ocr_line' id='line_1_4' title="bbox 295 423 1041 470; baseline 0.001 -14"><span class='ocrx_word' id='word_1_16' title='bbox 295 423 504 458; x_wconf 74' lang='lat' dir='ltr'>iuramentum</span> <span class='ocrx_word' id='word_1_17' title='bbox 535 424 715 459; x_wconf 82' lang='lat' dir='ltr'>huiusmodi</span> <span class='ocrx_word' id='word_1_18' title='bbox 751 433 906 470; x_wconf 86' lang='lat' dir='ltr'>praestare</span> <span class='ocrx_word' id='word_1_19' title='bbox 931 423 1041 458; x_wconf 82' lang='lat' dir='ltr'>noluc-</span> 
     </span>
     <span class='ocr_line' id='line_1_5' title="bbox 295 472 1041 515; baseline 0.001 -10"><span class='ocrx_word' id='word_1_20' title='bbox 295 472 371 515; x_wconf 89' lang='lat' dir='ltr'>rint,</span> <span class='ocrx_word' id='word_1_21' title='bbox 404 485 462 507; x_wconf 80' lang='lat' dir='ltr'>nec</span> <span class='ocrx_word' id='word_1_22' title='bbox 492 472 531 507; x_wconf 91' lang='lat' dir='ltr'>ad</span> <span class='ocrx_word' id='word_1_23' title='bbox 553 473 802 508; x_wconf 80' lang='lat' dir='ltr'>examinationes</span> <span class='ocrx_word' id='word_1_24' title='bbox 835 473 1041 512; x_wconf 82' lang='lat' dir='ltr'>eorumdem,</span> 
     </span>
     <span class='ocr_line' id='line_1_6' title="bbox 297 521 1043 569; baseline 0 -15"><span class='ocrx_word' id='word_1_25' title='bbox 297 533 353 555; x_wconf 81' lang='lat' dir='ltr'>nec</span> <span class='ocrx_word' id='word_1_26' title='bbox 375 522 467 556; x_wconf 88' lang='lat' dir='ltr'>etiam</span> <span class='ocrx_word' id='word_1_27' title='bbox 491 522 528 555; x_wconf 88' lang='lat' dir='ltr'>ad</span> <span class='ocrx_word' id='word_1_28' title='bbox 557 523 661 569; x_wconf 87' lang='lat' dir='ltr'>aliqua</span> <span class='ocrx_word' id='word_1_29' title='bbox 691 522 792 568; x_wconf 83' lang='lat' dir='ltr'>ipsius</span> <span class='ocrx_word' id='word_1_30' title='bbox 823 521 926 557; x_wconf 90' lang='lat' dir='ltr'>Studii</span> <span class='ocrx_word' id='word_1_31' title='bbox 955 533 1043 555; x_wconf 82' lang='lat' dir='ltr'>com-</span> 
     </span>
     <span class='ocr_line' id='line_1_7' title="bbox 297 570 1041 606; baseline 0 -3"><span class='ocrx_word' id='word_1_32' title='bbox 297 570 385 604; x_wconf 86' lang='lat' dir='ltr'>moda</span> <span class='ocrx_word' id='word_1_33' title='bbox 411 570 455 604; x_wconf 89' lang='lat' dir='ltr'>vel</span> <span class='ocrx_word' id='word_1_34' title='bbox 476 570 625 606; x_wconf 72' lang='lat' dir='ltr'>beneficia</span> <span class='ocrx_word' id='word_1_35' title='bbox 652 570 805 605; x_wconf 83' lang='lat' dir='ltr'>ullatenus</span> <span class='ocrx_word' id='word_1_36' title='bbox 828 571 1041 604; x_wconf 72' lang='lat' dir='ltr'>admittantur.</span> 
     </span>
    </p>

    <p class='ocr_par' dir='ltr' id='par_1_3' title="bbox 296 619 1044 813">
     <span class='ocr_line' id='line_1_8' title="bbox 344 619 1042 665; baseline 0 -12"><span class='ocrx_word' id='word_1_37' title='bbox 344 623 359 661; x_wconf 65' lang='grc' dir='ltr'><strong>ἓ</strong></span> <span class='ocrx_word' id='word_1_38' title='bbox 389 622 443 653; x_wconf 81' lang='lat' dir='ltr'>tt.</span> <span class='ocrx_word' id='word_1_39' title='bbox 484 619 566 654; x_wconf 92' lang='lat' dir='ltr'>Nulli</span> <span class='ocrx_word' id='word_1_40' title='bbox 601 631 675 665; x_wconf 81' lang='lat' dir='ltr'>ergo</span> <span class='ocrx_word' id='word_1_41' title='bbox 708 620 838 654; x_wconf 91' lang='lat' dir='ltr'>omnino</span> <span class='ocrx_word' id='word_1_42' title='bbox 878 620 1042 654; x_wconf 84' lang='lat' dir='ltr'>homiuum</span> 
     </span>
     <span class='ocr_line' id='line_1_9' title="bbox 297 668 1044 714; baseline 0.001 -13"><span class='ocrx_word' id='word_1_43' title='bbox 297 668 387 702; x_wconf 80' lang='lat' dir='ltr'>liccat</span> <span class='ocrx_word' id='word_1_44' title='bbox 410 668 490 703; x_wconf 87' lang='lat' dir='ltr'>hanc</span> <span class='ocrx_word' id='word_1_45' title='bbox 520 669 663 714; x_wconf 80' lang='lat' dir='ltr'>paginam</span> <span class='ocrx_word' id='word_1_46' title='bbox 689 677 865 703; x_wconf 84' lang='lat' dir='ltr'>nostrarum</span> <span class='ocrx_word' id='word_1_47' title='bbox 889 669 1044 702; x_wconf 87' lang='lat' dir='ltr'>constitu—</span> 
     </span>
     <span class='ocr_line' id='line_1_10' title="bbox 297 717 1044 765; baseline 0.001 -14"><span class='ocrx_word' id='word_1_48' title='bbox 297 717 401 756; x_wconf 73' lang='lat' dir='ltr'>tionis,</span> <span class='ocrx_word' id='word_1_49' title='bbox 429 717 663 764; x_wconf 75' lang='lat' dir='ltr'>prohibitionis,</span> <span class='ocrx_word' id='word_1_50' title='bbox 693 717 919 762; x_wconf 78' lang='lat' dir='ltr'>concessionis,</span> <span class='ocrx_word' id='word_1_51' title='bbox 947 730 1044 765; x_wconf 93' lang='lat' dir='ltr'>prac-</span> 
     </span>
     <span class='ocr_line' id='line_1_11' title="bbox 296 766 900 813; baseline 0 -13"><span class='ocrx_word' id='word_1_52' title='bbox 296 766 378 813; x_wconf 78' lang='lat' dir='ltr'>cepti</span> <span class='ocrx_word' id='word_1_53' title='bbox 401 774 430 800; x_wconf 85' lang='lat' dir='ltr'>et</span> <span class='ocrx_word' id='word_1_54' title='bbox 455 766 624 801; x_wconf 87' lang='lat' dir='ltr'>voluntatis</span> <span class='ocrx_word' id='word_1_55' title='bbox 652 766 822 813; x_wconf 75' lang='lat' dir='ltr'>infringere</span> <span class='ocrx_word' id='word_1_56' title='bbox 848 776 900 801; x_wconf 79' lang='lat' dir='ltr'>etc.</span> 
     </span>
    </p>

    <p class='ocr_par' dir='ltr' id='par_1_4' title="bbox 298 815 1046 910">
     <span class='ocr_line' id='line_1_12' title="bbox 346 815 1046 859; baseline -0.001 -10"><span class='ocrx_word' id='word_1_57' title='bbox 346 815 461 849; x_wconf 91' lang='lat' dir='ltr'>Datum</span> <span class='ocrx_word' id='word_1_58' title='bbox 486 815 661 859; x_wconf 85' lang='lat' dir='ltr'>Avenioni,</span> <span class='ocrx_word' id='word_1_59' title='bbox 683 816 874 851; x_wconf 86' lang='lat' dir='ltr'>duodecimo</span> <span class='ocrx_word' id='word_1_60' title='bbox 898 815 1046 851; x_wconf 79' lang='lat' dir='ltr'>kalendas</span> 
     </span>
     <span class='ocr_line' id='line_1_13' title="bbox 298 864 912 910; baseline 0.002 -13"><span class='ocrx_word' id='word_1_61' title='bbox 298 864 411 906; x_wconf 90' lang='lat' dir='ltr'>martii,</span> <span class='ocrx_word' id='word_1_62' title='bbox 440 864 638 910; x_wconf 71' lang='lat' dir='ltr'>pontificatus</span> <span class='ocrx_word' id='word_1_63' title='bbox 662 865 758 899; x_wconf 80' lang='lat' dir='ltr'>nostri</span> <span class='ocrx_word' id='word_1_64' title='bbox 782 877 865 899; x_wconf 89' lang='lat' dir='ltr'>anno</span> <span class='ocrx_word' id='word_1_65' title='bbox 886 878 912 898; x_wconf 92' lang='lat' dir='ltr'>v.</span> 
     </span>
    </p>
   </div>
   <div class='ocr_carea' id='block_1_3' title="bbox 330 924 1017 965">
    <p class='ocr_par' dir='ltr' id='par_1_5' title="bbox 330 924 1017 965">
     <span class='ocr_line' id='line_1_14' title="bbox 330 924 1017 965; baseline 0.001 -11"><span class='ocrx_word' id='word_1_66' title='bbox 330 924 390 955; x_wconf 88' lang='lat' dir='ltr'>Dat.</span> <span class='ocrx_word' id='word_1_67' title='bbox 406 925 453 955; x_wconf 91' lang='lat' dir='ltr'>die</span> <span class='ocrx_word' id='word_1_68' title='bbox 470 925 505 955; x_wconf 75' lang='grc'>18</span> <span class='ocrx_word' id='word_1_69' title='bbox 522 925 663 955; x_wconf 82' lang='lat' dir='ltr'>februarii</span> <span class='ocrx_word' id='word_1_70' title='bbox 684 926 766 961; x_wconf 69' lang='lat'>1321,</span> <span class='ocrx_word' id='word_1_71' title='bbox 783 926 885 965; x_wconf 77' lang='lat' dir='ltr'>pontif.</span> <span class='ocrx_word' id='word_1_72' title='bbox 902 935 978 955; x_wconf 86' lang='lat' dir='ltr'>anno</span> <span class='ocrx_word' id='word_1_73' title='bbox 992 935 1017 956; x_wconf 84' lang='lat' dir='ltr'>v.</span> 
     </span>
    </p>
   </div>
   <div class='ocr_carea' id='block_1_4' title="bbox 129 674 245 694">
    <p class='ocr_par' dir='ltr' id='par_1_6' title="bbox 129 674 245 694">
     <span class='ocr_line' id='line_1_15' title="bbox 129 674 245 694; baseline -0.017 0"><span class='ocrx_word' id='word_1_74' title='bbox 129 674 245 694; x_wconf 56' lang='lat' dir='ltr'>clausum.</span> 
     </span>
    </p>
   </div>
   <div class='ocr_carea' id='block_1_5' title="bbox 590 998 742 1003">
    <p class='ocr_par' dir='ltr' id='par_1_7' title="bbox 590 998 742 1003">
     <span class='ocr_line' id='line_1_16' title="bbox 590 998 742 1003; baseline 0 0"><span class='ocrx_word' id='word_1_75' title='bbox 590 998 742 1003; x_wconf 95' lang='lat' dir='ltr'> </span> 
     </span>
    </p>
   </div>
   <div class='ocr_carea' id='block_1_6' title="bbox 616 1092 732 1127">
    <p class='ocr_par' dir='ltr' id='par_1_8' title="bbox 616 1092 732 1127">
     <span class='ocr_line' id='line_1_17' title="bbox 616 1092 732 1127; baseline 0 -1"><span class='ocrx_word' id='word_1_76' title='bbox 616 1092 732 1127; x_wconf 80' lang='lat' dir='ltr'>xxtx.</span> 
     </span>
    </p>
   </div>
   <div class='ocr_carea' id='block_1_7' title="bbox 303 1169 1053 1459">
    <p class='ocr_par' dir='ltr' id='par_1_9' title="bbox 303 1169 1053 1459">
     <span class='ocr_line' id='line_1_18' title="bbox 303 1169 1050 1212; baseline 0 -10"><span class='ocrx_word' id='word_1_77' title='bbox 303 1169 462 1203; x_wconf 71' lang='lat' dir='ltr'>Revoeauo</span> <span class='ocrx_word' id='word_1_78' title='bbox 488 1170 724 1207; x_wconf 73' lang='lat' dir='ltr'>concessionum,</span> <span class='ocrx_word' id='word_1_79' title='bbox 753 1170 978 1212; x_wconf 75' lang='lat' dir='ltr'>donationum,</span> <span class='ocrx_word' id='word_1_80' title='bbox 1005 1170 1050 1202; x_wconf 86' lang='lat' dir='ltr'>lo-</span> 
     </span>
     <span class='ocr_line' id='line_1_19' title="bbox 349 1219 1052 1262; baseline 0.001 -12"><span class='ocrx_word' id='word_1_81' title='bbox 349 1219 524 1255; x_wconf 74' lang='lat' dir='ltr'>cationum,</span> <span class='ocrx_word' id='word_1_82' title='bbox 574 1219 815 1254; x_wconf 77' lang='lat' dir='ltr'>alienationum.</span> <span class='ocrx_word' id='word_1_83' title='bbox 859 1219 1052 1262; x_wconf 79' lang='lat' dir='ltr'>aliorumque</span> 
     </span>
     <span class='ocr_line' id='line_1_20' title="bbox 350 1267 1049 1310; baseline 0 -11"><span class='ocrx_word' id='word_1_84' title='bbox 350 1268 486 1300; x_wconf 77' lang='lat' dir='ltr'>omnium</span> <span class='ocrx_word' id='word_1_85' title='bbox 501 1278 557 1310; x_wconf 80' lang='lat' dir='ltr'>per</span> <span class='ocrx_word' id='word_1_86' title='bbox 584 1274 711 1300; x_wconf 82' lang='lat' dir='ltr'>rectores</span> <span class='ocrx_word' id='word_1_87' title='bbox 737 1274 764 1299; x_wconf 77' lang='lat' dir='ltr'>et</span> <span class='ocrx_word' id='word_1_88' title='bbox 785 1268 932 1310; x_wconf 74' lang='lat' dir='ltr'>officiales</span> <span class='ocrx_word' id='word_1_89' title='bbox 955 1267 990 1300; x_wconf 82' lang='lat' dir='ltr'>S.</span> <span class='ocrx_word' id='word_1_90' title='bbox 1013 1267 1049 1299; x_wconf 79' lang='lat' dir='ltr'>R.</span> 
     </span>
     <span class='ocr_line' id='line_1_21' title="bbox 350 1315 1050 1359; baseline 0 -11"><span class='ocrx_word' id='word_1_91' title='bbox 350 1316 390 1348; x_wconf 89' lang='lat' dir='ltr'>E.</span> <span class='ocrx_word' id='word_1_92' title='bbox 423 1317 455 1349; x_wconf 78' lang='lat' dir='ltr'>in</span> <span class='ocrx_word' id='word_1_93' title='bbox 475 1316 664 1359; x_wconf 75' lang='lat' dir='ltr'>patrimonio</span> <span class='ocrx_word' id='word_1_94' title='bbox 694 1316 782 1349; x_wconf 79' lang='lat' dir='ltr'>Beati</span> <span class='ocrx_word' id='word_1_95' title='bbox 817 1317 902 1349; x_wconf 76' lang='lat' dir='ltr'>Petri</span> <span class='ocrx_word' id='word_1_96' title='bbox 928 1316 960 1348; x_wconf 74' lang='lat' dir='ltr'>in</span> <span class='ocrx_word' id='word_1_97' title='bbox 987 1315 1050 1348; x_wconf 80' lang='lat' dir='ltr'>Tu-</span> 
     </span>
     <span class='ocr_line' id='line_1_22' title="bbox 349 1365 1053 1402; baseline 0.001 -6"><span class='ocrx_word' id='word_1_98' title='bbox 349 1366 423 1402; x_wconf 83' lang='lat' dir='ltr'>scia,</span> <span class='ocrx_word' id='word_1_99' title='bbox 445 1366 591 1398; x_wconf 78' lang='lat' dir='ltr'>comitatu</span> <span class='ocrx_word' id='word_1_100' title='bbox 611 1365 747 1398; x_wconf 71' lang='lat' dir='ltr'>Sabinae</span> <span class='ocrx_word' id='word_1_101' title='bbox 769 1371 794 1397; x_wconf 84' lang='lat' dir='ltr'>et</span> <span class='ocrx_word' id='word_1_102' title='bbox 816 1365 904 1397; x_wconf 78' lang='lat' dir='ltr'>terris</span> <span class='ocrx_word' id='word_1_103' title='bbox 931 1365 1053 1397; x_wconf 76' lang='lat' dir='ltr'>Aruul-</span> 
     </span>
     <span class='ocr_line' id='line_1_23' title="bbox 346 1414 1051 1459; baseline 0 -13"><span class='ocrx_word' id='word_1_104' title='bbox 346 1414 492 1458; x_wconf 78' lang='lat' dir='ltr'>phorum,</span> <span class='ocrx_word' id='word_1_105' title='bbox 508 1415 664 1458; x_wconf 78' lang='lat' dir='ltr'>quibusvis</span> <span class='ocrx_word' id='word_1_106' title='bbox 673 1415 812 1459; x_wconf 81' lang='lat' dir='ltr'>personis</span> <span class='ocrx_word' id='word_1_107' title='bbox 825 1415 982 1458; x_wconf 80' lang='lat' dir='ltr'>factarum</span> <span class='ocrx_word' id='word_1_108' title='bbox 996 1415 1051 1456; x_wconf 83' lang='lat' dir='ltr'>(l).</span> 
     </span>
    </p>
   </div>
   <div class='ocr_carea' id='block_1_8' title="bbox 571 1491 785 1521">
    <p class='ocr_par' dir='ltr' id='par_1_10' title="bbox 571 1491 785 1521">
     <span class='ocr_line' id='line_1_24' title="bbox 571 1491 785 1521; baseline -0.005 0"><span class='ocrx_word' id='word_1_109' title='bbox 571 1491 785 1521; x_wconf 74' lang='lat' dir='ltr'>SUMMAtuUM</span> 
     </span>
    </p>
   </div>
   <div class='ocr_carea' id='block_1_9' title="bbox 302 1556 1057 1720">
    <p class='ocr_par' dir='ltr' id='par_1_11' title="bbox 302 1556 1057 1720">
     <span class='ocr_line' id='line_1_25' title="bbox 302 1556 1056 1594; baseline 0 -8"><span class='ocrx_word' id='word_1_110' title='bbox 302 1556 469 1586; x_wconf 84' lang='lat' dir='ltr'>Exordium.</span> <span class='ocrx_word' id='word_1_111' title='bbox 487 1574 526 1579; x_wconf 84' lang='lat'>—-</span> <span class='ocrx_word' id='word_1_112' title='bbox 549 1558 575 1586; x_wconf 84' lang='lat'>1.</span> <span class='ocrx_word' id='word_1_113' title='bbox 593 1556 819 1591; x_wconf 70' lang='lat' dir='ltr'>concessiones,</span> <span class='ocrx_word' id='word_1_114' title='bbox 843 1557 1056 1594; x_wconf 73' lang='lat' dir='ltr'>alienationes,</span> 
     </span>
     <span class='ocr_line' id='line_1_26' title="bbox 341 1601 1057 1630; baseline 0 0"><span class='ocrx_word' id='word_1_115' title='bbox 341 1605 391 1629; x_wconf 79' lang='lat' dir='ltr'>etc.</span> <span class='ocrx_word' id='word_1_116' title='bbox 415 1601 573 1630; x_wconf 90' lang='lat' dir='ltr'>nonnullas</span> <span class='ocrx_word' id='word_1_117' title='bbox 593 1611 606 1630; x_wconf 89' lang='lat' dir='ltr'>a</span> <span class='ocrx_word' id='word_1_118' title='bbox 631 1601 797 1630; x_wconf 89' lang='lat' dir='ltr'>rectoribus</span> <span class='ocrx_word' id='word_1_119' title='bbox 827 1601 916 1630; x_wconf 78' lang='lat' dir='ltr'>tactas</span> <span class='ocrx_word' id='word_1_120' title='bbox 944 1602 996 1630; x_wconf 84' lang='lat' dir='ltr'>ait:</span> <span class='ocrx_word' id='word_1_121' title='bbox 1018 1618 1057 1623; x_wconf 91' lang='lat'>—</span> 
     </span>
     <span class='ocr_line' id='line_1_27' title="bbox 343 1645 1057 1685; baseline 0 -11"><span class='ocrx_word' id='word_1_122' title='bbox 343 1646 370 1675; x_wconf 71' lang='lat'>2.</span> <span class='ocrx_word' id='word_1_123' title='bbox 394 1645 448 1674; x_wconf 85' lang='lat' dir='ltr'>Eas</span> <span class='ocrx_word' id='word_1_124' title='bbox 475 1655 577 1675; x_wconf 88' lang='lat' dir='ltr'>omnes</span> <span class='ocrx_word' id='word_1_125' title='bbox 598 1646 702 1681; x_wconf 89' lang='lat' dir='ltr'>irritat,</span> <span class='ocrx_word' id='word_1_126' title='bbox 725 1646 883 1685; x_wconf 85' lang='lat' dir='ltr'>nullasque</span> <span class='ocrx_word' id='word_1_127' title='bbox 907 1645 998 1675; x_wconf 86' lang='lat' dir='ltr'>fuisse</span> <span class='ocrx_word' id='word_1_128' title='bbox 1030 1651 1057 1674; x_wconf 90' lang='lat' dir='ltr'>et</span> 
     </span>
     <span class='ocr_line' id='line_1_28' title="bbox 343 1689 818 1720; baseline 0 -1"><span class='ocrx_word' id='word_1_129' title='bbox 343 1699 409 1719; x_wconf 88' lang='lat' dir='ltr'>esse</span> <span class='ocrx_word' id='word_1_130' title='bbox 432 1690 572 1720; x_wconf 79' lang='lat' dir='ltr'>declarat.</span> <span class='ocrx_word' id='word_1_131' title='bbox 594 1707 632 1712; x_wconf 92' lang='lat'>—-</span> <span class='ocrx_word' id='word_1_132' title='bbox 650 1689 818 1720; x_wconf 85' lang='lat' dir='ltr'>Clausulae.</span> 
     </span>
    </p>
   </div>
   <div class='ocr_carea' id='block_1_10' title="bbox 366 1765 994 1852">
    <p class='ocr_par' dir='ltr' id='par_1_12' title="bbox 366 1765 994 1852">
     <span class='ocr_line' id='line_1_29' title="bbox 366 1765 994 1803; baseline 0 -9"><span class='ocrx_word' id='word_1_133' title='bbox 366 1765 478 1795; x_wconf 72' lang='lat' dir='ltr'>loannes</span> <span class='ocrx_word' id='word_1_134' title='bbox 496 1766 637 1803; x_wconf 72' lang='lat' dir='ltr'>episcopus</span> <span class='ocrx_word' id='word_1_135' title='bbox 657 1771 754 1794; x_wconf 73' lang='lat' dir='ltr'>servus</span> <span class='ocrx_word' id='word_1_136' title='bbox 781 1772 920 1794; x_wconf 77' lang='lat' dir='ltr'>servorum</span> <span class='ocrx_word' id='word_1_137' title='bbox 939 1765 994 1798; x_wconf 78' lang='lat' dir='ltr'>noi,</span> 
     </span>
     <span class='ocr_line' id='line_1_30' title="bbox 438 1815 923 1852; baseline -0.002 -8"><span class='ocrx_word' id='word_1_138' title='bbox 438 1816 472 1844; x_wconf 79' lang='lat' dir='ltr'>ad</span> <span class='ocrx_word' id='word_1_139' title='bbox 505 1816 665 1852; x_wconf 74' lang='lat' dir='ltr'>perpetuam</span> <span class='ocrx_word' id='word_1_140' title='bbox 688 1815 730 1843; x_wconf 83' lang='lat' dir='ltr'>rei</span> <span class='ocrx_word' id='word_1_141' title='bbox 756 1815 923 1843; x_wconf 77' lang='lat' dir='ltr'>memoriam.</span> 
     </span>
    </p>
   </div>
   <div class='ocr_carea' id='block_1_11' title="bbox 112 1885 1065 2564">
    <p class='ocr_par' dir='ltr' id='par_1_13' title="bbox 306 1885 1061 2177">
     <span class='ocr_line' id='line_1_31' title="bbox 356 1885 1060 1931; baseline -0.003 -11"><span class='ocrx_word' id='word_1_142' title='bbox 356 1886 439 1920; x_wconf 88' lang='lat' dir='ltr'>luter</span> <span class='ocrx_word' id='word_1_143' title='bbox 466 1894 600 1929; x_wconf 88' lang='lat' dir='ltr'>caetera,</span> <span class='ocrx_word' id='word_1_144' title='bbox 625 1897 759 1931; x_wconf 87' lang='lat' dir='ltr'>quorum</span> <span class='ocrx_word' id='word_1_145' title='bbox 790 1897 846 1919; x_wconf 92' lang='lat' dir='ltr'>nos</span> <span class='ocrx_word' id='word_1_146' title='bbox 868 1897 942 1919; x_wconf 89' lang='lat' dir='ltr'>cura</span> <span class='ocrx_word' id='word_1_147' title='bbox 972 1885 1060 1919; x_wconf 88' lang='lat' dir='ltr'>solli-</span> 
     </span>
     <span class='ocr_line' id='line_1_32' title="bbox 306 1934 1058 1982; baseline -0.001 -13"><span class='ocrx_word' id='word_1_148' title='bbox 306 1936 396 1974; x_wconf 84' lang='lat' dir='ltr'>citat,</span> <span class='ocrx_word' id='word_1_149' title='bbox 435 1936 483 1969; x_wconf 87' lang='lat' dir='ltr'>illa</span> <span class='ocrx_word' id='word_1_150' title='bbox 514 1935 682 1982; x_wconf 80' lang='lat' dir='ltr'>praecipue</span> <span class='ocrx_word' id='word_1_151' title='bbox 721 1934 885 1968; x_wconf 86' lang='lat' dir='ltr'>meditatio</span> <span class='ocrx_word' id='word_1_152' title='bbox 921 1944 1058 1969; x_wconf 78' lang='lat' dir='ltr'>mentem</span> 
     </span>
     <span class='ocr_line' id='line_1_33' title="bbox 309 1982 1061 2031; baseline -0.003 -13"><span class='ocrx_word' id='word_1_153' title='bbox 309 1991 446 2018; x_wconf 88' lang='lat' dir='ltr'>nostram</span> <span class='ocrx_word' id='word_1_154' title='bbox 470 1992 623 2031; x_wconf 83' lang='lat' dir='ltr'>occupat,</span> <span class='ocrx_word' id='word_1_155' title='bbox 651 1983 767 2029; x_wconf 86' lang='lat' dir='ltr'>illaque</span> <span class='ocrx_word' id='word_1_156' title='bbox 795 1995 852 2016; x_wconf 93' lang='lat' dir='ltr'>nos</span> <span class='ocrx_word' id='word_1_157' title='bbox 880 1982 1061 2018; x_wconf 86' lang='lat' dir='ltr'>sollicitudo</span> 
     </span>
     <span class='ocr_line' id='line_1_34' title="bbox 308 2032 1059 2078; baseline -0.001 -12"><span class='ocrx_word' id='word_1_158' title='bbox 308 2033 430 2078; x_wconf 76' lang='lat' dir='ltr'>fatigat,</span> <span class='ocrx_word' id='word_1_159' title='bbox 455 2041 486 2067; x_wconf 87' lang='lat' dir='ltr'>ut</span> <span class='ocrx_word' id='word_1_160' title='bbox 514 2032 673 2066; x_wconf 82' lang='lat' dir='ltr'>Ecclesiae</span> <span class='ocrx_word' id='word_1_161' title='bbox 700 2032 862 2066; x_wconf 85' lang='lat' dir='ltr'>Romanae</span> <span class='ocrx_word' id='word_1_162' title='bbox 898 2032 962 2066; x_wconf 90' lang='lat' dir='ltr'>iura</span> <span class='ocrx_word' id='word_1_163' title='bbox 997 2044 1059 2065; x_wconf 91' lang='lat' dir='ltr'>non</span> 
     </span>
     <span class='ocr_line' id='line_1_35' title="bbox 310 2080 1061 2128; baseline -0.003 -12"><span class='ocrx_word' id='word_1_164' title='bbox 310 2090 454 2128; x_wconf 63' lang='lat' dir='ltr'>perc-anu</span> <span class='ocrx_word' id='word_1_165' title='bbox 482 2090 511 2116; x_wconf 91' lang='lat' dir='ltr'>et</span> <span class='ocrx_word' id='word_1_166' title='bbox 546 2081 572 2115; x_wconf 91' lang='lat' dir='ltr'>si</span> <span class='ocrx_word' id='word_1_167' title='bbox 601 2093 661 2127; x_wconf 85' lang='lat' dir='ltr'>qua</span> <span class='ocrx_word' id='word_1_168' title='bbox 687 2081 750 2115; x_wconf 86' lang='lat' dir='ltr'>sint</span> <span class='ocrx_word' id='word_1_169' title='bbox 777 2080 856 2115; x_wconf 88' lang='lat' dir='ltr'>forte</span> <span class='ocrx_word' id='word_1_170' title='bbox 882 2081 1061 2127; x_wconf 83' lang='lat' dir='ltr'>deperdita,</span> 
     </span>
     <span class='ocr_line' id='line_1_36' title="bbox 310 2131 923 2177; baseline -0.002 -13"><span class='ocrx_word' id='word_1_171' title='bbox 310 2132 340 2164; x_wconf 93' lang='lat' dir='ltr'>in</span> <span class='ocrx_word' id='word_1_172' title='bbox 363 2139 480 2165; x_wconf 81' lang='lat' dir='ltr'>statum</span> <span class='ocrx_word' id='word_1_173' title='bbox 504 2131 672 2177; x_wconf 87' lang='lat' dir='ltr'>pristinum</span> <span class='ocrx_word' id='word_1_174' title='bbox 697 2137 923 2164; x_wconf 84' lang='lat' dir='ltr'>restaurentur.</span> 
     </span>
    </p>

    <p class='ocr_par' dir='ltr' id='par_1_14' title="bbox 112 2178 1064 2375">
     <span class='ocr_line' id='line_1_37' title="bbox 360 2178 1061 2226; baseline -0.001 -13"><span class='ocrx_word' id='word_1_175' title='bbox 360 2180 380 2226; x_wconf 66' lang='lat' dir='ltr'>S</span> <span class='ocrx_word' id='word_1_176' title='bbox 415 2184 446 2213; x_wconf 77' lang='grc'>1.</span> <span class='ocrx_word' id='word_1_177' title='bbox 483 2179 671 2213; x_wconf 82' lang='lat' dir='ltr'>Audivimus</span> <span class='ocrx_word' id='word_1_178' title='bbox 710 2178 867 2225; x_wconf 79' lang='lat' dir='ltr'>siquidem</span> <span class='ocrx_word' id='word_1_179' title='bbox 910 2179 1061 2212; x_wconf 82' lang='lat' dir='ltr'>relatione</span> 
     </span>
     <span class='ocr_line' id='line_1_38' title="bbox 124 2227 1060 2275; baseline -0.003 -12"><span class='ocrx_word' id='word_1_180' title='bbox 124 2232 294 2268; x_wconf 60' lang='lat' dir='ltr'>G⁰,¹¹0⁶⁵‚·³⁰¹“⁵›</span> <span class='ocrx_word' id='word_1_181' title='bbox 312 2228 409 2271; x_wconf 78' lang='lat' dir='ltr'>fideli,</span> <span class='ocrx_word' id='word_1_182' title='bbox 427 2228 510 2275; x_wconf 90' lang='lat' dir='ltr'>quod</span> <span class='ocrx_word' id='word_1_183' title='bbox 524 2228 652 2274; x_wconf 88' lang='lat' dir='ltr'>quidam</span> <span class='ocrx_word' id='word_1_184' title='bbox 671 2228 849 2274; x_wconf 83' lang='lat' dir='ltr'>patrimonii</span> <span class='ocrx_word' id='word_1_185' title='bbox 873 2228 960 2261; x_wconf 85' lang='lat' dir='ltr'>Beati</span> <span class='ocrx_word' id='word_1_186' title='bbox 978 2227 1060 2261; x_wconf 76' lang='lat' dir='ltr'>Petri</span> 
     </span>
     <span class='ocr_line' id='line_1_39' title="bbox 113 2263 1063 2317; baseline -0.005 -2"><span class='ocrx_word' id='word_1_187' title='bbox 113 2263 298 2314; x_wconf 62' lang='lat' dir='ltr'>.{¹i¹.²¹¹2¹3322i1;.</span> <span class='ocrx_word' id='word_1_188' title='bbox 314 2278 344 2312; x_wconf 93' lang='lat' dir='ltr'>in</span> <span class='ocrx_word' id='word_1_189' title='bbox 372 2277 502 2317; x_wconf 85' lang='lat' dir='ltr'>Tuscia,</span> <span class='ocrx_word' id='word_1_190' title='bbox 529 2278 677 2312; x_wconf 88' lang='lat' dir='ltr'>comitatu</span> <span class='ocrx_word' id='word_1_191' title='bbox 701 2277 854 2317; x_wconf 76' lang='lat' dir='ltr'>Sabinae,</span> <span class='ocrx_word' id='word_1_192' title='bbox 883 2285 983 2310; x_wconf 84' lang='lat' dir='ltr'>terrae</span> <span class='ocrx_word' id='word_1_193' title='bbox 1002 2277 1063 2310; x_wconf 85' lang='lat' dir='ltr'>Ar-</span> 
     </span>
     <span class='ocr_line' id='line_1_40' title="bbox 112 2323 1064 2375; baseline -0.002 -14"><span class='ocrx_word' id='word_1_194' title='bbox 112 2323 300 2375; x_wconf 41' lang='lat' dir='ltr'>}‘gsssss&#39;P&#39;u&#39;fF</span> <span class='ocrx_word' id='word_1_195' title='bbox 314 2326 505 2373; x_wconf 85' lang='lat' dir='ltr'>nulphorum</span> <span class='ocrx_word' id='word_1_196' title='bbox 535 2335 565 2361; x_wconf 87' lang='lat' dir='ltr'>et</span> <span class='ocrx_word' id='word_1_197' title='bbox 591 2326 798 2372; x_wconf 90' lang='lat' dir='ltr'>quarumdam</span> <span class='ocrx_word' id='word_1_198' title='bbox 834 2326 963 2360; x_wconf 89' lang='lat' dir='ltr'>aliarum</span> <span class='ocrx_word' id='word_1_199' title='bbox 1001 2333 1064 2359; x_wconf 85' lang='lat' dir='ltr'>ter-</span> 
     </span>
    </p>

    <p class='ocr_par' dir='ltr' id='par_1_15' title="bbox 313 2374 1065 2564">
     <span class='ocr_line' id='line_1_41' title="bbox 315 2374 1062 2419; baseline -0.001 -9"><span class='ocrx_word' id='word_1_200' title='bbox 315 2388 442 2419; x_wconf 81' lang='lat' dir='ltr'>rarum,</span> <span class='ocrx_word' id='word_1_201' title='bbox 469 2376 505 2409; x_wconf 88' lang='lat' dir='ltr'>ad</span> <span class='ocrx_word' id='word_1_202' title='bbox 541 2387 598 2409; x_wconf 88' lang='lat' dir='ltr'>nos</span> <span class='ocrx_word' id='word_1_203' title='bbox 619 2383 650 2409; x_wconf 87' lang='lat' dir='ltr'>et</span> <span class='ocrx_word' id='word_1_204' title='bbox 685 2375 858 2409; x_wconf 80' lang='lat' dir='ltr'>Ecclesiam</span> <span class='ocrx_word' id='word_1_205' title='bbox 887 2374 1062 2409; x_wconf 86' lang='lat' dir='ltr'>Romanam</span> 
     </span>
     <span class='ocr_line' id='line_1_42' title="bbox 313 2423 1063 2471; baseline 0 -13"><span class='ocrx_word' id='word_1_206' title='bbox 313 2425 547 2471; x_wconf 78' lang='lat' dir='ltr'>spectantium,</span> <span class='ocrx_word' id='word_1_207' title='bbox 583 2432 719 2458; x_wconf 86' lang='lat' dir='ltr'>rectores</span> <span class='ocrx_word' id='word_1_208' title='bbox 752 2432 782 2458; x_wconf 90' lang='lat' dir='ltr'>et</span> <span class='ocrx_word' id='word_1_209' title='bbox 815 2423 983 2466; x_wconf 82' lang='lat' dir='ltr'>officiales,</span> <span class='ocrx_word' id='word_1_210' title='bbox 1011 2424 1063 2470; x_wconf 86' lang='lat' dir='ltr'>qui</span> 
     </span>
     <span class='ocr_line' id='line_1_43' title="bbox 314 2473 1065 2520; baseline -0.001 -12"><span class='ocrx_word' id='word_1_211' title='bbox 314 2474 440 2508; x_wconf 86' lang='lat' dir='ltr'>suerunt</span> <span class='ocrx_word' id='word_1_212' title='bbox 476 2473 674 2520; x_wconf 87' lang='lat' dir='ltr'>temporibus</span> <span class='ocrx_word' id='word_1_213' title='bbox 713 2473 891 2512; x_wconf 79' lang='lat' dir='ltr'>retroactis,</span> <span class='ocrx_word' id='word_1_214' title='bbox 925 2473 1065 2507; x_wconf 79' lang='lat' dir='ltr'>diversas</span> 
     </span>
     <span class='ocr_line' id='line_1_44' title="bbox 315 2521 1064 2564; baseline -0.001 -8"><span class='ocrx_word' id='word_1_215' title='bbox 315 2523 504 2564; x_wconf 79' lang='lat' dir='ltr'>locationes,</span> <span class='ocrx_word' id='word_1_216' title='bbox 550 2522 773 2560; x_wconf 81' lang='lat' dir='ltr'>alienationes,</span> <span class='ocrx_word' id='word_1_217' title='bbox 810 2521 998 2556; x_wconf 85' lang='lat' dir='ltr'>donationes</span> <span class='ocrx_word' id='word_1_218' title='bbox 1035 2530 1064 2556; x_wconf 83' lang='lat' dir='ltr'>et</span> 
     </span>
    </p>
   </div>
   <div class='ocr_carea' id='block_1_12' title="bbox 314 2570 1065 2614">
    <p class='ocr_par' dir='ltr' id='par_1_16' title="bbox 314 2570 1065 2614">
     <span class='ocr_line' id='line_1_45' title="bbox 314 2570 1065 2614; baseline -0.003 -8"><span class='ocrx_word' id='word_1_219' title='bbox 314 2572 540 2606; x_wconf 86' lang='lat' dir='ltr'>concessiones</span> <span class='ocrx_word' id='word_1_220' title='bbox 564 2571 604 2606; x_wconf 89' lang='lat' dir='ltr'>de</span> <span class='ocrx_word' id='word_1_221' title='bbox 631 2571 735 2614; x_wconf 80' lang='lat' dir='ltr'>terris,</span> <span class='ocrx_word' id='word_1_222' title='bbox 757 2570 881 2609; x_wconf 77' lang='lat' dir='ltr'>castris,</span> <span class='ocrx_word' id='word_1_223' title='bbox 910 2570 1000 2604; x_wconf 89' lang='lat' dir='ltr'>bonis</span> <span class='ocrx_word' id='word_1_224' title='bbox 1037 2579 1065 2604; x_wconf 86' lang='lat' dir='ltr'>et</span> 
     </span>
    </p>
   </div>
   <div class='ocr_carea' id='block_1_13' title="bbox 350 2640 927 2716">
    <p class='ocr_par' dir='ltr' id='par_1_17' title="bbox 350 2640 927 2716">
     <span class='ocr_line' id='line_1_46' title="bbox 350 2640 853 2677; baseline -0.006 -9"><span class='ocrx_word' id='word_1_225' title='bbox 350 2642 390 2677; x_wconf 85' lang='lat' dir='ltr'>(t)</span> <span class='ocrx_word' id='word_1_226' title='bbox 409 2642 448 2668; x_wconf 79' lang='lat' dir='ltr'>Ex</span> <span class='ocrx_word' id='word_1_227' title='bbox 466 2642 569 2676; x_wconf 81' lang='lat' dir='ltr'>Regest.</span> <span class='ocrx_word' id='word_1_228' title='bbox 591 2642 616 2668; x_wconf 91' lang='lat' dir='ltr'>in</span> <span class='ocrx_word' id='word_1_229' title='bbox 638 2640 746 2668; x_wconf 85' lang='lat' dir='ltr'>Archiv.</span> <span class='ocrx_word' id='word_1_230' title='bbox 769 2640 853 2666; x_wconf 85' lang='lat' dir='ltr'>Vatic.</span> 
     </span>
     <span class='ocr_line' id='line_1_47' title="bbox 395 2683 927 2716; baseline -0.006 0"><span class='ocrx_word' id='word_1_231' title='bbox 395 2686 470 2716; x_wconf 76' lang='lat' dir='ltr'>Ball.</span> <span class='ocrx_word' id='word_1_232' title='bbox 493 2686 570 2715; x_wconf 80' lang='lat' dir='ltr'>Rom.</span> <span class='ocrx_word' id='word_1_233' title='bbox 598 2684 652 2714; x_wconf 83' lang='lat' dir='ltr'>Vol.</span> <span class='ocrx_word' id='word_1_234' title='bbox 675 2684 720 2714; x_wconf 85' lang='lat' dir='ltr'>IV.</span> <span class='ocrx_word' id='word_1_235' title='bbox 891 2683 927 2713; x_wconf 86' lang='lat'>38</span> 
     </span>
    </p>
   </div>
   <div class='ocr_carea' id='block_1_14' title="bbox 141 1940 259 1961">
    <p class='ocr_par' dir='ltr' id='par_1_18' title="bbox 141 1940 259 1961">
     <span class='ocr_line' id='line_1_48' title="bbox 141 1940 259 1961; baseline -0.025 0"><span class='ocrx_word' id='word_1_236' title='bbox 141 1940 259 1961; x_wconf 67' lang='lat' dir='ltr'>Exordium.</span> 
     </span>
    </p>
   </div>
   <div class='ocr_carea' id='block_1_15' title="bbox 793 261 1335 303">
    <p class='ocr_par' dir='ltr' id='par_1_19' title="bbox 793 261 1335 303">
     <span class='ocr_line' id='line_1_49' title="bbox 793 261 1335 303; baseline -0.004 -7"><span class='ocrx_word' id='word_1_237' title='bbox 793 273 929 296; x_wconf 57' lang='lat' dir='ltr'>romnus</span> <span class='ocrx_word' id='word_1_238' title='bbox 958 273 1014 294; x_wconf 79' lang='lat' dir='ltr'>xxi</span> <span class='ocrx_word' id='word_1_239' title='bbox 1045 261 1152 302; x_wconf 74' lang='lat' dir='ltr'>(dictus</span> <span class='ocrx_word' id='word_1_240' title='bbox 1183 264 1264 303; x_wconf 82' lang='lat' dir='ltr'>xxii)</span> <span class='ocrx_word' id='word_1_241' title='bbox 1288 273 1335 294; x_wconf 70' lang='lat' dir='ltr'>rr,</span> 
     </span>
    </p>
   </div>
   <div class='ocr_carea' id='block_1_16' title="bbox 1055 1278 1104 2676">
    <p class='ocr_par' dir='ltr' id='par_1_20' title="bbox 1055 1278 1104 2676">
     <span class='ocr_line' id='line_1_50' title="bbox 1055 1278 1104 2676; baseline 0 0"><span class='ocrx_word' id='word_1_242' title='bbox 1055 1278 1104 2676; x_wconf 95' lang='lat' dir='ltr'> </span> 
     </span>
    </p>
   </div>
   <div class='ocr_carea' id='block_1_17' title="bbox 1710 263 2024 303">
    <p class='ocr_par' dir='ltr' id='par_1_21' title="bbox 1710 263 2024 303">
     <span class='ocr_line' id='line_1_51' title="bbox 1710 263 2024 303; baseline 0.003 -1"><span class='ocrx_word' id='word_1_243' title='bbox 1710 263 1778 295; x_wconf 76' lang='lat'>297</span> <span class='ocrx_word' id='word_1_244' title='bbox 1851 279 1897 303; x_wconf 65' lang='lat' dir='ltr'>An,</span> <span class='ocrx_word' id='word_1_245' title='bbox 1918 279 1935 302; x_wconf 66' lang='grc' dir='ltr'>ι,</span> <span class='ocrx_word' id='word_1_246' title='bbox 1965 278 2024 303; x_wconf 70' lang='lat'>¹324</span> 
     </span>
    </p>
   </div>
   <div class='ocr_carea' id='block_1_18' title="bbox 1084 325 1838 767">
    <p class='ocr_par' dir='ltr' id='par_1_22' title="bbox 1084 325 1838 767">
     <span class='ocr_line' id='line_1_52' title="bbox 1084 325 1836 363; baseline 0.007 -5"><span class='ocrx_word' id='word_1_247' title='bbox 1084 325 1206 360; x_wconf 84' lang='lat' dir='ltr'>iuribus</span> <span class='ocrx_word' id='word_1_248' title='bbox 1232 326 1375 360; x_wconf 68' lang='lat' dir='ltr'>ciusdem</span> <span class='ocrx_word' id='word_1_249' title='bbox 1402 327 1562 361; x_wconf 61' lang='lat' dir='ltr'>Enete-tae</span> <span class='ocrx_word' id='word_1_250' title='bbox 1585 327 1644 361; x_wconf 92' lang='lat' dir='ltr'>sub</span> <span class='ocrx_word' id='word_1_251' title='bbox 1666 328 1758 363; x_wconf 87' lang='lat' dir='ltr'>variis</span> <span class='ocrx_word' id='word_1_252' title='bbox 1776 329 1836 363; x_wconf 85' lang='lat' dir='ltr'>for-</span> 
     </span>
     <span class='ocr_line' id='line_1_53' title="bbox 1085 375 1835 413; baseline 0.007 -6"><span class='ocrx_word' id='word_1_253' title='bbox 1085 375 1155 413; x_wconf 82' lang='lat' dir='ltr'>mis,</span> <span class='ocrx_word' id='word_1_254' title='bbox 1180 375 1282 409; x_wconf 91' lang='lat' dir='ltr'>modis</span> <span class='ocrx_word' id='word_1_255' title='bbox 1308 383 1336 408; x_wconf 81' lang='lat' dir='ltr'>et</span> <span class='ocrx_word' id='word_1_256' title='bbox 1362 376 1524 410; x_wconf 86' lang='lat' dir='ltr'>tenoribus</span> <span class='ocrx_word' id='word_1_257' title='bbox 1556 377 1665 411; x_wconf 74' lang='lat' dir='ltr'>fecisse.</span> <span class='ocrx_word' id='word_1_258' title='bbox 1690 391 1835 412; x_wconf 76' lang='lat' dir='ltr'>noscun—</span> 
     </span>
     <span class='ocr_line' id='line_1_54' title="bbox 1085 424 1835 470; baseline 0.005 -13"><span class='ocrx_word' id='word_1_259' title='bbox 1085 432 1154 457; x_wconf 90' lang='lat' dir='ltr'>tur:</span> <span class='ocrx_word' id='word_1_260' title='bbox 1184 432 1213 457; x_wconf 83' lang='lat' dir='ltr'>et</span> <span class='ocrx_word' id='word_1_261' title='bbox 1240 424 1394 470; x_wconf 83' lang='lat' dir='ltr'>quasdam</span> <span class='ocrx_word' id='word_1_262' title='bbox 1419 426 1557 459; x_wconf 82' lang='lat' dir='ltr'>minores</span> <span class='ocrx_word' id='word_1_263' title='bbox 1584 435 1697 469; x_wconf 82' lang='lat' dir='ltr'>terras,</span> <span class='ocrx_word' id='word_1_264' title='bbox 1725 428 1835 462; x_wconf 78' lang='lat' dir='ltr'>civita-</span> 
     </span>
     <span class='ocr_line' id='line_1_55' title="bbox 1085 474 1835 521; baseline 0.007 -15"><span class='ocrx_word' id='word_1_265' title='bbox 1085 481 1146 512; x_wconf 78' lang='lat' dir='ltr'>tes,</span> <span class='ocrx_word' id='word_1_266' title='bbox 1178 482 1277 508; x_wconf 87' lang='lat' dir='ltr'>castra</span> <span class='ocrx_word' id='word_1_267' title='bbox 1317 482 1344 507; x_wconf 89' lang='lat' dir='ltr'>et</span> <span class='ocrx_word' id='word_1_268' title='bbox 1384 474 1448 508; x_wconf 72' lang='lat' dir='ltr'>loca</span> <span class='ocrx_word' id='word_1_269' title='bbox 1486 475 1561 508; x_wconf 79' lang='lat' dir='ltr'>infra</span> <span class='ocrx_word' id='word_1_270' title='bbox 1593 476 1835 521; x_wconf 73' lang='lat' dir='ltr'>patrimonium,</span> 
     </span>
     <span class='ocr_line' id='line_1_56' title="bbox 1085 522 1835 572; baseline 0.008 -17"><span class='ocrx_word' id='word_1_271' title='bbox 1085 522 1268 556; x_wconf 85' lang='lat' dir='ltr'>comitatum</span> <span class='ocrx_word' id='word_1_272' title='bbox 1292 531 1321 556; x_wconf 87' lang='lat' dir='ltr'>et</span> <span class='ocrx_word' id='word_1_273' title='bbox 1345 531 1457 557; x_wconf 84' lang='lat' dir='ltr'>terram</span> <span class='ocrx_word' id='word_1_274' title='bbox 1481 523 1718 570; x_wconf 83' lang='lat' dir='ltr'>Aruulpborum</span> <span class='ocrx_word' id='word_1_275' title='bbox 1745 539 1835 572; x_wconf 86' lang='lat' dir='ltr'>prae-</span> 
     </span>
     <span class='ocr_line' id='line_1_57' title="bbox 1085 571 1836 621; baseline 0.007 -17"><span class='ocrx_word' id='word_1_276' title='bbox 1085 571 1178 613; x_wconf 83' lang='lat' dir='ltr'>dicta,</span> <span class='ocrx_word' id='word_1_277' title='bbox 1207 579 1236 605; x_wconf 91' lang='lat' dir='ltr'>et</span> <span class='ocrx_word' id='word_1_278' title='bbox 1264 571 1322 606; x_wconf 90' lang='lat' dir='ltr'>alia</span> <span class='ocrx_word' id='word_1_279' title='bbox 1360 572 1435 605; x_wconf 80' lang='lat' dir='ltr'>infra</span> <span class='ocrx_word' id='word_1_280' title='bbox 1473 573 1718 608; x_wconf 81' lang='lat' dir='ltr'>iurisdictionem</span> <span class='ocrx_word' id='word_1_281' title='bbox 1736 575 1836 621; x_wconf 87' lang='lat' dir='ltr'>ipsius</span> 
     </span>
     <span class='ocr_line' id='line_1_58' title="bbox 1088 620 1835 664; baseline 0.007 -11"><span class='ocrx_word' id='word_1_282' title='bbox 1088 620 1248 655; x_wconf 80' lang='lat' dir='ltr'>Ecclesiae</span> <span class='ocrx_word' id='word_1_283' title='bbox 1282 621 1443 655; x_wconf 86' lang='lat' dir='ltr'>Romanae</span> <span class='ocrx_word' id='word_1_284' title='bbox 1481 621 1699 664; x_wconf 80' lang='lat' dir='ltr'>consistentia,</span> <span class='ocrx_word' id='word_1_285' title='bbox 1739 625 1835 658; x_wconf 90' lang='lat' dir='ltr'>maio-</span> 
     </span>
     <span class='ocr_line' id='line_1_59' title="bbox 1089 669 1836 716; baseline 0.007 -14"><span class='ocrx_word' id='word_1_286' title='bbox 1089 669 1174 704; x_wconf 82' lang='lat' dir='ltr'>ribus</span> <span class='ocrx_word' id='word_1_287' title='bbox 1200 670 1378 704; x_wconf 86' lang='lat' dir='ltr'>civitatibus</span> <span class='ocrx_word' id='word_1_288' title='bbox 1400 679 1429 704; x_wconf 77' lang='lat' dir='ltr'>et</span> <span class='ocrx_word' id='word_1_289' title='bbox 1458 672 1753 716; x_wconf 88' lang='lat' dir='ltr'>communitatibus,</span> <span class='ocrx_word' id='word_1_290' title='bbox 1781 685 1836 707; x_wconf 92' lang='lat' dir='ltr'>co-</span> 
     </span>
     <span class='ocr_line' id='line_1_60' title="bbox 1089 719 1838 767; baseline 0.004 -15"><span class='ocrx_word' id='word_1_291' title='bbox 1089 719 1228 758; x_wconf 82' lang='lat' dir='ltr'>mitibus,</span> <span class='ocrx_word' id='word_1_292' title='bbox 1253 719 1423 753; x_wconf 83' lang='lat' dir='ltr'>baronibus</span> <span class='ocrx_word' id='word_1_293' title='bbox 1445 727 1475 752; x_wconf 89' lang='lat' dir='ltr'>et</span> <span class='ocrx_word' id='word_1_294' title='bbox 1498 719 1667 763; x_wconf 79' lang='lat' dir='ltr'>nobilibuS,</span> <span class='ocrx_word' id='word_1_295' title='bbox 1694 723 1838 767; x_wconf 78' lang='lat' dir='ltr'>quamvis</span> 
     </span>
    </p>
   </div>
   <div class='ocr_carea' id='block_1_19' title="bbox 1090 768 1837 814">
    <p class='ocr_par' dir='ltr' id='par_1_23' title="bbox 1090 768 1837 814">
     <span class='ocr_line' id='line_1_61' title="bbox 1090 768 1837 814; baseline 0.004 -13"><span class='ocrx_word' id='word_1_296' title='bbox 1090 768 1204 802; x_wconf 88' lang='lat' dir='ltr'>nullam</span> <span class='ocrx_word' id='word_1_297' title='bbox 1236 781 1333 814; x_wconf 90' lang='lat' dir='ltr'>super</span> <span class='ocrx_word' id='word_1_298' title='bbox 1356 769 1413 802; x_wconf 88' lang='lat' dir='ltr'>boc</span> <span class='ocrx_word' id='word_1_299' title='bbox 1447 777 1630 814; x_wconf 77' lang='lat' dir='ltr'>potestatem</span> <span class='ocrx_word' id='word_1_300' title='bbox 1656 770 1837 810; x_wconf 78' lang='lat' dir='ltr'>habuerint,</span> 
     </span>
    </p>
   </div>
   <div class='ocr_carea' id='block_1_20' title="bbox 1089 817 1840 901">
    <p class='ocr_par' dir='ltr' id='par_1_24' title="bbox 1089 817 1840 901">
     <span class='ocr_line' id='line_1_62' title="bbox 1089 817 1839 867; baseline 0.003 -16"><span class='ocrx_word' id='word_1_301' title='bbox 1089 817 1127 851; x_wconf 91' lang='lat' dir='ltr'>de</span> <span class='ocrx_word' id='word_1_302' title='bbox 1150 817 1229 851; x_wconf 83' lang='lat' dir='ltr'>facto</span> <span class='ocrx_word' id='word_1_303' title='bbox 1257 818 1285 851; x_wconf 92' lang='lat' dir='ltr'>in</span> <span class='ocrx_word' id='word_1_304' title='bbox 1316 818 1416 864; x_wconf 90' lang='lat' dir='ltr'>ipsius</span> <span class='ocrx_word' id='word_1_305' title='bbox 1440 817 1598 852; x_wconf 74' lang='lat' dir='ltr'>Ecclesiae</span> <span class='ocrx_word' id='word_1_306' title='bbox 1626 830 1719 867; x_wconf 81' lang='lat' dir='ltr'>grave</span> <span class='ocrx_word' id='word_1_307' title='bbox 1750 831 1839 864; x_wconf 83' lang='lat' dir='ltr'>prae-</span> 
     </span>
     <span class='ocr_line' id='line_1_63' title="bbox 1090 866 1840 901; baseline 0.003 -2"><span class='ocrx_word' id='word_1_308' title='bbox 1090 866 1241 900; x_wconf 89' lang='lat' dir='ltr'>iudicium</span> <span class='ocrx_word' id='word_1_309' title='bbox 1269 866 1471 901; x_wconf 84' lang='lat' dir='ltr'>subiecerunt</span> <span class='ocrx_word' id='word_1_310' title='bbox 1499 875 1529 901; x_wconf 89' lang='lat' dir='ltr'>et</span> <span class='ocrx_word' id='word_1_311' title='bbox 1560 868 1654 901; x_wconf 87' lang='lat' dir='ltr'>etiam</span> <span class='ocrx_word' id='word_1_312' title='bbox 1682 866 1840 901; x_wconf 87' lang='lat' dir='ltr'>submise-</span> 
     </span>
    </p>
   </div>
   <div class='ocr_carea' id='block_1_21' title="bbox 1092 915 1842 955">
    <p class='ocr_par' dir='ltr' id='par_1_25' title="bbox 1092 915 1842 955">
     <span class='ocr_line' id='line_1_64' title="bbox 1092 915 1842 955; baseline 0.001 -6"><span class='ocrx_word' id='word_1_313' title='bbox 1092 922 1180 955; x_wconf 75' lang='lat' dir='ltr'>runt3</span> <span class='ocrx_word' id='word_1_314' title='bbox 1213 928 1249 950; x_wconf 91' lang='lat' dir='ltr'>ac</span> <span class='ocrx_word' id='word_1_315' title='bbox 1277 928 1311 950; x_wconf 89' lang='lat' dir='ltr'>se</span> <span class='ocrx_word' id='word_1_316' title='bbox 1333 915 1577 950; x_wconf 87' lang='lat' dir='ltr'>subiicientibus</span> <span class='ocrx_word' id='word_1_317' title='bbox 1598 925 1628 950; x_wconf 88' lang='lat' dir='ltr'>et</span> <span class='ocrx_word' id='word_1_318' title='bbox 1655 916 1842 950; x_wconf 87' lang='lat' dir='ltr'>submitten-</span> 
     </span>
    </p>
   </div>
   <div class='ocr_carea' id='block_1_22' title="bbox 1091 964 1841 1011">
    <p class='ocr_par' dir='ltr' id='par_1_26' title="bbox 1091 964 1841 1011">
     <span class='ocr_line' id='line_1_65' title="bbox 1091 964 1841 1011; baseline 0.001 -13"><span class='ocrx_word' id='word_1_319' title='bbox 1091 964 1186 1002; x_wconf 71' lang='lat' dir='ltr'>tibus,</span> <span class='ocrx_word' id='word_1_320' title='bbox 1212 965 1362 998; x_wconf 89' lang='lat' dir='ltr'>auxilium</span> <span class='ocrx_word' id='word_1_321' title='bbox 1388 964 1591 1011; x_wconf 83' lang='lat' dir='ltr'>praestandO,</span> <span class='ocrx_word' id='word_1_322' title='bbox 1613 974 1841 1000; x_wconf 88' lang='lat' dir='ltr'>concesserunt</span> 
     </span>
    </p>
   </div>
   <div class='ocr_carea' id='block_1_23' title="bbox 1093 1013 1843 1199">
    <p class='ocr_par' dir='ltr' id='par_1_27' title="bbox 1093 1013 1843 1199">
     <span class='ocr_line' id='line_1_66' title="bbox 1093 1013 1840 1061; baseline 0.003 -15"><span class='ocrx_word' id='word_1_323' title='bbox 1093 1025 1147 1059; x_wconf 89' lang='lat' dir='ltr'>pro</span> <span class='ocrx_word' id='word_1_324' title='bbox 1180 1026 1288 1047; x_wconf 90' lang='lat' dir='ltr'>eorum</span> <span class='ocrx_word' id='word_1_325' title='bbox 1324 1013 1411 1047; x_wconf 90' lang='lat' dir='ltr'>libito</span> <span class='ocrx_word' id='word_1_326' title='bbox 1445 1014 1634 1058; x_wconf 88' lang='lat' dir='ltr'>voluntatis,</span> <span class='ocrx_word' id='word_1_327' title='bbox 1671 1022 1702 1048; x_wconf 88' lang='lat' dir='ltr'>et</span> <span class='ocrx_word' id='word_1_328' title='bbox 1739 1013 1840 1061; x_wconf 87' lang='lat' dir='ltr'>aliqua</span> 
     </span>
     <span class='ocr_line' id='line_1_67' title="bbox 1093 1062 1843 1101; baseline 0.001 -5"><span class='ocrx_word' id='word_1_329' title='bbox 1093 1062 1213 1096; x_wconf 87' lang='lat' dir='ltr'>minora</span> <span class='ocrx_word' id='word_1_330' title='bbox 1243 1071 1361 1101; x_wconf 90' lang='lat' dir='ltr'>terrae,</span> <span class='ocrx_word' id='word_1_331' title='bbox 1396 1063 1535 1097; x_wconf 87' lang='lat' dir='ltr'>civitates</span> <span class='ocrx_word' id='word_1_332' title='bbox 1569 1071 1600 1097; x_wconf 79' lang='lat' dir='ltr'>et</span> <span class='ocrx_word' id='word_1_333' title='bbox 1626 1071 1725 1097; x_wconf 88' lang='lat' dir='ltr'>castra</span> <span class='ocrx_word' id='word_1_334' title='bbox 1750 1062 1843 1097; x_wconf 80' lang='lat' dir='ltr'>dictis</span> 
     </span>
     <span class='ocr_line' id='line_1_68' title="bbox 1094 1111 1842 1152; baseline 0.001 -8"><span class='ocrx_word' id='word_1_335' title='bbox 1094 1111 1266 1146; x_wconf 86' lang='lat' dir='ltr'>maioribus</span> <span class='ocrx_word' id='word_1_336' title='bbox 1292 1111 1471 1146; x_wconf 86' lang='lat' dir='ltr'>civitatibus</span> <span class='ocrx_word' id='word_1_337' title='bbox 1490 1120 1519 1145; x_wconf 87' lang='lat' dir='ltr'>et</span> <span class='ocrx_word' id='word_1_338' title='bbox 1546 1111 1842 1152; x_wconf 89' lang='lat' dir='ltr'>communitatibus,</span> 
     </span>
     <span class='ocr_line' id='line_1_69' title="bbox 1093 1160 1843 1199; baseline 0.001 -6"><span class='ocrx_word' id='word_1_339' title='bbox 1093 1160 1272 1199; x_wconf 78' lang='lat' dir='ltr'>comitibus,</span> <span class='ocrx_word' id='word_1_340' title='bbox 1301 1160 1469 1194; x_wconf 86' lang='lat' dir='ltr'>baronibus</span> <span class='ocrx_word' id='word_1_341' title='bbox 1492 1170 1521 1195; x_wconf 88' lang='lat' dir='ltr'>et</span> <span class='ocrx_word' id='word_1_342' title='bbox 1543 1161 1699 1195; x_wconf 80' lang='lat' dir='ltr'>nobilibus</span> <span class='ocrx_word' id='word_1_343' title='bbox 1723 1170 1783 1194; x_wconf 88' lang='lat' dir='ltr'>tam</span> <span class='ocrx_word' id='word_1_344' title='bbox 1804 1160 1843 1194; x_wconf 89' lang='lat' dir='ltr'>de</span> 
     </span>
    </p>
   </div>
   <div class='ocr_carea' id='block_1_24' title="bbox 1093 1209 1845 1255">
    <p class='ocr_par' dir='ltr' id='par_1_28' title="bbox 1093 1209 1845 1255">
     <span class='ocr_line' id='line_1_70' title="bbox 1093 1209 1845 1255; baseline 0 -13"><span class='ocrx_word' id='word_1_345' title='bbox 1093 1209 1184 1243; x_wconf 91' lang='lat' dir='ltr'>dictis</span> <span class='ocrx_word' id='word_1_346' title='bbox 1212 1209 1314 1252; x_wconf 81' lang='lat' dir='ltr'>terriS,</span> <span class='ocrx_word' id='word_1_347' title='bbox 1341 1222 1436 1255; x_wconf 88' lang='lat' dir='ltr'>quam</span> <span class='ocrx_word' id='word_1_348' title='bbox 1455 1210 1548 1243; x_wconf 86' lang='lat' dir='ltr'>etiam</span> <span class='ocrx_word' id='word_1_349' title='bbox 1575 1209 1714 1253; x_wconf 86' lang='lat' dir='ltr'>aliunde,</span> <span class='ocrx_word' id='word_1_350' title='bbox 1739 1211 1845 1242; x_wconf 92' lang='lat' dir='ltr'>volun-</span> 
     </span>
    </p>
   </div>
   <div class='ocr_carea' id='block_1_25' title="bbox 1094 1258 2047 2674">
    <p class='ocr_par' dir='ltr' id='par_1_29' title="bbox 1094 1258 1845 1352">
     <span class='ocr_line' id='line_1_71' title="bbox 1095 1258 1845 1304; baseline 0.001 -13"><span class='ocrx_word' id='word_1_351' title='bbox 1095 1258 1189 1301; x_wconf 84' lang='lat' dir='ltr'>tarie,</span> <span class='ocrx_word' id='word_1_352' title='bbox 1225 1267 1254 1291; x_wconf 89' lang='lat' dir='ltr'>et</span> <span class='ocrx_word' id='word_1_353' title='bbox 1290 1258 1445 1303; x_wconf 83' lang='lat' dir='ltr'>quaedam</span> <span class='ocrx_word' id='word_1_354' title='bbox 1480 1258 1518 1291; x_wconf 89' lang='lat' dir='ltr'>ab</span> <span class='ocrx_word' id='word_1_355' title='bbox 1557 1258 1633 1304; x_wconf 88' lang='lat' dir='ltr'>ipsis</span> <span class='ocrx_word' id='word_1_356' title='bbox 1672 1258 1845 1293; x_wconf 81' lang='lat' dir='ltr'>maioribus</span> 
     </span>
     <span class='ocr_line' id='line_1_72' title="bbox 1094 1306 1804 1352; baseline 0 -12"><span class='ocrx_word' id='word_1_357' title='bbox 1094 1314 1198 1341; x_wconf 86' lang='lat' dir='ltr'>coacta</span> <span class='ocrx_word' id='word_1_358' title='bbox 1227 1319 1260 1340; x_wconf 76' lang='lat' dir='ltr'>se</span> <span class='ocrx_word' id='word_1_359' title='bbox 1291 1319 1345 1352; x_wconf 85' lang='lat' dir='ltr'>per</span> <span class='ocrx_word' id='word_1_360' title='bbox 1372 1306 1548 1340; x_wconf 77' lang='lat' dir='ltr'>violentiam</span> <span class='ocrx_word' id='word_1_361' title='bbox 1576 1307 1804 1342; x_wconf 87' lang='lat' dir='ltr'>submiserunt.</span> 
     </span>
    </p>

    <p class='ocr_par' dir='ltr' id='par_1_30' title="bbox 1096 1355 2047 2674">
     <span class='ocr_line' id='line_1_73' title="bbox 1144 1355 2046 1402; baseline -0.006 -13"><span class='ocrx_word' id='word_1_362' title='bbox 1144 1355 1164 1402; x_wconf 64' lang='lat' dir='ltr'>g</span> <span class='ocrx_word' id='word_1_363' title='bbox 1185 1357 1217 1388; x_wconf 74' lang='lat'>2.</span> <span class='ocrx_word' id='word_1_364' title='bbox 1242 1355 1305 1389; x_wconf 85' lang='lat' dir='ltr'>Nos</span> <span class='ocrx_word' id='word_1_365' title='bbox 1329 1355 1422 1401; x_wconf 78' lang='lat' dir='ltr'>igitur</span> <span class='ocrx_word' id='word_1_366' title='bbox 1437 1367 1533 1401; x_wconf 89' lang='lat' dir='ltr'>super</span> <span class='ocrx_word' id='word_1_367' title='bbox 1551 1355 1588 1389; x_wconf 91' lang='lat' dir='ltr'>iis</span> <span class='ocrx_word' id='word_1_368' title='bbox 1604 1357 1743 1390; x_wconf 77' lang='lat' dir='ltr'>volentes</span> <span class='ocrx_word' id='word_1_369' title='bbox 1762 1357 1847 1389; x_wconf 84' lang='lat' dir='ltr'>eius·</span> <span class='ocrx_word' id='word_1_370' title='bbox 1873 1365 1999 1401; x_wconf 57' lang='lat' dir='ltr'>exsomnes</span> <span class='ocrx_word' id='word_1_371' title='bbox 2013 1366 2046 1385; x_wconf 66' lang='lat' dir='ltr'>sr-</span> 
     </span>
     <span class='ocr_line' id='line_1_74' title="bbox 1096 1396 2047 1448; baseline 0.001 -12"><span class='ocrx_word' id='word_1_372' title='bbox 1096 1404 1166 1437; x_wconf 90' lang='lat' dir='ltr'>dem</span> <span class='ocrx_word' id='word_1_373' title='bbox 1203 1403 1363 1438; x_wconf 82' lang='lat' dir='ltr'>Ecclesiae</span> <span class='ocrx_word' id='word_1_374' title='bbox 1393 1404 1501 1438; x_wconf 78' lang='lat' dir='ltr'>honori</span> <span class='ocrx_word' id='word_1_375' title='bbox 1526 1412 1555 1437; x_wconf 86' lang='lat' dir='ltr'>et</span> <span class='ocrx_word' id='word_1_376' title='bbox 1584 1396 2047 1448; x_wconf 58' lang='lat' dir='ltr'>immunitatibus{322};⁰¹2¹,&#39;⁵2¹³,&#39;22</span> 
     </span>
     <span class='ocr_line' id='line_1_75' title="bbox 1098 1453 1962 1499; baseline 0.003 -15"><span class='ocrx_word' id='word_1_377' title='bbox 1098 1453 1273 1499; x_wconf 75' lang='lat' dir='ltr'>providere,</span> <span class='ocrx_word' id='word_1_378' title='bbox 1297 1453 1480 1495; x_wconf 83' lang='lat' dir='ltr'>locationes,</span> <span class='ocrx_word' id='word_1_379' title='bbox 1507 1453 1729 1494; x_wconf 86' lang='lat' dir='ltr'>alienationes,</span> <span class='ocrx_word' id='word_1_380' title='bbox 1753 1453 1848 1488; x_wconf 88' lang='lat' dir='ltr'>dona·</span> <span class='ocrx_word' id='word_1_381' title='bbox 1861 1457 1962 1479; x_wconf 42' lang='grc' dir='ltr'>ΜΒΝ·</span> 
     </span>
     <span class='ocr_line' id='line_1_76' title="bbox 1097 1501 1847 1546; baseline 0.001 -11"><span class='ocrx_word' id='word_1_382' title='bbox 1097 1503 1210 1546; x_wconf 88' lang='lat' dir='ltr'>tiones,</span> <span class='ocrx_word' id='word_1_383' title='bbox 1234 1502 1471 1545; x_wconf 81' lang='lat' dir='ltr'>concessiones,</span> <span class='ocrx_word' id='word_1_384' title='bbox 1493 1501 1708 1536; x_wconf 78' lang='lat' dir='ltr'>subiectiones</span> <span class='ocrx_word' id='word_1_385' title='bbox 1723 1511 1753 1536; x_wconf 84' lang='lat' dir='ltr'>et</span> <span class='ocrx_word' id='word_1_386' title='bbox 1769 1502 1847 1536; x_wconf 87' lang='lat' dir='ltr'>sub-</span> 
     </span>
     <span class='ocr_line' id='line_1_77' title="bbox 1099 1550 1849 1598; baseline -0.001 -12"><span class='ocrx_word' id='word_1_387' title='bbox 1099 1552 1266 1586; x_wconf 80' lang='lat' dir='ltr'>missiones</span> <span class='ocrx_word' id='word_1_388' title='bbox 1295 1550 1480 1598; x_wconf 83' lang='lat' dir='ltr'>pracdictas,</span> <span class='ocrx_word' id='word_1_389' title='bbox 1512 1559 1541 1584; x_wconf 90' lang='lat' dir='ltr'>ct</span> <span class='ocrx_word' id='word_1_390' title='bbox 1575 1551 1652 1585; x_wconf 85' lang='lat' dir='ltr'>alias</span> <span class='ocrx_word' id='word_1_391' title='bbox 1679 1563 1849 1598; x_wconf 85' lang='lat' dir='ltr'>quascum-</span> 
     </span>
     <span class='ocr_line' id='line_1_78' title="bbox 1098 1599 1851 1647; baseline -0.001 -13"><span class='ocrx_word' id='word_1_392' title='bbox 1098 1613 1159 1647; x_wconf 87' lang='lat' dir='ltr'>que</span> <span class='ocrx_word' id='word_1_393' title='bbox 1187 1603 1225 1635; x_wconf 90' lang='lat' dir='ltr'>dc</span> <span class='ocrx_word' id='word_1_394' title='bbox 1250 1601 1340 1634; x_wconf 89' lang='lat' dir='ltr'>bonis</span> <span class='ocrx_word' id='word_1_395' title='bbox 1362 1610 1390 1634; x_wconf 86' lang='lat' dir='ltr'>et</span> <span class='ocrx_word' id='word_1_396' title='bbox 1419 1600 1540 1634; x_wconf 85' lang='lat' dir='ltr'>iuribus</span> <span class='ocrx_word' id='word_1_397' title='bbox 1573 1600 1751 1646; x_wconf 81' lang='lat' dir='ltr'>praedictae</span> <span class='ocrx_word' id='word_1_398' title='bbox 1784 1599 1851 1634; x_wconf 82' lang='lat' dir='ltr'>Ro-</span> 
     </span>
     <span class='ocr_line' id='line_1_79' title="bbox 1101 1649 1850 1693; baseline -0.003 -9"><span class='ocrx_word' id='word_1_399' title='bbox 1101 1662 1210 1684; x_wconf 89' lang='lat' dir='ltr'>manae</span> <span class='ocrx_word' id='word_1_400' title='bbox 1233 1649 1408 1688; x_wconf 78' lang='lat' dir='ltr'>Ecclesiae,</span> <span class='ocrx_word' id='word_1_401' title='bbox 1436 1661 1470 1683; x_wconf 92' lang='lat' dir='ltr'>ac</span> <span class='ocrx_word' id='word_1_402' title='bbox 1485 1650 1659 1693; x_wconf 86' lang='lat' dir='ltr'>civitatum,</span> <span class='ocrx_word' id='word_1_403' title='bbox 1682 1658 1850 1691; x_wconf 79' lang='lat' dir='ltr'>terrarum,</span> 
     </span>
     <span class='ocr_line' id='line_1_80' title="bbox 1100 1698 1851 1744; baseline -0.003 -11"><span class='ocrx_word' id='word_1_404' title='bbox 1100 1708 1273 1733; x_wconf 84' lang='lat' dir='ltr'>castrorum</span> <span class='ocrx_word' id='word_1_405' title='bbox 1306 1707 1337 1732; x_wconf 84' lang='lat' dir='ltr'>et</span> <span class='ocrx_word' id='word_1_406' title='bbox 1366 1698 1505 1732; x_wconf 91' lang='lat' dir='ltr'>locorum</span> <span class='ocrx_word' id='word_1_407' title='bbox 1543 1699 1788 1744; x_wconf 76' lang='lat' dir='ltr'>praedictorum,</span> <span class='ocrx_word' id='word_1_408' title='bbox 1816 1710 1851 1731; x_wconf 87' lang='lat' dir='ltr'>ac</span> 
     </span>
     <span class='ocr_line' id='line_1_81' title="bbox 1103 1747 1852 1794; baseline -0.003 -12"><span class='ocrx_word' id='word_1_409' title='bbox 1103 1749 1342 1783; x_wconf 86' lang='lat' dir='ltr'>universitatum</span> <span class='ocrx_word' id='word_1_410' title='bbox 1370 1747 1569 1791; x_wconf 81' lang='lat' dir='ltr'>earumdem,</span> <span class='ocrx_word' id='word_1_411' title='bbox 1600 1748 1659 1781; x_wconf 90' lang='lat' dir='ltr'>sub</span> <span class='ocrx_word' id='word_1_412' title='bbox 1687 1747 1852 1794; x_wconf 85' lang='lat' dir='ltr'>quibusvis</span> 
     </span>
     <span class='ocr_line' id='line_1_82' title="bbox 1103 1796 1852 1843; baseline -0.003 -11"><span class='ocrx_word' id='word_1_413' title='bbox 1103 1797 1223 1838; x_wconf 87' lang='lat' dir='ltr'>modis,</span> <span class='ocrx_word' id='word_1_414' title='bbox 1254 1797 1374 1834; x_wconf 73' lang='lat' dir='ltr'>formis,</span> <span class='ocrx_word' id='word_1_415' title='bbox 1408 1796 1572 1830; x_wconf 88' lang='lat' dir='ltr'>tenoribus</span> <span class='ocrx_word' id='word_1_416' title='bbox 1593 1806 1645 1831; x_wconf 83' lang='lat' dir='ltr'>aut</span> <span class='ocrx_word' id='word_1_417' title='bbox 1673 1796 1852 1843; x_wconf 85' lang='lat' dir='ltr'>expressio-</span> 
     </span>
     <span class='ocr_line' id='line_1_83' title="bbox 1103 1845 1852 1888; baseline -0.003 -8"><span class='ocrx_word' id='word_1_418' title='bbox 1103 1847 1194 1881; x_wconf 89' lang='lat' dir='ltr'>nibus</span> <span class='ocrx_word' id='word_1_419' title='bbox 1217 1845 1385 1880; x_wconf 88' lang='lat' dir='ltr'>verborum</span> <span class='ocrx_word' id='word_1_420' title='bbox 1424 1845 1531 1888; x_wconf 84' lang='lat' dir='ltr'>factas,</span> <span class='ocrx_word' id='word_1_421' title='bbox 1559 1857 1621 1879; x_wconf 91' lang='lat' dir='ltr'>non</span> <span class='ocrx_word' id='word_1_422' title='bbox 1653 1845 1852 1880; x_wconf 85' lang='lat' dir='ltr'>obstantibus</span> 
     </span>
     <span class='ocr_line' id='line_1_84' title="bbox 1103 1894 1852 1942; baseline -0.003 -13"><span class='ocrx_word' id='word_1_423' title='bbox 1103 1895 1304 1942; x_wconf 79' lang='lat' dir='ltr'>Apostolicae</span> <span class='ocrx_word' id='word_1_424' title='bbox 1331 1894 1438 1938; x_wconf 81' lang='lat' dir='ltr'>Sedis,</span> <span class='ocrx_word' id='word_1_425' title='bbox 1462 1907 1523 1928; x_wconf 91' lang='lat' dir='ltr'>non</span> <span class='ocrx_word' id='word_1_426' title='bbox 1547 1907 1584 1928; x_wconf 84' lang='lat' dir='ltr'>ex</span> <span class='ocrx_word' id='word_1_427' title='bbox 1611 1902 1695 1928; x_wconf 83' lang='lat' dir='ltr'>certa</span> <span class='ocrx_word' id='word_1_428' title='bbox 1721 1894 1852 1928; x_wconf 85' lang='lat' dir='ltr'>scientia</span> 
     </span>
     <span class='ocr_line' id='line_1_85' title="bbox 1102 1943 1854 1990; baseline -0.004 -12"><span class='ocrx_word' id='word_1_429' title='bbox 1102 1944 1203 1985; x_wconf 79' lang='lat' dir='ltr'>sactis,</span> <span class='ocrx_word' id='word_1_430' title='bbox 1226 1952 1256 1978; x_wconf 88' lang='lat' dir='ltr'>et</span> <span class='ocrx_word' id='word_1_431' title='bbox 1274 1943 1460 1990; x_wconf 78' lang='lat' dir='ltr'>quorumvis</span> <span class='ocrx_word' id='word_1_432' title='bbox 1487 1943 1620 1977; x_wconf 89' lang='lat' dir='ltr'>aliorum</span> <span class='ocrx_word' id='word_1_433' title='bbox 1644 1943 1854 1977; x_wconf 79' lang='lat' dir='ltr'>confirmatio-</span> 
     </span>
     <span class='ocr_line' id='line_1_86' title="bbox 1105 1990 1854 2039; baseline -0.003 -12"><span class='ocrx_word' id='word_1_434' title='bbox 1105 1993 1198 2027; x_wconf 87' lang='lat' dir='ltr'>nibus</span> <span class='ocrx_word' id='word_1_435' title='bbox 1225 2006 1279 2027; x_wconf 89' lang='lat' dir='ltr'>seu</span> <span class='ocrx_word' id='word_1_436' title='bbox 1305 1992 1564 2026; x_wconf 82' lang='lat' dir='ltr'>ratificationibus</span> <span class='ocrx_word' id='word_1_437' title='bbox 1585 2004 1682 2039; x_wconf 90' lang='lat' dir='ltr'>super</span> <span class='ocrx_word' id='word_1_438' title='bbox 1705 1991 1760 2034; x_wconf 85' lang='lat' dir='ltr'>iis,</span> <span class='ocrx_word' id='word_1_439' title='bbox 1794 1990 1854 2025; x_wconf 88' lang='lat' dir='ltr'>sub</span> 
     </span>
     <span class='ocr_line' id='line_1_87' title="bbox 1103 2039 1853 2089; baseline -0.004 -13"><span class='ocrx_word' id='word_1_440' title='bbox 1103 2054 1306 2089; x_wconf 82' lang='lat' dir='ltr'>quacumque</span> <span class='ocrx_word' id='word_1_441' title='bbox 1348 2040 1446 2075; x_wconf 78' lang='lat' dir='ltr'>forma</span> <span class='ocrx_word' id='word_1_442' title='bbox 1489 2041 1655 2075; x_wconf 78' lang='lat' dir='ltr'>verborum</span> <span class='ocrx_word' id='word_1_443' title='bbox 1691 2039 1853 2080; x_wconf 74' lang='lat' dir='ltr'>obtentis,</span> 
     </span>
     <span class='ocr_line' id='line_1_88' title="bbox 1105 2088 1853 2137; baseline -0.004 -12"><span class='ocrx_word' id='word_1_444' title='bbox 1105 2103 1162 2125; x_wconf 91' lang='lat' dir='ltr'>uec</span> <span class='ocrx_word' id='word_1_445' title='bbox 1184 2103 1247 2125; x_wconf 90' lang='lat' dir='ltr'>non</span> <span class='ocrx_word' id='word_1_446' title='bbox 1277 2089 1559 2137; x_wconf 76' lang='lat' dir='ltr'>promissionibus,</span> <span class='ocrx_word' id='word_1_447' title='bbox 1597 2088 1853 2135; x_wconf 84' lang='lat' dir='ltr'>obligationibus,</span> 
     </span>
     <span class='ocr_line' id='line_1_89' title="bbox 1105 2137 1854 2187; baseline -0.004 -13"><span class='ocrx_word' id='word_1_448' title='bbox 1105 2152 1279 2187; x_wconf 87' lang='lat' dir='ltr'>poenarum</span> <span class='ocrx_word' id='word_1_449' title='bbox 1314 2139 1563 2181; x_wconf 85' lang='lat' dir='ltr'>adiectionibus,</span> <span class='ocrx_word' id='word_1_450' title='bbox 1598 2137 1854 2185; x_wconf 86' lang='lat' dir='ltr'>stipulationibus</span> 
     </span>
     <span class='ocr_line' id='line_1_90' title="bbox 1104 2187 1854 2234; baseline -0.004 -11"><span class='ocrx_word' id='word_1_451' title='bbox 1104 2197 1133 2223; x_wconf 72' lang='lat' dir='ltr'>ct</span> <span class='ocrx_word' id='word_1_452' title='bbox 1161 2188 1452 2223; x_wconf 79' lang='lat' dir='ltr'>renunciationibus</span> <span class='ocrx_word' id='word_1_453' title='bbox 1474 2187 1726 2234; x_wconf 79' lang='lat' dir='ltr'>quibuscumque</span> <span class='ocrx_word' id='word_1_454' title='bbox 1748 2199 1784 2221; x_wconf 90' lang='lat' dir='ltr'>ac</span> <span class='ocrx_word' id='word_1_455' title='bbox 1805 2187 1854 2220; x_wconf 93' lang='lat' dir='ltr'>iu-</span> 
     </span>
     <span class='ocr_line' id='line_1_91' title="bbox 1107 2236 1853 2284; baseline -0.005 -12"><span class='ocrx_word' id='word_1_456' title='bbox 1107 2239 1255 2272; x_wconf 84' lang='lat' dir='ltr'>ramentis</span> <span class='ocrx_word' id='word_1_457' title='bbox 1277 2250 1373 2284; x_wconf 89' lang='lat' dir='ltr'>super</span> <span class='ocrx_word' id='word_1_458' title='bbox 1401 2237 1437 2271; x_wconf 87' lang='lat' dir='ltr'>iis</span> <span class='ocrx_word' id='word_1_459' title='bbox 1473 2236 1630 2283; x_wconf 86' lang='lat' dir='ltr'>praestitis</span> <span class='ocrx_word' id='word_1_460' title='bbox 1657 2236 1696 2270; x_wconf 89' lang='lat' dir='ltr'>ab</span> <span class='ocrx_word' id='word_1_461' title='bbox 1718 2236 1853 2275; x_wconf 85' lang='lat' dir='ltr'>eisdem,</span> 
     </span>
     <span class='ocr_line' id='line_1_92' title="bbox 1105 2285 1854 2331; baseline -0.004 -10"><span class='ocrx_word' id='word_1_462' title='bbox 1105 2300 1142 2321; x_wconf 76' lang='lat' dir='ltr'>ex</span> <span class='ocrx_word' id='word_1_463' title='bbox 1167 2299 1251 2321; x_wconf 86' lang='lat' dir='ltr'>nunc</span> <span class='ocrx_word' id='word_1_464' title='bbox 1273 2286 1457 2321; x_wconf 89' lang='lat' dir='ltr'>auctoritate</span> <span class='ocrx_word' id='word_1_465' title='bbox 1472 2285 1641 2331; x_wconf 86' lang='lat' dir='ltr'>apostolica</span> <span class='ocrx_word' id='word_1_466' title='bbox 1659 2297 1854 2324; x_wconf 75' lang='lat' dir='ltr'>revocamus,</span> 
     </span>
     <span class='ocr_line' id='line_1_93' title="bbox 1106 2334 1857 2376; baseline -0.004 -6"><span class='ocrx_word' id='word_1_467' title='bbox 1106 2348 1280 2376; x_wconf 82' lang='lat' dir='ltr'>cassamus,</span> <span class='ocrx_word' id='word_1_468' title='bbox 1307 2336 1519 2373; x_wconf 86' lang='lat' dir='ltr'>annullamus,</span> <span class='ocrx_word' id='word_1_469' title='bbox 1548 2334 1718 2373; x_wconf 67' lang='lat' dir='ltr'>irritamus,</span> <span class='ocrx_word' id='word_1_470' title='bbox 1749 2345 1857 2367; x_wconf 85' lang='lat' dir='ltr'>vacua-</span> 
     </span>
     <span class='ocr_line' id='line_1_94' title="bbox 1108 2382 1855 2424; baseline -0.004 -5"><span class='ocrx_word' id='word_1_471' title='bbox 1108 2398 1189 2424; x_wconf 79' lang='lat' dir='ltr'>mus,</span> <span class='ocrx_word' id='word_1_472' title='bbox 1212 2393 1242 2419; x_wconf 91' lang='lat' dir='ltr'>et</span> <span class='ocrx_word' id='word_1_473' title='bbox 1264 2385 1381 2418; x_wconf 88' lang='lat' dir='ltr'>nullam</span> <span class='ocrx_word' id='word_1_474' title='bbox 1406 2383 1519 2417; x_wconf 85' lang='lat' dir='ltr'>babere</span> <span class='ocrx_word' id='word_1_475' title='bbox 1542 2383 1742 2417; x_wconf 84' lang='lat' dir='ltr'>decernimus</span> <span class='ocrx_word' id='word_1_476' title='bbox 1770 2382 1855 2416; x_wconf 90' lang='lat' dir='ltr'>robo-</span> 
     </span>
     <span class='ocr_line' id='line_1_95' title="bbox 1108 2431 1857 2471; baseline -0.005 -3"><span class='ocrx_word' id='word_1_477' title='bbox 1108 2436 1150 2470; x_wconf 90' lang='lat' dir='ltr'>ris</span> <span class='ocrx_word' id='word_1_478' title='bbox 1172 2434 1373 2468; x_wconf 81' lang='lat' dir='ltr'>firmitatem:</span> <span class='ocrx_word' id='word_1_479' title='bbox 1402 2440 1432 2466; x_wconf 90' lang='lat' dir='ltr'>et</span> <span class='ocrx_word' id='word_1_480' title='bbox 1453 2432 1563 2466; x_wconf 80' lang='lat' dir='ltr'>eadem</span> <span class='ocrx_word' id='word_1_481' title='bbox 1587 2439 1696 2471; x_wconf 88' lang='lat' dir='ltr'>terras,</span> <span class='ocrx_word' id='word_1_482' title='bbox 1718 2431 1857 2465; x_wconf 82' lang='lat' dir='ltr'>civitates</span> 
     </span>
     <span class='ocr_line' id='line_1_96' title="bbox 1108 2481 1857 2526; baseline -0.003 -10"><span class='ocrx_word' id='word_1_483' title='bbox 1108 2492 1139 2518; x_wconf 79' lang='lat' dir='ltr'>et</span> <span class='ocrx_word' id='word_1_484' title='bbox 1172 2491 1284 2522; x_wconf 83' lang='lat' dir='ltr'>castra,</span> <span class='ocrx_word' id='word_1_485' title='bbox 1317 2483 1395 2516; x_wconf 90' lang='lat' dir='ltr'>bona</span> <span class='ocrx_word' id='word_1_486' title='bbox 1421 2490 1450 2516; x_wconf 74' lang='lat' dir='ltr'>ct</span> <span class='ocrx_word' id='word_1_487' title='bbox 1473 2481 1559 2524; x_wconf 78' lang='lat' dir='ltr'>iura,</span> <span class='ocrx_word' id='word_1_488' title='bbox 1592 2481 1629 2514; x_wconf 89' lang='lat' dir='ltr'>ad</span> <span class='ocrx_word' id='word_1_489' title='bbox 1660 2481 1709 2514; x_wconf 88' lang='lat' dir='ltr'>ius</span> <span class='ocrx_word' id='word_1_490' title='bbox 1730 2488 1759 2514; x_wconf 89' lang='lat' dir='ltr'>et</span> <span class='ocrx_word' id='word_1_491' title='bbox 1784 2493 1857 2526; x_wconf 88' lang='lat' dir='ltr'>pro·</span> 
     </span>
     <span class='ocr_line' id='line_1_97' title="bbox 1110 2528 1859 2579; baseline -0.004 -13"><span class='ocrx_word' id='word_1_492' title='bbox 1110 2533 1272 2579; x_wconf 84' lang='lat' dir='ltr'>prietatem</span> <span class='ocrx_word' id='word_1_493' title='bbox 1301 2539 1330 2565; x_wconf 86' lang='lat' dir='ltr'>et</span> <span class='ocrx_word' id='word_1_494' title='bbox 1358 2530 1533 2564; x_wconf 87' lang='lat' dir='ltr'>dominium</span> <span class='ocrx_word' id='word_1_495' title='bbox 1572 2529 1711 2564; x_wconf 84' lang='lat' dir='ltr'>eiusdem</span> <span class='ocrx_word' id='word_1_496' title='bbox 1747 2528 1859 2564; x_wconf 85' lang='lat' dir='ltr'>Eccle-</span> 
     </span>
     <span class='ocr_line' id='line_1_98' title="bbox 1109 2579 1858 2619; baseline -0.007 -3"><span class='ocrx_word' id='word_1_497' title='bbox 1109 2582 1172 2616; x_wconf 86' lang='lat' dir='ltr'>siae</span> <span class='ocrx_word' id='word_1_498' title='bbox 1206 2592 1405 2615; x_wconf 86' lang='lat' dir='ltr'>revocamus:</span> <span class='ocrx_word' id='word_1_499' title='bbox 1440 2579 1549 2614; x_wconf 89' lang='lat' dir='ltr'>eadem</span> <span class='ocrx_word' id='word_1_500' title='bbox 1584 2580 1721 2613; x_wconf 86' lang='lat' dir='ltr'>minores</span> <span class='ocrx_word' id='word_1_501' title='bbox 1749 2587 1858 2619; x_wconf 85' lang='lat' dir='ltr'>terras,</span> 
     </span>
     <span class='ocr_line' id='line_1_99' title="bbox 1110 2627 1857 2674; baseline -0.003 -10"><span class='ocrx_word' id='word_1_502' title='bbox 1110 2631 1265 2674; x_wconf 78' lang='lat' dir='ltr'>civitateS,</span> <span class='ocrx_word' id='word_1_503' title='bbox 1289 2637 1389 2664; x_wconf 83' lang='lat' dir='ltr'>castra</span> <span class='ocrx_word' id='word_1_504' title='bbox 1424 2637 1453 2662; x_wconf 86' lang='lat' dir='ltr'>ct</span> <span class='ocrx_word' id='word_1_505' title='bbox 1485 2628 1551 2663; x_wconf 86' lang='lat' dir='ltr'>loca</span> <span class='ocrx_word' id='word_1_506' title='bbox 1579 2628 1610 2661; x_wconf 89' lang='lat' dir='ltr'>in</span> <span class='ocrx_word' id='word_1_507' title='bbox 1637 2640 1675 2663; x_wconf 86' lang='lat' dir='ltr'>eo</span> <span class='ocrx_word' id='word_1_508' title='bbox 1697 2635 1798 2669; x_wconf 84' lang='lat' dir='ltr'>statu,</span> <span class='ocrx_word' id='word_1_509' title='bbox 1827 2627 1857 2662; x_wconf 90' lang='lat' dir='ltr'>in</span> 
     </span>
    </p>
   </div>
  </div>
 </body>
</html>
