2274 3265
109 285 159 310 An.
177 285 206 309 C.
228 284 292 310 tla30

118 855 146 875 De
164 854 293 879 recipiendis

110 887 164 906 iutra
185 885 282 905 Ordinem

141 2443 279 2469 Qualitanhus

122 2475 300 2500 recipiendorum

928 281 1093 304 MattTtNtts
1116 281 1134 302 V
1157 280 1205 302 Pr.

303 349 453 377 accenso,
472 349 603 385 corpore
625 337 796 376 denudato,
815 336 1046 383 disciplinatus,

305 400 413 433 panem
438 397 466 421 et
488 399 599 434 aquam
623 386 763 433 quotidie
789 386 970 429 comedens,
993 387 1048 420 de-

305 438 371 471 lleat
395 438 487 471 vitam
506 448 594 470 suam
611 437 640 470 in
655 435 861 470 amaritudine
876 444 906 469 et
929 435 1046 469 dolore:

303 487 383 521 circa
407 486 490 533 quod
513 486 537 519 si
562 486 687 532 praelati
703 485 819 519 luerint
842 484 1048 531 negligentes,

304 537 372 582 ipso
395 535 475 570 facto
497 536 561 569 suis
589 535 698 569 officiis
720 535 783 568 sint
807 534 926 581 privati.

526 607 600 651 Cap.
631 606 666 638 ΙΙ
694 607 837 650 Requlae.

354 677 465 719 Quoad
493 676 667 711 secundum
711 676 879 723 capitulum
916 675 1049 721 regulae.

305 727 447 767 Qualiter
470 726 608 760 volentes
631 726 735 760 venire.
762 725 800 759 ad
826 725 979 759 Ordinem
1003 737 1052 758 re-

306 776 473 821 cipiantur.

355 824 529 860 Statuimus
543 833 573 859 et
584 824 767 859 ordinamus
780 823 853 858 illud
866 824 1051 858 servandum

287 874 382 913 xfore,
399 874 481 920 quod
506 873 554 907 fel.
580 885 640 907 rec.
664 872 762 907 Nicol.
786 873 870 919 Papa
893 872 933 906 ΙΙΙ
956 872 1052 906 decla-

308 924 382 956 ravit
404 924 434 957 in
459 923 612 970 praedicta
628 922 797 966 Decretalt,
820 923 909 956 Exiit
930 925 986 966 qui
1014 935 1054 955 se-

305 974 413 1013 minat,
435 972 530 1019 §Sed
551 974 707 1017 quoniam,
731 971 782 1005 ubi
805 972 849 1005 sie
871 971 967 1004 dicit:
991 970 1052 1005 Sed

306 1022 454 1069 quoniam
480 1022 509 1055 in
538 1021 703 1056 desideriis
728 1022 840 1055 nostris
856 1020 915 1054 hoe
937 1021 1054 1066 geritur

307 1080 338 1105 ut
366 1071 404 1104 ad
432 1070 488 1105 Dei
512 1071 641 1117 gloriam
665 1071 750 1105 salus
774 1070 914 1116 proficiat
939 1070 1055 1103 anima-

305 1133 387 1164 rum,
410 1132 444 1154 ac
472 1121 576 1154 dictus
598 1120 696 1160 Ordo,
725 1132 777 1164 per
809 1131 902 1166 quem
941 1119 1054 1164 iugiter

305 1171 341 1204 ad
378 1182 515 1204 amorem
544 1170 683 1203 divinum
712 1168 833 1202 affectio
866 1167 1053 1201 christianae

309 1219 469 1265 religionis
483 1219 683 1257 accenditur,
703 1227 731 1252 et
756 1218 867 1251 merito
879 1224 909 1251 et
924 1229 1055 1250 numero

308 1277 468 1314 augeatur,
482 1268 687 1302 concedimus
709 1276 736 1301 et
763 1265 917 1313 praesenti
940 1274 1055 1300 statuto

308 1318 481 1358 firmamus,
498 1316 930 1362 licerenonsolumgenerali,
945 1315 999 1349 sed
1016 1327 1056 1349 e—

309 1368 379 1401 tiam
398 1366 640 1414 provincialibus
657 1366 818 1405 ministris,
836 1377 983 1410 personas
1007 1363 1056 1397 fu-

308 1414 899 1463 gientesasaeculoinfratresreciper·‚e
908 1425 987 1467 quae
1004 1413 1056 1445 mi-

308 1465 477 1499 nistrorum
492 1463 728 1511 provincialium
746 1463 871 1497 licentia
889 1474 1054 1509 peripsum

306 1513 495 1559 generalem,
510 1513 665 1560 siquidem
681 1513 826 1559 expedire
846 1513 966 1550 viderit,
983 1523 1056 1558 pos-

307 1564 346 1597 sit
387 1565 509 1597 arctari.
544 1562 660 1597 Vicarii
703 1574 774 1596 vero
818 1561 1054 1609 provincialium

309 1613 522 1646 ministrorum
550 1625 587 1646 ex
610 1612 711 1646 officio
740 1613 871 1645 vicariae
898 1611 1054 1644 licentiam

310 1662 389 1696 lianc
411 1662 469 1695 sibi
493 1662 636 1696 noverint
667 1660 875 1704 interdictam,
913 1659 972 1694 nisi
1002 1672 1056 1706 per

309 1711 467 1746 ministros
484 1711 625 1750 eosdem,
640 1710 756 1758 quibus
779 1709 838 1744 hoc
859 1710 1056 1744 committere

310 1773 400 1807 posse
428 1761 549 1795 vicariis
573 1768 602 1795 et
623 1760 690 1794 aliis
718 1760 809 1794 licere
843 1759 1056 1798 decernimus,

311 1811 369 1844 lioc
393 1810 470 1857 ipsis
493 1810 614 1844 vicariis
636 1809 814 1856 specialiter
832 1808 1054 1843 committatur.

310 1859 447 1894 Caveant
475 1868 577 1893 tamen
620 1859 677 1905 ipsi
721 1858 944 1906 provinciales,
971 1857 1054 1904 quod

311 1909 369 1943 ltoe
392 1921 453 1943 non
483 1909 659 1948 indiscrete,
689 1920 750 1942 non
779 1908 906 1955 passim,
930 1907 984 1941 sed
1013 1907 1057 1940 sie

310 1958 508 1993 considerate
531 1958 737 1997 committant,
759 1959 868 2003 sicque
889 1956 970 2000 illos,
986 1956 1057 2003 qui-

311 2008 368 2041 bus
391 2007 449 2042 hoc
465 2008 616 2042 committi
632 2007 809 2053 contigerit,
829 2005 972 2040 fidelibus
988 2017 1058 2040 con-

311 2057 388 2091 siliis
416 2057 553 2097 fulciant,
577 2057 660 2103 quod
689 2057 793 2090 omnia
824 2055 956 2089 discrete
986 2067 1058 2101 pro-

311 2107 432 2141 cedant.
460 2106 523 2140 Nec
565 2106 777 2140 indifferenter
804 2117 914 2140 omnes
942 2104 1058 2138 admit-

312 2165 417 2190 tantur
443 2156 478 2190 ad
502 2155 666 2194 Ordinem,
689 2155 742 2189 sed
770 2155 812 2188 illi
841 2162 974 2197 tantum,
992 2154 1057 2200 qui

312 2205 555 2251 suffragantibus
568 2205 612 2239 eis
628 2205 804 2240 literaturae
829 2203 995 2238 idoneitate
1013 2203 1056 2236 vel

313 2256 379 2289 aliis
414 2255 666 2295 circumstantiis,
704 2255 824 2301 possint
862 2253 954 2287 utiles
990 2264 1057 2286 esse

313 2304 422 2339 Ordini
428 2304 574 2351 sibique
599 2316 653 2352 per
670 2304 747 2338 vitae
764 2303 907 2337 meritum
933 2315 966 2335 ac.
990 2301 1058 2335 aliis

315 2355 463 2401 proficere
491 2366 545 2401 per
565 2354 754 2400 exemplum.
782 2352 866 2387 Haec
889 2351 1046 2386 Nicolaus

363 2404 537 2438 Statnimns
565 2403 693 2449 insuper
719 2412 749 2436 et
771 2403 953 2436 ordinamus
976 2400 1057 2447 qnod

316 2454 421 2488 nullus
441 2453 608 2501 recipiatur
630 2452 666 2487 ad
691 2452 841 2487 Ordinem
867 2450 924 2485 nisi
941 2462 1057 2484 annum

315 2503 621 2551 quartumdecimum
656 2502 873 2556 compleverit,
908 2500 999 2534 etiam
1034 2499 1058 2533 si

315 2553 435 2587 oblatus
458 2553 550 2587 fuerit
570 2565 586 2586 a
610 2552 800 2600 parentibus,
814 2551 872 2585 nisi
893 2562 947 2596 pro
973 2562 1060 2584 scan-

315 2603 384 2638 dalo
400 2602 555 2646 evitando,
572 2611 602 2636 ut
618 2602 643 2636 si
672 2601 774 2635 forsan
792 2601 869 2635 foret
884 2600 967 2634 lilius
985 2600 1060 2644 mili-

315 2653 352 2686 tis
370 2652 414 2686 vel
431 2653 602 2698 superioris
616 2651 786 2697 dignitatis.
807 2649 874 2684 Non
892 2649 1060 2696 recipiatur

395 2709 468 2739 Ball.
490 2709 564 2739 Rom.
594 2708 646 2737 voi.
665 2708 712 2737 IV.
858 2707 895 2736 93

1718 268 1785 300 737

1090 336 1202 382 aliquis
1211 335 1248 368 ad
1260 334 1497 382 professionem,
1507 334 1564 369 nisi
1575 346 1691 369 annum
1700 333 1835 380 comple-

1092 386 1167 418 verit
1184 384 1385 430 probationis.
1403 384 1440 418 Et
1459 385 1617 418 venientes
1633 384 1669 418 ad
1682 383 1833 418 Ordinem

1091 435 1255 480 diligenter
1288 435 1506 468 examinentur
1532 434 1571 467 de
1600 434 1659 467 fide
1683 433 1835 467 catholica

1091 492 1120 517 et
1155 483 1193 517 de
1232 484 1449 518 ecclesiasticis
1480 483 1701 523 sacramentis,
1738 491 1772 517 ut
1806 483 1834 517 in

1093 533 1198 579 rvssula
1231 533 1426 575 continetur,
1455 533 1494 566 ita
1517 533 1599 579 quod
1633 533 1696 566 sint
1731 532 1837 567 fideles

1093 582 1250 623 catholici,
1266 582 1347 615 etde
1370 581 1455 616 nullo
1478 594 1581 616 errore
1603 582 1756 628 suspecti,
1779 593 1836 615 ma-

1093 632 1238 666 trimonio
1255 644 1315 665 11011
1334 631 1416 676 ligati
1441 643 1494 677 per
1508 631 1653 685 copulam
1669 630 1837 669 carnalem

1093 693 1223 736 corpore
1249 681 1337 720 sani,
1377 680 1481 714 animo
1515 680 1671 726 prompti,
1700 680 1837 725 legitime

1095 731 1177 773 nati,
1201 730 1315 764 debitis
1342 729 1494 775 expediti,
1527 729 1706 763 conditione
1738 729 1838 768 liberi,

1095 779 1177 813 nulla
1205 779 1323 825 vulgari
1349 778 1472 812 infamia
1497 779 1603 817 notati,
1627 787 1840 823 competenter

1095 829 1217 871 literati,
1243 829 1288 862 vel
1305 827 1343 862 ad
1367 828 1442 861 alios
1465 827 1588 862 labores
1609 827 1755 861 fratribus
1781 827 1838 861 lto-

1097 888 1200 912 nestos
1226 885 1255 911 et
1279 877 1370 911 utiles
1388 877 1462 923 apti,
1485 884 1536 910 aut
1564 878 1633 910 talis
1651 876 1839 910 conditionis

1094 927 1272 967 existentes,
1295 926 1377 973 qnod
1401 938 1506 960 eorum
1531 926 1665 972 receptio
1699 925 1782 959 clero
1810 933 1840 959 et

1097 976 1213 1023 populo
1227 988 1286 1009 non
1304 975 1457 1009 modicam
1471 975 1708 1009 aedificationem
1723 974 1837 1008 alferat.

1147 1025 1183 1059 Et
1199 1025 1281 1071 qnod
1300 1026 1457 1059 venientes
1472 1024 1509 1058 ad
1529 1023 1679 1058 Ordinem
1695 1023 1733 1057 de
1749 1024 1839 1058 bonis

1096 1075 1162 1109 suis
1210 1074 1322 1108 faciant
1343 1074 1492 1121 quicquid
1520 1073 1677 1107 Dominus
1704 1073 1840 1119 inspira-

1098 1125 1173 1157 verit
1195 1125 1254 1165 eis,
1276 1123 1448 1157 secundum
1473 1122 1611 1168 regulam
1645 1131 1675 1156 et
1701 1122 1841 1156 declara-

1097 1173 1211 1207 tionem
1247 1172 1418 1207 Clementis
1440 1171 1465 1205 V
1490 1173 1519 1205 in
1550 1176 1564 1214 ἓ
1592 1173 1747 1205 Caeterum
1768 1173 1842 1216 quia

1098 1223 1210 1256 Christi
1230 1224 1390 1267 confessor,
1406 1221 1446 1255 ibi
1465 1221 1626 1255 versiculo:
1642 1220 1747 1262 Quum
1771 1232 1842 1255 vero

1099 1271 1197 1305 facere
1224 1271 1263 1305 de
1292 1271 1384 1305 rebus
1419 1270 1484 1304 suis
1505 1270 1588 1317 quod
1611 1268 1766 1303 Dominus
1788 1269 1843 1302 in-

1097 1320 1226 1366 spirabit
1248 1320 1302 1359 eis,
1318 1321 1415 1366 ipsam
1440 1319 1576 1364 regulam
1601 1317 1845 1364 ingredientibus

1098 1369 1233 1402 liberum
1257 1369 1328 1402 velit
1346 1381 1432 1408 esse,
1449 1381 1509 1402 non
1527 1368 1647 1402 videtur
1680 1367 1845 1413 prohibere

1097 1418 1171 1464 quin
1196 1418 1285 1452 liceat
1307 1419 1353 1452 eis
1380 1417 1532 1463 recipere,
1556 1416 1762 1451 consideratis
1783 1417 1846 1450 sci-

1098 1467 1169 1501 licet
1192 1479 1299 1501 eorum
1328 1465 1564 1501 necessitatibus
1586 1475 1615 1500 et
1652 1465 1846 1500 moderami-

1099 1516 1192 1550 nibus
1216 1516 1435 1550 declarationis
1457 1516 1516 1549 iam
1533 1515 1648 1559 dictae,
1670 1515 1696 1549 si
1712 1515 1788 1562 quid
1808 1514 1846 1549 de

1099 1566 1189 1600 bonis
1210 1566 1276 1600 suis
1299 1566 1429 1606 intrans,
1451 1565 1534 1599 sicut
1556 1573 1585 1599 et
1607 1565 1739 1599 caeteris
1763 1576 1846 1611 pau-

1099 1615 1225 1662 peribus
1258 1627 1313 1662 per
1347 1614 1474 1649 modum
1504 1615 1720 1661 eleemosynae
1752 1614 1846 1648 libere

1100 1664 1172 1699 velit
1194 1664 1278 1699 dare.

1148 1713 1223 1748 Item
1243 1714 1281 1747 de
1297 1712 1444 1760 qualitate
1466 1712 1601 1757 habitus,
1625 1725 1721 1760 quum
1739 1712 1845 1768 regula
1860 1723 1960 1775 ,Χοῑςιιμη
1975 1724 2044 1745 humi-

1886 1761 1896 1774 a

1099 1763 1190 1798 dieat:
1218 1763 1310 1805 Quod
1333 1762 1442 1797 fratres
1466 1775 1575 1797 omnes
1589 1763 1784 1798 vestimentis
1808 1763 1845 1796 vi-

1100 1813 1181 1847 libus
1201 1813 1389 1846 induantur:
1413 1812 1581 1847 statuimus
1603 1820 1633 1847 et
1654 1812 1846 1857 ordinamus,

1101 1872 1131 1896 ut
1155 1864 1184 1896 in
1206 1861 1405 1909 generalibus
1427 1862 1560 1896 Statutis
1588 1861 1737 1908 praedicti
1766 1860 1847 1896 Gui-

1100 1912 1183 1946 lelmi
1208 1912 1398 1954 continetur,
1421 1924 1489 1958 cap.
1517 1913 1550 1950 2,
1574 1911 1657 1958 quod
1682 1911 1847 1945 vestimen-

1100 1970 1202 1995 torum
1227 1960 1328 1995 vilitas
1355 1961 1531 1995 attendatur
1553 1962 1581 1995 in
1611 1960 1710 2007 pretio
1734 1961 1846 2015 pariter

1099 2019 1129 2044 et
1152 2010 1267 2049 colore,
1291 2010 1328 2044 ita
1353 2010 1436 2057 quod
1460 2022 1584 2057 semper
1606 2022 1636 2043 tn
1656 2010 1846 2044 vestimentis

1100 2060 1234 2094 reluceat
1256 2060 1416 2106 asperitas
1440 2060 1538 2093 vilitas
1561 2068 1590 2093 et
1614 2067 1790 2113 paupertas;
1817 2068 1846 2093 et

1101 2119 1132 2143 ut
1164 2109 1335 2155 ignorantia
1371 2109 1487 2143 nemini
1523 2109 1562 2142 sit
1588 2109 1710 2142 occasio
1737 2108 1845 2142 delin-

1100 2158 1231 2205 (piendi,
1258 2159 1440 2192 ordinamus
1471 2158 1554 2204 quod
1591 2169 1703 2191 omnes
1737 2157 1846 2191 fratres

1101 2208 1294 2242 vestimentis
1321 2207 1434 2241 talibus
1463 2206 1643 2251 induantur,
1670 2207 1753 2254 quod
1788 2219 1845 2240 nec

1100 2258 1161 2291 sint
1182 2257 1260 2291 adeo
1284 2257 1429 2303 pretiosa,
1448 2265 1479 2290 ut
1502 2256 1641 2290 videntes
1668 2269 1702 2290 ea
1726 2256 1764 2290 de
1786 2268 1845 2290 cu-

1102 2307 1239 2341 riositate
1261 2314 1290 2340 et
1319 2307 1453 2340 vanitate
1482 2314 1588 2340 notare
1615 2305 1760 2349 debeant,
1788 2317 1845 2339 nec

1102 2357 1139 2390 ita
1164 2356 1231 2390 vilia
1258 2366 1286 2390 et
1309 2368 1426 2401 grossa,
1449 2355 1531 2401 quod
1555 2355 1622 2402 ipsa
1651 2355 1790 2389 videntes
1814 2355 1844 2388 in

1102 2407 1260 2439 horrorem
1287 2406 1444 2445 inducant,
1469 2413 1498 2438 et
1516 2413 1682 2451 provocent
1704 2404 1740 2438 ad
1760 2404 1846 2439 deri-

1101 2468 1181 2489 sum.
1224 2454 1401 2499 Longitudo
1440 2462 1543 2487 antem
1587 2453 1728 2493 habitus,
1765 2453 1843 2488 ultra

1101 2505 1328 2550 longitudinem
1356 2503 1457 2538 fratris
1483 2503 1661 2543 deferentis,
1694 2504 1762 2538 talis
1793 2505 1844 2547 sit,

1101 2554 1185 2601 qnod
1210 2566 1266 2588 nec
1289 2553 1365 2600 plica
1389 2553 1467 2587 ultra
1489 2562 1621 2599 quatuor
1641 2553 1755 2599 digitos
1778 2566 1846 2600 pro-

1102 2603 1255 2644 tendatur,
1278 2615 1334 2637 nec
1356 2603 1394 2636 ita
1418 2602 1518 2637 brevis
1539 2603 1614 2650 quin
1636 2602 1728 2637 corda
1750 2614 1787 2637 ex
1809 2615 1843 2638 ea

1102 2654 1199 2688 valeat
1226 2653 1350 2700 operiri.
1386 2652 1533 2686 Latitudo
1564 2664 1636 2687 vero
1669 2652 1777 2689 decem
1813 2661 1842 2689 et

1851 279 1890 306 An
1920 278 2030 308 (3111150
