2274 3265
109 268 157 294 Αη.
175 266 203 291 C.
222 266 286 293 1591

117 1065 246 1086 Seven-donni
253 1072 284 1086 uin

110 1096 284 1117 conferendorum

101 1129 132 1147 ins
149 1131 229 1147 tu-ineie

100 1162 195 1184 eupolum

904 264 1096 287 BONtFACtUS
1125 265 1157 286 lx
1187 265 1234 287 ΡΙ).

1729 255 1797 288 607

303 318 445 353 divinum
469 319 629 354 servitium
652 329 682 355 et
709 320 766 355 alia
789 332 882 355 onera
907 319 980 354 inde
1003 332 1055 353 or·
1099 319 1203 354 nullae
1230 319 1413 355 collationes
1435 333 1490 355 seu
1508 321 1705 368 provisiones
1721 321 1759 356 de
1782 321 1848 356 Ro-

303 367 407 403 dinata
425 368 576 404 baberent
590 382 699 404 eornm
718 370 900 405 collationes
914 378 944 404 et
964 381 1054 416 prae-

303 419 493 453 sentationes
523 419 630 462 libere,
658 427 687 453 (ῑ
724 432 777 466 per
811 420 939 454 modum
973 420 1053 453 sient

303 468 425 502 t'nerant
447 477 587 504 servatae
610 481 666 516 per
686 481 761 503 snos
783 469 961 511 donatores,
981 469 1052 503 etin

302 529 375 552 casu
400 530 463 564 quo
484 518 523 551 de
544 519 649 565 aliquo
676 519 958 566 archiepiscopatu,
985 518 1054 564 epi-

302 575 456 614 scop:,nn
490 567 641 614 dignitate
676 568 721 602 vel
757 568 819 603 alio
852 580 1053 624 quocumque

303 616 457 651 beneficio
485 618 665 661 reservatio,
693 617 817 653 collatio
840 618 885 653 vel
918 618 1053 674 provisio

303 666 381 700 facta
406 666 507 701 forent
524 678 578 714 per
592 666 722 702 Curiam
745 667 950 702 Romanam
944 680 973 702 in
992 667 1053 701 ini-

304 716 520 761 pedimentum
546 717 749 761 electionum,
776 717 976 752 collationum
996 730 1051 752 seu

302 766 589 811 praesentationum
626 745 775 814 superiiis
811 779 1052 823 expressarum,

300 816 384 861 qnod
413 823 487 849 tunc
521 815 630 850 eodem
660 825 801 863 tempore
831 818 1051 856 vacationum

300 877 363 919 quo
379 864 456 899 tales
478 866 716 909 reservationes,
732 866 916 901 collationes
933 875 961 901 et
979 879 1052 914 pro-

301 913 438 948 visiones
454 914 605 949 deberent
620 928 731 962 capere
747 916 905 955 effectum,
920 916 958 951 de
973 917 1053 950 eius-

300 963 371 997 dem
396 963 609 999 vacationibus
639 978 689 999 tex
719 966 868 1012 Anotiae,
896 966 948 1012 qui
979 974 1052 1000 tunc

300 1021 394 1053 esset,
416 1013 543 1048 baberet
577 1023 606 1048 et
632 1014 784 1060 gauderet
819 1028 874 1062 pro
908 1016 956 1050 illa
986 1015 1051 1049 vice

299 1062 484 1097 collationes
510 1063 548 1097 ad
583 1065 898 1111 archiepiscopatus,
925 1065 1052 1112 episco-

247 1135 285 1147 0.--
301 1121 390 1158 patus
416 1121 446 1146 et
481 1112 559 1147 alias
585 1114 752 1159 dignitates
774 1114 942 1155 electivas,
970 1127 1051 1161 quae

299 1171 403 1196 essent
431 1163 469 1196 de
496 1175 554 1197 sno
586 1172 774 1210 patronatu,
811 1164 934 1206 taliter,
969 1165 1051 1198 sicut

300 1213 517 1258 progenitores
527 1212 599 1247 dicti
616 1213 759 1247 Edwardi
772 1214 864 1259 regis,
878 1214 1051 1247 ordinantis

297 1261 357 1295 sub
379 1270 460 1296 certa
484 1261 583 1296 forma
611 1271 640 1296 et
667 1262 870 1303 conditione,
906 1262 1050 1297 videlicet

297 1310 334 1344 ad
364 1311 533 1358 petendum
557 1311 712 1346 licentiam
735 1312 817 1357 regis
833 1311 872 1345 de
887 1311 1047 1358 eligendo,

297 1369 326 1394 et
346 1368 415 1407 post
437 1361 623 1395 electionem
649 1360 759 1395 factam
783 1360 822 1394 de
845 1360 990 1395 babendo
1005 1373 1049 1395 as-

296 1422 423 1444 sensum
452 1410 589 1456 regium,
609 1418 638 1443 et
662 1411 747 1444 nullo
770 1410 830 1444 alio
853 1410 963 1444 modo:
992 1411 1047 1444 etsi

295 1459 334 1492 de
368 1459 472 1506 aliqua
510 1459 605 1493 domo
644 1459 860 1505 religiosorum
897 1459 935 1494 de
970 1459 1049 1494 fun—

294 1508 420 1543 datione
453 1521 508 1542 seu
545 1517 708 1555 patronatu
744 1510 825 1556 regis
862 1509 937 1543 facta
970 1509 1048 1544 foret

295 1558 364 1592 talis
398 1559 589 1597 reservatio,
625 1559 748 1593 collatio
777 1559 822 1593 vel
852 1559 989 1606 provisio
1018 1559 1046 1593 in

295 1607 555 1654 impedimentum
584 1608 700 1642 liberae
723 1609 896 1647 electionis,
921 1609 1048 1643 baberet

294 1658 399 1692 dictus
427 1670 490 1701 rex,
514 1658 567 1705 qui
591 1667 664 1692 tnnc
692 1667 786 1701 esset,
811 1658 859 1692 illa
885 1659 950 1693 vice
981 1659 1048 1692 col—

295 1708 440 1742 lationem
463 1707 500 1741 ad
527 1707 708 1743 donandum
732 1708 830 1755 ipsam
863 1709 1045 1755 dignitatem

294 1758 385 1791 alicui
423 1769 574 1805 personae
603 1758 739 1793 idoneae:
763 1767 793 1792 ct
822 1758 851 1792 in
881 1771 954 1793 casu
983 1771 1047 1806 qno

294 1808 431 1847 collatio,
454 1809 624 1842 reservatio
648 1809 692 1842 vel
710 1808 845 1854 provisio
869 1808 944 1842 sacta
971 1807 1047 1843 foret

295 1858 324 1890 in
352 1856 495 1890 Romana
524 1856 618 1891 Curia
647 1857 685 1891 de
707 1858 809 1903 aliqua
834 1857 1045 1892 ecclesiastica

296 1906 471 1952 praebenda
502 1906 547 1939 vel
575 1906 636 1940 alio
660 1906 823 1949 beneficio,
845 1919 925 1954 quae
948 1907 1047 1942 forent

295 1956 332 1987 de
369 1963 531 2001 patronatu
572 1956 713 2001 gentium
755 1956 855 1990 dictae
889 1956 1047 1991 Ecclesiae

295 2004 504 2049 Anglicanae,
529 2007 612 2039 unde
635 2017 686 2039 rex
710 2006 856 2052 superins
878 2016 959 2041 esset
981 2006 1047 2041 fun-

294 2055 384 2088 dator
406 2053 626 2095 immediatns3
651 2063 724 2089 tnnc
762 2055 872 2090 eodem
906 2065 1046 2103 tempore

296 2104 487 2143 vacationis,
527 2104 564 2138 ad
600 2104 684 2151 qnod
720 2114 843 2152 tenipus
866 2106 1045 2147 reservatio

294 2154 418 2188 collatio
446 2166 501 2188 seu
532 2155 667 2201 provisio
694 2154 862 2194 deberent,
893 2164 924 2190 ut
957 2168 1046 2202 prae-

296 2204 440 2242 mittitur,
460 2216 572 2250 capere
595 2204 753 2247 effectum,
777 2205 882 2239 dictus
905 2217 969 2244 rex,
992 2218 1043 2252 (μιι

295 2262 368 2287 tnnc
391 2263 486 2298 esset,
515 2254 639 2288 baberet
669 2254 867 2289 collationem
895 2262 925 2288 et
949 2267 1045 2301 prac-

295 2304 501 2338 sentationem
527 2316 581 2350 pro
605 2304 654 2338 illa
678 2304 755 2348 vice,
783 2313 815 2339 et
841 2305 885 2338 sic
907 2305 945 2338 de
965 2314 1046 2339 tem-

295 2366 368 2398 pore
393 2353 421 2387 in
451 2362 575 2399 tempus
607 2354 643 2387 ad
668 2366 778 2388 omues
807 2354 900 2394 vices,
928 2354 1045 2401 quibus

296 2404 370 2436 tales
401 2412 511 2449 gentes
540 2403 639 2437 dietae
663 2403 821 2438 Ecclesiae
854 2404 1044 2450 Anglicanae,

295 2453 395 2486 forent
428 2453 596 2501 impeditae
624 2453 663 2487 de
692 2454 828 2500 ipsarum
864 2462 1045 2501 praesenta-

295 2502 432 2536 tionibus
455 2511 483 2537 et
511 2503 732 2537 collationibus
760 2516 813 2550 per
841 2504 916 2538 tales
943 2516 1044 2539 reser-

296 2553 445 2596 uniones,
461 2553 643 2587 collationes
658 2565 713 2587 seu
733 2554 936 2600 provisiones,
952 2563 1043 2601 prout

295 2603 441 2647 superius
479 2611 525 2636 est
566 2603 771 2650 descriptum.
813 2603 905 2638 Salvo
940 2613 1042 2638 {anien

295 2653 361 2686 iure
385 2660 567 2699 patronatus
584 2662 612 2687 et
630 2654 903 2700 praesentationis,
919 2654 1044 2701 quando

1097 380 1187 402 mana
1213 368 1308 404 Curia
1329 369 1401 403 inde
1425 369 1502 405 facta
1529 370 1641 409 forent
1659 370 1705 405 vel
1721 373 1849 418 qnando

1096 418 1198 453 dictae
1225 427 1334 464 gentes
1357 419 1514 455 Ecclesiae
1537 420 1730 467 Anglicanae
1750 421 1849 455 liabe-

1097 476 1165 502 rent
1187 477 1217 502 et
1239 468 1352 503 vellent
1379 469 1416 503 ad
1444 470 1552 503 eadem
1582 469 1732 505 beneficia
1758 483 1849 517 prae-

1095 525 1218 551 sentare
1235 518 1280 553 vel
1296 518 1494 553 collationem
1512 519 1625 557 facere,
1653 528 1681 554 ct
1705 532 1847 567 praesen-

1096 567 1148 601 tati
1177 568 1224 601 sui
1262 576 1390 615 possent
1416 568 1560 603 effectum
1593 569 1794 604 collationum
1819 580 1847 605 et

1097 618 1386 664 praesentationnm
1415 630 1542 652 suarum
1567 618 1715 664 gaudere,
1743 628 1847 654 eteo-

1095 667 1165 701 dem
1194 667 1288 702 modo
1316 666 1467 703 baberent
1491 668 1623 715 quilibet
1647 669 1725 703 alter
1745 670 1848 704 cuius-

1094 729 1230 764 cumque
1244 717 1433 752 conditionis
1452 717 1553 752 facere
1581 720 1848 764 praesentationes

1095 767 1140 801 vel
1164 766 1348 802 collationes
1383 767 1419 801 ad
1458 767 1573 802 domus
1601 768 1846 814 religiosorum,

1094 828 1175 862 quae
1199 816 1299 851 forent
1325 817 1365 852 de
1386 829 1443 851 sno
1467 825 1631 865 patronatu
1663 828 1693 853 et
1726 818 1762 853 ad
1792 819 1847 853 be-

1095 866 1203 900 neficia
1226 867 1438 902 ecclesiastica
1456 868 1642 915 pertinentia
1663 867 1699 902 ad
1720 868 1845 903 casdem

1095 915 1216 951 domos.
1240 917 1306 952 Etsi
1337 917 1413 951 tales
1435 918 1556 964 patroni
1579 930 1641 952 non
1667 926 1848 965 praesenta—

1095 974 1162 999 rent
1201 966 1238 1001 ad
1272 966 1342 1001 talia
1381 966 1532 1002 beneficia
1570 967 1647 1002 infra
1678 967 1845 1003 dimidium

1093 1027 1224 1056 annum,
1251 1017 1420 1063 episcopus
1443 1016 1502 1051 loci
1525 1016 1680 1051 conferret
1703 1030 1757 1064 per
1779 1017 1847 1065 lap-

1093 1077 1163 1098 sum
1188 1067 1339 1112 temporis
1367 1065 1444 1100 infra
1481 1079 1579 1101 unum
1602 1079 1743 1101 mensem
1775 1076 1845 1114 post

1093 1114 1210 1148 dictum
1234 1115 1401 1150 dimidium
1418 1128 1546 1156 annum,
1566 1124 1640 1151 tunc
1667 1116 1769 1151 dictus
1794 1130 1846 1151 rex

1094 1164 1202 1198 talium
1239 1164 1463 1200 beneficiorum
1501 1165 1631 1201 liaberet
1664 1175 1846 1213 praesenta-

1094 1213 1194 1248 tiones
1215 1223 1245 1248 et
1268 1215 1463 1253 collationes,
1490 1215 1573 1250 sicut
1595 1215 1689 1250 babet
1715 1216 1754 1250 de
1776 1217 1845 1250 aliis

1092 1262 1131 1296 de
1160 1270 1323 1310 patronatu
1346 1276 1403 1299 seu
1427 1264 1613 1299 fundatione
1645 1266 1782 1312 propria,
1815 1274 1845 1300 et

1092 1312 1121 1345 in
1145 1324 1217 1346 casu
1240 1325 1302 1360 quo
1331 1314 1518 1360 praesentati
1542 1314 1673 1349 aliorum
1698 1323 1845 1361 patrono-

1092 1373 1159 1394 rum
1184 1361 1231 1396 vel
1255 1363 1293 1397 de
1320 1375 1428 1397 eornm
1466 1363 1695 1407 fundatoribus,
1727 1363 1772 1398 vel
1790 1364 1844 1403 illi,

1091 1410 1207 1456 quibus
1244 1423 1295 1446 rex
1338 1412 1382 1446 vel
1420 1412 1541 1460 patroni
1574 1425 1630 1447 seu
1663 1413 1845 1448 fundatores

1092 1460 1272 1495 lininsrnodi
1293 1461 1464 1496 donassent
1487 1461 1637 1496 beneficia
1658 1463 1843 1510 pertinentia

1090 1509 1127 1543 ad
1151 1522 1259 1545 eorum
1281 1513 1548 1558 praesentationes
1569 1524 1623 1547 sen
1648 1512 1843 1568 collationeS,

1090 1569 1196 1594 essent
1224 1561 1365 1608 impediti
1390 1574 1445 1608 per
1472 1562 1548 1595 tales
1580 1563 1768 1617 provisores,
1803 1563 1843 1597 ita

1090 1609 1175 1655 qnod
1202 1623 1262 1645 non
1284 1620 1411 1658 possent
1428 1611 1543 1645 babere
1568 1624 1783 1668 possessiones
1805 1612 1843 1646 de

1090 1658 1204 1693 talibus
1231 1660 1393 1696 benefieiis
1414 1662 1525 1695 virtute
1554 1662 1842 1707 praesentatiooum

1089 1720 1143 1742 seu
1168 1710 1368 1745 collationum
1397 1711 1442 1745 sic
1469 1712 1514 1745 eis
1541 1710 1704 1752 factarum,
1721 1711 1842 1753 velilli,

1089 1759 1142 1805 qui
1166 1769 1272 1794 essent
1300 1760 1330 1795 in
1359 1761 1559 1807 possessione
1584 1761 1692 1796 talium
1722 1761 1844 1796 benefi-

1089 1809 1221 1849 ciorum
1245 1809 1347 1845 forent
1378 1811 1518 1858 impediti
1541 1823 1637 1857 super
1660 1812 1841 1846 huiusmodi

1088 1859 1154 1892 suis
1183 1860 1437 1904 possessionibus
1465 1873 1520 1907 per
1549 1860 1625 1894 tales
1653 1862 1841 1908 provisores,

1089 1915 1164 1942 tunc
1179 1918 1282 1943 essent
1297 1909 1479 1944 liuinstnodi
1496 1911 1673 1957 provisores
1688 1920 1717 1944 et
1732 1923 1840 1946 eorum

1090 1967 1310 2013 procuratores
1328 1969 1357 1993 et
1385 1969 1596 2007 exequutores
1618 1968 1647 1994 et
1669 1962 1777 1995 notarii
1801 1970 1842 1996 at-

1089 2007 1177 2041 taclii
1173 2009 1212 2041 iti
1237 2011 1280 2052 (1)
1304 2022 1339 2056 pv
1345 2023 1357 2043 r
1371 2022 1478 2044 eornm
1499 2022 1629 2056 corpora
1646 2019 1677 2046 et
1694 2011 1785 2058 positi
1801 2011 1840 2045 ad

1089 2058 1325 2104 responsionem
1342 2071 1442 2104 suani,
1465 2068 1495 2094 et
1515 2060 1540 2093 si
1565 2059 1664 2094 forent
1686 2061 1839 2099 convicti,

1089 2116 1252 2142 manerent
1275 2109 1303 2142 in
1325 2121 1455 2156 persona
1478 2109 1597 2156 absque
1615 2109 1840 2144 deliberatione

1087 2155 1124 2190 ad
1149 2167 1426 2205 manucaptionem
1452 2172 1481 2193 in
1506 2160 1627 2198 valnna,
1652 2172 1707 2193 nee
1735 2168 1838 2194 essent

1088 2205 1275 2246 delibe,rati
1304 2217 1470 2256 antequam
1507 2208 1640 2243 facerent
1665 2221 1753 2243 snam
1789 2221 1840 2244 re-

1087 2236 1300 2303 demff‘itioncin
1343 2259 1425 2292 dicto
1465 2259 1528 2304 regi
1565 2258 1603 2293 ad
1647 2258 1836 2294 voluntatem

1087 2318 1175 2340 suam
1206 2319 1326 2341 necnon
1357 2308 1601 2342 satisfactionem
1634 2309 1728 2355 parti⁷
1759 2322 1839 2356 qnae

1087 2367 1120 2389 se
1142 2357 1271 2391 sentiret
1294 2366 1468 2404 gravatam:
1496 2366 1526 2391 et
1549 2357 1753 2392 nibilominus
1779 2371 1838 2393 an-

1088 2419 1212 2457 tequam
1228 2420 1332 2447 essent
1359 2412 1534 2456 deliberati,
1554 2412 1689 2446 facerent
1713 2413 1836 2460 plenam

1088 2466 1357 2501 renunciationem
1374 2475 1403 2500 et
1430 2467 1605 2501 invenirent
1627 2466 1835 2502 sufficientem

1122 2540 1161 2575 (l)
1190 2544 1354 2572 Attaehiore,
1385 2543 1559 2573 ‹rttnrhiator‚
1590 2544 1836 2573 attachiamentum,

1088 2590 1166 2608 voces
1182 2582 1298 2608 forenses
1313 2581 1382 2616 apud
1405 2582 1501 2615 Angtos
1525 2581 1649 2616 leguleios
1673 2582 1836 2616 frequentes,

1086 2631 1098 2648 a
1115 2622 1211 2648 Gallico
1230 2624 1350 2648 attaclier
1365 2622 1502 2648 deductae.
1522 2623 1565 2649 Est
1582 2623 1651 2649 enim
1671 2625 1835 2655 Aimoniai-e,

1088 2674 1161 2693 renm
1179 2667 1287 2697 vincire,
1305 2666 1384 2700 ligare
1400 2667 1452 2700 (Du
1480 2667 1585 2701 Gange)⁴

1864 264 1912 292 An.
1931 264 1958 290 C.
1978 265 2041 291 139¹
