2274 3265
213 256 262 281 An:
280 254 309 281 C.
330 256 397 283 ¹355

211 1116 313 1138 Extennto
351 1118 387 1144 {de

203 1154 242 1174 qua
252 1149 272 1168 in
284 1148 386 1175 rubi-tu).

231 1916 351 1940 Clausulam

463 246 532 278 :si-t

410 309 576 355 cupientes
598 307 699 342 eidem
716 307 876 342 Ecclesiae
895 307 1045 343 adversus
1060 309 1162 344 huius-

410 362 492 396 modi
522 361 787 408 praesumptionis
813 360 974 396 audaciam
1010 362 1163 409 apostoli-

408 428 479 450 cum
498 416 609 450 adesse
625 414 817 462 praesidium
836 423 866 449 et
882 415 1030 458 favorem,
1053 425 1086 450 ut
1105 417 1162 456 eis,

407 482 488 515 quos
515 469 609 503 timor
632 468 688 503 Dei
711 481 726 502 a
751 469 832 503 malo
855 481 917 503 non
942 479 1078 512 revocat,
1102 481 1161 504 ma—

408 521 548 568 lignandi
567 521 724 557 licentiam
749 534 921 568 poenarum
945 523 1095 569 asperitas
1111 523 1162 556 in-

407 575 563 615 terdicat,
598 576 937 610 excommunicationis
974 585 1003 610 et
1030 577 1160 610 anatlie-

408 629 499 663 matis
513 641 549 663 ac
564 629 640 663 alias
655 641 765 663 omnes
787 639 815 663 et
832 630 973 675 singulas
988 630 1160 663 sententias

406 690 435 715 et
459 694 578 729 poenas
600 683 779 730 spirituales
806 692 834 717 et
868 683 1056 729 temporales
1083 695 1160 717 eon-

406 744 450 770 tra
479 737 639 771 invasores
660 747 690 771 et
726 737 962 783 impugnatores
996 749 1031 770 ac
1063 749 1159 771 orcu-

407 797 530 836 patores
556 791 732 831 civitatum,
772 799 939 831 terrarum,
972 800 1159 833 castrorum,

405 843 545 878 locorum
573 853 602 878 et
639 844 754 878 iurium
783 842 941 878 Ecclesiae
972 843 1133 878 Romanae
1151 872 1158 884 ‚

404 898 454 932 cui
476 907 603 933 auctore
619 897 755 933 Domino
778 897 1005 945 praesidemus,
1031 910 1066 932 ac
1089 899 1157 932 fau—

404 962 501 997 tores,
523 951 753 996 consiliatoreS,
779 950 980 986 auxiliatores
1003 960 1032 985 et
1065 951 1158 986 adiu-

403 1014 486 1040 tores
513 1018 625 1040 eorum
649 1018 705 1053 per
732 1013 856 1040 nostros
877 1013 906 1039 et
929 1017 1157 1052 quorumcum-

402 1071 464 1105 que
497 1059 631 1094 aliorum
668 1058 946 1105 praedecessorum
976 1067 1155 1093 nostrorum

403 1111 619 1147 Romanorum
655 1112 846 1147 Pontificum
882 1124 1048 1159 processus
1083 1126 1156 1160 pro-

401 1165 558 1211 mulgatas
584 1173 616 1201 et
638 1166 776 1201 inflictas
799 1166 836 1200 ad
873 1167 1053 1207 invasores,
1094 1168 1157 1201 im—

402 1229 594 1266 pugnatores
617 1228 646 1254 et
664 1228 871 1268 occupatores
893 1229 1082 1265 castrorum,
1104 1223 1155 1255 vil-

401 1275 512 1314 larum,
538 1274 774 1313 fortalitiorum,
802 1283 982 1318 terrarum,
1014 1274 1153 1309 locorum

400 1340 434 1361 ac
457 1328 587 1361 aliorum
612 1327 768 1362 bonorum
798 1336 827 1361 et
861 1329 975 1362 iuriuin
999 1340 1155 1375 quorum-

399 1393 535 1428 cumque
562 1381 599 1416 ad
623 1381 721 1427 ipsam
751 1380 926 1415 Ecclesiam
954 1381 1152 1417 Aveuionen.

400 1433 580 1469 immediate
603 1435 649 1469 vel
679 1434 813 1469 mediate
840 1436 1052 1481 spectantium
1085 1448 1154 1470 om-

398 1488 485 1521 nium
533 1497 563 1522 et
607 1489 825 1535 singulorum,
852 1502 887 1523 ac
916 1490 1152 1532 consiliatores,

398 1541 610 1583 auxiliatores,
639 1543 785 1585 fautores,
815 1543 973 1577 adiutores
992 1551 1021 1577 et
1042 1543 1152 1578 defen-

397 1607 484 1629 sores
510 1607 619 1629 eorum
641 1597 826 1630 auctoritate
853 1598 1021 1643 apostolica
1049 1606 1152 1632 exten-

396 1649 500 1682 dimus
533 1660 568 1683 ac
612 1650 704 1683 etiam
743 1662 972 1696 prorogamus*
1013 1651 1152 1686 volentes

395 1703 613 1737 extensionem
636 1711 666 1737 et
690 1705 943 1749 prorogationem
966 1705 1151 1740 huiusmodi

396 1756 529 1791 durante
551 1757 826 1792 administratione
850 1758 1031 1792 huiusmodi
1061 1759 1152 1794 dura-

397 1818 492 1845 turas.

445 1863 530 1899 Nulli
566 1876 640 1911 ergo
681 1865 813 1900 omnino
852 1866 1018 1901 hominum
1058 1867 1152 1902 liceat

397 1917 477 1952 lianc
499 1919 647 1965 paginam
676 1929 800 1955 nostrae
834 1921 1070 1956 constitutionis
1102 1922 1152 1956 in-

396 1970 534 2019 fringere
555 1981 608 2007 etc.
827 2011 831 2015 ,

445 2024 561 2060 Datum
589 2026 753 2062 Avenione
790 2028 958 2063 undecimo
1001 2028 1151 2063 kalendas

397 2078 488 2121 iunii,
511 2079 711 2126 pontificatus
739 2082 836 2116 nostri
863 2094 946 2116 anno
973 2081 1075 2116 tertio.

445 2140 507 2171 Dat.
526 2141 573 2171 die
591 2141 629 2171 22
648 2143 717 2172 maii
738 2143 824 2180 1355,
843 2142 946 2182 pontis.
970 2152 1046 2172 anno
1065 2152 1105 2173 ιιι.

748 2317 800 2351 ΙΧ.

399 2397 561 2430 Innovacio
591 2399 806 2431 sententiarum
827 2398 985 2431 Clementis
1010 2397 1077 2430 ΡΡ.
1110 2398 1155 2430 VI

447 2458 555 2484 contra
575 2453 681 2485 dantes
703 2453 747 2484 vel
768 2453 954 2496 acquirentes
981 2452 1151 2485 dominium

449 2512 503 2537 aut
538 2506 775 2539 iurisdictionem
809 2507 855 2539 vel
891 2507 1151 2551 praeeminentiam

450 2566 503 2591 aut
530 2560 745 2603 obligationem
774 2572 863 2604 super
885 2562 992 2594 castris
1021 2568 1047 2593 et
1081 2561 1153 2593 locis

452 2611 640 2646 Patrimonii
662 2613 754 2646 Beati·
781 2613 867 2647 Petri
893 2616 925 2646 in
947 2614 1069 2653 Tuscia,
1097 2620 1151 2647 ant

998 255 1184 277 BULLAntUM
1214 255 1302 276 ROMA
1309 255 1373 276 Nt'm

1974 256 2024 280 Αιι.
2045 254 2073 280 C.
2088 254 2156 280 1555

1255 311 1468 352 ququOHlolJt)
1496 321 1529 341 etl
1557 316 1750 354 OCCUPGIUCS,
1770 312 1957 343 eal'ulssdssln·

1254 369 1310 401 que
1331 358 1466 389 extensio
1489 358 1530 390 ad
1557 359 1635 390 alias
1656 359 1834 401 provincias
1851 359 1958 392 Status

1255 406 1459 439 Ecclesiastico·
1484 407 1537 449 (1).

1474 474 1689 504 SUMMARIUM

1204 535 1392 565 Prooemium.
1417 553 1454 558 -—
1478 538 1503 566 1.
1523 537 1545 566 Α
1574 535 1723 567 Clemente
1747 536 1780 567 Vt
1805 538 1958 568 innovatae

1243 579 1419 610 Pontificum
1439 581 1678 617 constitutiones,
1700 581 1821 620 quibus,
1836 591 1872 611 ne
1891 583 1958 621 quis

1243 624 1407 653 dominium
1440 630 1489 654 aut
1519 625 1770 664 praeeminentiam
1806 625 1894 655 ullam
1929 627 1958 655 in

1244 668 1329 697 terris
1366 668 1538 698 Patrimonii
1572 668 1601 698 B.
1634 668 1712 698 Petri
1745 669 1802 699 sibi
1832 670 1959 700 vindicet

1243 711 1424 750 prohibetur.
1449 729 1488 734 —
1510 713 1649 742 Adiectae
1668 713 1704 742 ab
1723 713 1826 743 eodem
1847 723 1958 752 poenae

1242 760 1341 785 contra
1366 756 1581 786 inobedientes.
1604 773 1643 779 —-
1665 756 1693 786 2.
1719 756 1749 786 ln
1773 758 1954 788 contrarium

1241 805 1304 829 acta
1329 800 1441 830 viribus
1464 805 1595 830 vacuata.
1622 818 1661 823 —
1682 801 1708 830 3.
1732 800 1855 831 Cautum
1880 811 1956 841 quo-

1241 854 1307 883 que,
1331 854 1366 874 ne
1380 846 1447 884 quis
1467 851 1559 875 terras
1588 846 1705 875 easdem
1729 846 1861 885 quolibet
1879 857 1956 886 prae-

1242 895 1318 919 textu
1354 899 1498 929 usurpare
1530 890 1596 927 sibi,
1629 896 1678 920 aut
1710 900 1811 920 earum
1845 892 1958 922 incolas

1242 935 1399 964 molestare
1422 936 1553 971 auderet,
1580 937 1724 966 innovatis
1743 937 1777 966 ad
1799 937 1852 966 hoc
1875 937 1957 968 loan-

1241 979 1286 1007 nis
1308 978 1379 1008 xxti
1402 979 1506 1008 literis.
1529 997 1567 1001 —
1587 980 1616 1009 4.
1640 980 1786 1010 Laudatae
1809 981 1956 1011 constitu-

1241 1023 1336 1051 tiones
1355 1023 1390 1052 atl
1414 1033 1516 1052 omnes
1541 1028 1643 1057 terras,
1674 1029 1848 1063 caeteraque
1871 1024 1955 1055 Rom.

1239 1066 1389 1096 Ecclesiae
1409 1067 1471 1097 iura
1492 1069 1699 1097 extenduntur.
1723 1085 1761 1090 -
1788 1068 1956 1099 Clausulae.

1217 1134 1390 1162 innocentius
1418 1134 1560 1169 episcopus
1589 1140 1686 1163 servus
1713 1141 1853 1163 servorum
1877 1134 1934 1169 Dei,

1357 1183 1390 1211 ad
1410 1182 1536 1211 futui-am
1564 1184 1605 1211 rei
1629 1183 1798 1211 memoriam.

1248 1245 1465 1280 Ecclesiarum
1495 1245 1652 1285 oninium,
1675 1257 1823 1292 quarum,
1846 1245 1955 1292 dispo·
1995 1262 2128 1283 mmmmm.

1199 1303 1292 1328 neiite
1308 1295 1458 1334 Domin,
1479 1307 1586 1329 curam
1619 1296 1772 1340 gerimus,
1800 1295 1956 1330 debemus

1200 1343 1360 1389 invigilare
1373 1343 1567 1390 profectibus
1581 1352 1611 1377 et
1627 1344 1792 1390 providere
1811 1344 1954 1385 sollicite,

1199 1405 1236 1426 ue
1259 1405 1387 1427 suorum
1411 1392 1598 1427 detrimenta
1628 1394 1742 1427 iurium
1780 1394 1951 1439 patiantur:

1196 1441 1251 1475 sed
1274 1441 1436 1476 Romanae
1460 1441 1620 1476 Ecclesiae
1652 1454 1789 1489 sponsae
1827 1452 1954 1478 nostrae

1195 1502 1233 1524 eo
1263 1499 1408 1525 tenemur
1448 1491 1626 1536 vigilantius
1663 1491 1826 1526 intendere
1864 1504 1953 1526 com-

1197 1540 1300 1574 modis
1314 1549 1343 1574 et
1364 1540 1541 1586 dispendiis
1555 1540 1693 1583 obviare⁷
1708 1540 1771 1587 quo
1793 1540 1954 1576 Ecclesiae

1195 1589 1335 1635 reliquae
1384 1597 1545 1635 pastorum
1560 1616 1569 1631 ‚
1603 1589 1722 1635 quibus
1763 1590 1953 1625 commissae

1194 1647 1279 1679 sunt,
1296 1639 1325 1672 in
1343 1638 1631 1684 opportunitatibus
1645 1651 1752 1672 earum
1767 1640 1952 1674 muniuntur

1194 1688 1335 1722 auxiliis:
1366 1688 1443 1721 haec
1474 1688 1608 1722 Romani
1644 1687 1805 1722 dumtaxat
1833 1688 1950 1723 l‘outi-

1195 1737 1262 1770 licis
1286 1735 1451 1783 praesidiis
1473 1738 1650 1771 adiuvatur.

1243 1790 1258 1828 ξ
1287 1788 1317 1820 1.
1346 1786 1475 1821 Dudum
1505 1786 1605 1821 felicis
1633 1787 1859 1821 recordationis
1881 1787 2149 1831 Cle-actamnisi]

1194 1847 1285 1870 mens
1308 1835 1392 1882 Papa
1408 1844 1517 1870 sextus
1539 1835 1762 1882 praedecessor
1783 1844 1889 1871 noster
1910 1836 1948 1871 ad
1963 1831 2077 1848 ¹¹¹⁰⁰⁹¹¹¹¹¹⁹
2095 1827 2152 1849 Μ’

1963 1860 2042 1880 tiflcum
2067 1861 2150 1880 connu-

1193 1884 1386 1919 obviandum
1416 1885 1569 1931 perversis
1596 1884 1723 1919 illorum
1758 1885 2072 1931 conatibus72u¹÷0ueu
2102 1892 2151 1918 ‹iui-

1193 1934 1247 1980 qui
1274 1934 1453 1981 provinciae
1480 1933 1667 1969 Patrimonii
1691 1934 1779 1969 Beati
1815 1934 1901 1970 Petri
1917 1935 1948 1970 in
1962 1919 2152 1979 sslssilssflllffss.

1192 1982 1322 2023 Tuscia,
1349 1995 1430 2030 quae
1453 1983 1530 2018 iuris
1553 1992 1584 2018 et
1607 1983 1809 2030 proprietatis
1834 1983 2151 2035 Eccle-fassjnessn‘fflss‘erssssg

1193 2032 1257 2066 siae
1278 2031 1441 2067 Romanae
1455 2032 1532 2073 fore,
1552 2044 1587 2067 ac
1600 2033 1703 2067 eidem
1716 2032 1878 2068 Ecclesiae
1894 2034 1949 2068 im·
1962 2042 2086 2080 Patrimoqnij
2115 2044 2148 2081 ⁸1³.

1195 2081 1330 2117 mediate
1345 2082 1477 2117 subesse
1498 2082 1709 2128 dignoscitur,
1724 2083 1876 2126 civitates,
1896 2095 1950 2118 ca-
1963 2073 2020 2126 ξῑῗζζ
2041 2075 2150 2133 ῗξζῂζζὲζ

1194 2139 1253 2164 stra
1277 2139 1305 2165 et
1341 2131 1440 2172 villas,
1462 2143 1637 2178 eorumque
1664 2131 1839 2166 dominium
1857 2159 1866 2171 ,
1893 2144 1950 2166 su·
1963 2138 2004 2156 ΝΠ·

1195 2181 1420 2226 perioritatem,
1443 2181 1694 2224 advocationem,
1716 2181 1948 2227 capitaneatum

1194 2238 1222 2263 et
1247 2229 1494 2265 iurisdictionem
1512 2230 1542 2264 in
1566 2230 1664 2276 ipsius
1679 2229 1843 2265 Ecclesiae
1856 2242 1950 2277 grave

1196 2279 1439 2324 praeiudicium,
1460 2288 1567 2314 contra
1583 2280 1828 2314 constitutiones
1849 2289 1881 2314 et
1903 2292 1951 2315 or—

1195 2328 1372 2363 dinationes
1393 2330 1467 2364 olim
1503 2341 1558 2376 per
1593 2328 1696 2364 felicis
1719 2329 1949 2364 recordationis

1194 2376 1356 2412 Urbanum
1373 2388 1534 2425 quartum,
1551 2386 1581 2412 et
1595 2378 1744 2413 loannem
1763 2379 1947 2424 vigesimum

1195 2427 1385 2466 secundum,
1422 2440 1456 2462 ac
1491 2428 1635 2462 diversos
1674 2428 1752 2462 alios
1785 2426 1949 2463 Romanos

1197 2475 1364 2510 Pontifices
1388 2477 1648 2524 praedecessores
1675 2477 1749 2511 dicti
1773 2476 1950 2513 Clementis

1231 2547 1270 2580 (i)
1287 2547 1325 2572 Ex
1342 2548 1447 2581 Regest.
1470 2548 1494 2574 in
1515 2548 1625 2574 Archiv.
1655 2548 1737 2576 Vatic.
1757 2563 1783 2568 -
1803 2547 1948 2574 Laudatam

1197 2586 1237 2612 iiic
1254 2586 1396 2613 Clementis
1412 2587 1635 2614 Constitutionem
1653 2587 1738 2622 legere
1759 2592 1800 2614 est
1826 2588 1950 2623 superius

1196 2632 1255 2660 pag.
1273 2626 1335 2652 [1814.
