2274 3265
240 252 287 278 An.
306 251 333 277 C⁴
352 251 417 278 ¹296

238 1105 316 1127 eausa·
332 1107 409 1127 adden-

225 1139 263 1157 dae
302 1142 408 1159 eonstitu-

225 1170 295 1189 tinnis.

228 1798 406 1824 Auctor-impra-

222 1829 310 1850 latorum
326 1829 406 1849 ordinis

225 1861 259 1880 (de
277 1867 315 1887 qua
332 1861 352 1881 in
369 1865 406 1881 tu—

221 1892 298 1912 brieai.

238 2316 352 2337 prohibitio
369 2323 407 2344 np-

225 2347 323 2374 pollandi.

488 241 549 272 154

763 302 842 336 Vlll.

431 385 477 417 De
503 385 683 418 auctoritate
715 384 927 428 praelatorum
957 384 1075 417 ordinis
1108 385 1178 428 fra-

480 440 560 467 trum
590 433 843 466 Praedicatorum
870 434 904 467 S.
935 433 1105 471 Domt'm'ci,
1134 446 1179 467 eo-

479 495 547 516 rum
573 483 725 520 subditos,
756 482 832 516 iuris
858 482 993 527 apicibus
1028 491 1054 516 et
1081 484 1178 528 appel-

477 535 590 566 latione
609 533 795 577 postpositis.
825 533 1037 576 compescendi.

699 601 911 633 suitititnit'it

427 661 537 691 Causae
554 661 706 691 addendae
725 660 954 690 constitutionis.
971 676 1008 681 —
1026 660 1050 689 l.
1071 659 1178 690 Aucto-

466 706 534 735 ritas
563 705 760 745 praelatorum
785 704 897 734 ordinis
931 705 976 742 (de
1003 713 1052 742 qua
1075 705 1103 733 in
1131 713 1176 732 rn-

465 750 562 789 brica).
584 767 622 772 —-
645 748 806 779 Proliibitio
829 748 1007 788 appellandi.

424 826 574 855 Bonifatius
598 825 740 861 episcopus
763 830 858 852 servus
885 830 1026 852 servorum
1050 822 1105 855 Dei.
1137 824 1176 852 di·

467 875 550 904 leetis
568 875 634 903 tuiis
650 873 798 908 magistro.
818 872 966 908 prioribus,
985 879 1015 900 ac
1039 871 1176 901 fratribus

469 924 602 953 universis
621 921 724 951 ordinis
747 922 975 953 praedicatorum,
1002 921 1121 950 satutem
1148 923 1177 950 et

468 973 649 1009 apostoticam
665 971 888 1000 benedictionem.

473 1044 519 1080 Ad
543 1051 750 1090 augmentum
777 1041 961 1077 continuum
986 1040 1174 1096 religionum

423 1105 451 1131 et
490 1093 651 1131 ordinum
690 1104 769 1139 quos
804 1091 946 1126 Romana
973 1091 1112 1138 suscepit
1146 1099 1175 1125 et

423 1143 607 1192 approbavit
629 1141 785 1185 Ecclesia,
820 1141 957 1188 paternis
980 1140 1094 1176 studiis
1125 1140 1177 1174 in-

423 1193 600 1248 tendentes,
614 1200 643 1227 et
657 1190 892 1227 considerantes
910 1191 1071 1235 attentius
1091 1191 1173 1238 quod

422 1256 483 1279 non
507 1242 682 1277 intermissa
706 1240 856 1276 sedulitas
882 1239 1079 1287 disciplinae,
1108 1240 1176 1274 reli-

420 1294 530 1340 giones
553 1300 584 1327 et
606 1291 732 1327 ordines
766 1289 976 1337 supradictos,
1012 1297 1173 1336 statusque

422 1342 581 1390 regulares
607 1340 776 1376 salubriter
802 1339 910 1386 dirigit
936 1348 967 1375 et
998 1348 1174 1379 conservat

421 1392 570 1439 quodque
597 1392 621 1425 si
655 1396 722 1425 e'am
751 1390 851 1437 perire
876 1390 922 1424 vel
952 1390 1064 1425 remitti
1094 1402 1171 1424 con-

421 1444 566 1489 tingeret,
599 1441 676 1476 ordo
699 1440 831 1488 quilibet
854 1440 964 1475 collabi
993 1440 1173 1475 necessario

421 1500 605 1539 cogeretur:
628 1498 798 1539 pensantes
819 1490 931 1533 etiam,
964 1489 1047 1537 quod
1071 1491 1094 1524 si
1125 1502 1174 1524 re-

420 1542 574 1588 gularium
617 1552 821 1588 personarum
869 1540 1038 1584 correctio,
1079 1540 1173 1575 rimas

421 1592 499 1626 iuris
520 1599 551 1626 et
577 1592 684 1639 apices
706 1597 903 1637 sequeretur,
926 1589 1110 1624 huiusmodi
1130 1590 1174 1624 ri-

420 1654 476 1688 gor
508 1641 713 1679 lentesceret,
748 1652 783 1674 ac
818 1639 981 1687 multiplici
1019 1639 1173 1674 laxatione

421 1699 569 1738 torperet;

469 1740 489 1788 g
516 1743 543 1775 l.
566 1740 642 1780 Nos,
667 1740 775 1775 vestris
802 1739 1089 1787 supplicationibus
1118 1739 1172 1773 in—

419 1790 539 1835 clinati,
563 1790 660 1834 vobis,
696 1789 878 1825 auctoritate
914 1789 1083 1834 apostolica
1123 1789 1173 1823 in—

421 1840 602 1887 dulgemus,
625 1848 658 1875 ut
677 1840 714 1875 ad
743 1839 953 1875 correctiones
980 1847 1009 1874 et
1034 1839 1173 1887 punitio-

422 1903 478 1926 nes
505 1890 635 1925 fratrum
671 1889 815 1925 eiusdem
839 1889 958 1924 ordinis
981 1889 1171 1937 delinquen-

421 1940 499 1975 tium
523 1940 728 1987 infligendas
763 1939 891 1986 praelati
919 1938 1040 1974 ordinis
1062 1953 1173 1987 snpra-

420 1990 507 2031 dicti,
527 1990 565 2025 ad
589 2002 669 2038 quos
690 1989 799 2024 eadem
820 1997 963 2036 spectare
987 1999 1171 2030 noscuntur

421 2040 543 2075 rimulis
565 2048 595 2075 et
621 2039 766 2087 apicibus
804 2039 879 2086 ipsus
903 2040 1098 2085 postpositis
1135 2041 1173 2075 li-

422 2089 496 2125 bere
511 2089 680 2137 procedere
703 2090 824 2124 valeant
847 2088 1019 2123 secundum
1043 2102 1173 2125 consuc-

422 2143 550 2179 tudines
575 2143 776 2192 approbatas,
799 2152 828 2178 et
851 2144 1008 2190 generalia
1031 2144 1121 2186 sacta,
1144 2154 1172 2181 et

421 2200 515 2234 etiam
541 2198 699 2243 facienda,
727 2198 828 2246 ipsius
850 2198 970 2233 ordinis
994 2199 1146 2234 instituta.

470 2255 545 2302 §2-
568 2254 634 2290 Nec
661 2254 806 2289 volumus
837 2253 955 2289 eisdem
985 2255 1078 2289 licere
1109 2255 1173 2291 fra-

424 2308 534 2353 tribus,
560 2309 600 2343 ab
625 2309 742 2343 eisdem
780 2308 1028 2343 correctionibus
1054 2318 1084 2344 et
1112 2324 1173 2357 pu-

423 2363 594 2398 nitionibus
620 2365 818 2411 aliquatenus
838 2363 1012 2410 appellare,
1046 2366 1171 2411 provida

424 2417 453 2451 in
478 2417 536 2452 hoc
559 2418 784 2453 deliberatione
806 2429 841 2451 ac
863 2418 1039 2452 maturitate
1067 2418 1170 2453 debita

422 2471 605 2507 observatis.
641 2472 725 2507 Nulli
748 2484 823 2518 ergo
851 2480 903 2505 ete.

472 2525 585 2561 Datum
612 2526 732 2562 Romae
771 2526 853 2574 apud
885 2526 919 2562 S.
954 2526 1101 2573 Petrum,
1139 2541 1170 2563 vi

423 2579 494 2616 idus
516 2581 600 2620 maii,
623 2581 825 2629 pontificatus
850 2582 945 2618 nostri
964 2595 1047 2617 anno
1072 2595 1104 2617 ιι.

476 2641 536 2672 Dat.
556 2643 602 2672 die
626 2643 663 2674 '10
682 2643 748 2673 maii
768 2643 852 2681 1296,
871 2644 972 2684 pontis.
991 2653 1067 2674 anno
1092 2654 1118 2674 ιι.

1010 250 1192 272 nummum
1217 250 1376 272 mutum!

1564 302 1617 336 lx.

1222 385 1343 417 Nouam
1366 385 1510 416 haeresim
1533 384 1565 415 in
1587 384 1851 417 administratione
1872 396 1973 418 sacra-

1269 440 1436 466 mentorum
1470 439 1621 469 exortam,
1658 434 1786 477 aliisque
1811 441 1969 467 scatentem

1268 483 1421 515 erroribus
1443 483 1571 515 damnat
1594 483 1650 524 (l).

1487 546 1701 577 §Uititstssimt

1218 607 1366 637 Ecclesiae
1386 608 1548 638 catholicae
1565 609 1697 638 firmitas.
1714 625 1751 629 —
1772 609 1793 637 l.
1814 607 1969 639 iudiciaria

1257 657 1318 681 aeta
1346 653 1375 682 in
1399 652 1573 682 haereticos,
1603 669 1642 674 —
1670 652 1746 682 Nova
1779 657 1876 683 exorta
1901 654 1970 683 hae-

1257 698 1331 725 resis
1359 697 1445 726 cuius
1472 698 1627 736 praecipua
1658 702 1833 726 enarrantur
1863 699 1968 737 capita-

1255 756 1294 761 —
1315 740 1342 770 2).
1369 739 1461 770 Huius
1482 746 1640 771 sectatores
1661 746 1808 780 tamquam
1829 742 1968 772 haeretici

1258 784 1397 814 damnati.
1420 801 1458 806 —
1479 784 1690 824 inquisitorum
1715 786 1838 815 facultas
1868 791 1967 815 contra

1258 828 1376 857 eosdem
1400 832 1448 858 elc.
1469 830 1656 868 procedendi.

1261 888 1414 923 Bonifacius
1431 895 1570 931 episcopus
1590 903 1687 925 servus
1705 904 1844 926 servorum
1868 897 1922 931 Dei.

1351 944 1383 971 ad
1411 945 1572 979 perpetuam
1600 945 1640 974 rei
1668 947 1833 975 memoriam.

1265 1005 1367 1053 Saepe
1390 1005 1537 1042 Sanctam
1562 1007 1735 1043 Ecclesiam
1763 1011 1860 1056 pestis
1893 1011 1967 1045 liac-

1217 1105 1286 1140 tatis
1319 1105 1448 1140 exordio
1487 1107 1631 1150 insilivit,
1671 1107 1738 1141 eius
1774 1108 1964 1144 iuventutem

1218 1155 1362 1201 impetiit,
1387 1167 1443 1190 nec
1467 1156 1613 1203 prosequi
1634 1155 1745 1191 desivit
1760 1166 1964 1192 senectutem:

1216 1205 1268 1238 sed
1292 1204 1353 1246 Qui
1368 1217 1435 1239 eam
1468 1217 1562 1252 supra
1598 1217 1643 1244 se,
1677 1206 1796 1240 firmam
1833 1206 1968 1243 Petram.

1217 1254 1361 1294 lirmaxffit
1395 1266 1431 1288 ac
1458 1266 1513 1289 sua
1545 1255 1672 1289 ‹lestera
1700 1256 1821 1290 excelsa
1845 1264 1968 1294 tuetur

1216 1303 1245 1336 in
1270 1310 1407 1343 tantum
1437 1313 1467 1337 ut
1492 1317 1552 1339 non
1582 1305 1780 1351 praevaleant
1804 1315 1909 1352 portae
1927 1308 1969 1340 in-

1215 1352 1270 1386 seii
1300 1361 1405 1387 contra
1438 1365 1526 1398 eam,
1564 1355 1661 1401 ipsam
1694 1367 1792 1402 usque
1814 1355 1852 1390 ad
1875 1369 1968 1391 sene-

1214 1413 1295 1437 ctam
1319 1411 1347 1437 et
1375 1403 1499 1437 senium
1524 1417 1586 1438 nou
1616 1404 1790 1452 relinquet·
1818 1405 1871 1440 sed
1897 1406 1965 1441 fecit

1214 1461 1242 1486 et
1270 1452 1364 1487 saciet
1387 1465 1454 1487 eam
1479 1453 1516 1487 de
1541 1454 1673 1501 vipereis
1695 1455 1838 1490 hostibus
1862 1457 1966 1491 trium*

1216 1502 1328 1547 pltare,
1365 1503 1417 1549 qui
1448 1504 1478 1536 in
1502 1504 1686 1538 exercitium
1723 1504 1838 1539 dantur
1865 1505 1967 1540 fideli—

1215 1551 1283 1591 bus,
1303 1561 1349 1592 ιιι,
1364 1565 1472 1586 eorum
1489 1553 1617 1600 expoliti
1634 1554 1849 1589 tunctionibus
1865 1559 1908 1599 (1)
1938 1566 1963 1589 et

1215 1601 1391 1647 pressuris,
1419 1603 1485 1636 suis
1517 1603 1681 1650 coaptandi
1717 1604 1795 1638 locis
1819 1617 1872 1651 per
1900 1618 1966 1640 nia-

1215 1663 1289 1685 num
1313 1652 1440 1686 artilicis
1467 1652 1675 1699 disponantur
1697 1654 1794 1689 sacris
1812 1654 1966 1689 aedificiis

1215 1713 1411 1747 permansuri
1462 1710 1607 1737 aeternae
1659 1704 1735 1738 vitae
1789 1705 1963 1751 praemium

1215 1752 1452 1798 consequendo.

1262 1802 1282 1848 5
1310 1806 1336 1834 Ι.
1361 1802 1443 1837 Sane
1474 1815 1574 1849 nuper
1603 1803 1640 1837 ad
1671 1803 1863 1838 audientiam
1901 1818 1964 1839 no-

1213 1859 1307 1885 stram
1350 1852 1512 1899 pervenit,
1552 1853 1636 1900 quod
1662 1854 1806 1888 nonnulli
1837 1854 1962 1888 inviam

1214 1900 1297 1948 Cayu
1333 1902 1454 1937 noviter
1491 1902 1666 1946 abeuntes,
1705 1916 1810 1938 errore
1838 1904 1963 1938 Balaam

1213 1950 1315 1992 etsusi,
1351 1952 1497 1988 mercede
1525 1961 1554 1987 et
1588 1953 1838 1987 contradictione
1861 1952 1964 1988 Cliore

1215 2000 1362 2036 incendio
1387 2002 1528 2048 perituri,
1555 2003 1645 2049 quasi
1670 2002 1769 2037 nubes
1791 2004 1858 2038 sine
1873 2016 1964 2050 aqua.

1213 2063 1292 2098 quae
1316 2051 1581 2086 circumferuntur
1603 2065 1619 2087 a
1644 2052 1754 2090 nentis
1778 2053 1963 2087 infructuosi

1215 2108 1246 2134 ut
1268 2100 1396 2135 arbores
1418 2102 1633 2145 autumnales
1659 2111 1733 2137 sunt
1760 2103 1892 2137 errantia
1915 2116 1965 2150 5)-

1213 2149 1300 2188 dera
1341 2151 1456 2197 quibus
1494 2152 1523 2184 in
1563 2161 1724 2186 aeternum
1765 2153 1962 2188 tenebrarum

1215 2200 1349 2245 procella
1377 2210 1537 2238 sert-atur,
1564 2210 1595 2236 et
1617 2202 1707 2237 noxis
1734 2202 1965 2237 adinventioni-

1214 2249 1272 2283 bus
1294 2250 1453 2285 caecitatis
1480 2252 1596 2285 aeterni
1628 2252 1775 2298 supplicii
1805 2265 1865 2286 uon
1888 2265 1965 2286 cou-

1214 2300 1288 2332 tenti
1324 2309 1476 2334 con-intur
1513 2302 1542 2334 in
1581 2303 1740 2347 proximos
1767 2302 1965 2348 contagionis

1215 2360 1334 2382 venena
1362 2349 1554 2384 dillundere:
1592 2359 1622 2384 ιιι
1658 2351 1694 2385 ad
1727 2359 1840 2386 terram
1876 2360 1964 2386 ten«-

1215 2397 1336 2432 brosam
1361 2408 1389 2432 et
1413 2407 1552 2444 opertam
1577 2402 1685 2435 mortis
1717 2400 1851 2447 caligine.
1879 2401 1964 2446 ipsos

1213 2447 1380 2487 deducant
1410 2449 1461 2483 ubi
1485 2451 1694 2496 sempiternus
1726 2450 1836 2485 liorror
1867 2450 1964 2484 iulia-

1214 2496 1300 2531 lutat.
1346 2498 1538 2546 Accepimus
1575 2513 1725 2548 namque
1764 2500 1846 2548 quod
1885 2512 1964 2534 non-

1214 2547 1316 2582 nullae
1350 2561 1502 2594 personae
1535 2561 1569 2584 se
1604 2558 1711 2585 contra
1738 2561 1876 2585 sanctam
1911 2563 1964 2584 ca-

1247 2613 1286 2648 (t)
1307 2614 1344 2640 Ex
1366 2615 1469 2649 Regest.
1491 2617 1516 2643 in
1533 2616 1643 2643 Archiv.
1671 2616 1752 2644 Vatic.
1809 2617 1848 2651 (i)
1865 2617 1962 2645 Forsan

1215 2652 1415 2677 teutatnmibus.

1988 248 2037 275 An.
2058 249 2168 278 (2.1996

1996 1022 2089 1042 Rectam

1218 1056 1312 1090 retica
1336 1056 1550 1103 impugnavit,
1576 1058 1605 1091 in
1629 1070 1695 1091 cam
1719 1070 1733 1092 a
1757 1071 1832 1093 suae
1855 1061 1966 1094 nativi—
1982 1054 2073 1104 'ffihm
2099 1054 2166 1074 ΜΨ

2094 1027 2103 1041 G
2129 1028 2167 1042 θῦ-

1993 1813 2103 1835 iudiciaria
2118 1817 2164 1834 aeia

1978 1847 1999 1865 in
2017 1845 2144 1866 tinet-eueni.
