2274 3265
216 272 265 296 An.
287 270 314 295 C.
331 269 392 295 ¹5ss

231 816 314 836 Iss'oeuu
329 816 401 834 contra

215 847 373 866 inobedientes.

464 257 532 289 500

415 320 460 354 vel
488 319 566 354 alios
593 319 693 353 facere
722 318 768 352 vel
797 329 922 352 movere
953 329 1009 365 per
1032 318 1161 352 hostiles

415 369 560 402 incursus
598 379 654 402 seu
694 366 856 401 violentias
879 378 1045 414 occupare,
1076 366 1162 401 inva-

414 418 502 459 dere,
524 429 578 450 sen
601 416 737 462 aliquem
766 415 804 450 tle
827 415 921 449 domo
945 416 1084 462 propria,
1107 427 1161 450 seu

413 466 548 509 civitate,
570 474 672 499 castro
696 465 739 498 vel
764 464 832 498 loco
855 465 1023 511 expellere,
1039 476 1164 510 capere,

415 528 468 549 seu
496 524 613 554 tenere,
640 513 705 548 sive
727 513 764 547 ad
794 512 965 547 vindictam
991 512 1038 547 vel
1070 513 1165 547 ultio-

416 576 486 598 nem
515 563 649 609 aliquam
686 561 830 609 prosilire
863 561 971 608 quavis
996 573 1091 595 causa
1120 561 1165 595 vel

416 612 583 647 occasione
619 619 816 665 praesumat3
856 610 910 645 sed
946 609 1078 656 quilibet
1118 610 1168 644 ius

417 674 509 696 suum
541 672 593 706 per
621 672 699 694 viam
737 659 870 693 iustitiae
897 670 1002 693 coram
1038 670 1168 705 compe-

420 711 494 745 tenti
518 709 621 743 iudice
645 716 863 755 prosequatur.

466 763 481 802 ἓ
504 761 535 793 3.
559 757 623 791 Nos
644 757 726 791 enim
751 769 862 790 omnes
889 763 919 789 et
945 755 1090 800 singulos
1109 764 1167 789 tam

419 808 550 842 clericos
576 819 669 851 quam
698 805 793 839 laicos
821 812 926 838 contra
952 803 1168 838 inhibitionem

419 866 449 891 et
484 854 666 890 mandatnm
700 853 881 887 buiusmotli
906 855 1089 899 (postquam
1122 852 1170 886 illa

419 904 456 940 ad
497 903 634 937 notitiam
672 902 870 956 pervenerint
906 901 1102 941 eorumdem,
1126 901 1170 934 vel

421 965 475 999 per
496 965 550 986 eos
576 952 718 990 steterit,
741 962 913 1004 quominus
937 950 1071 996 potuerit
1095 962 1172 996 per-

423 1001 540 1042 venire)
557 1000 707 1034 facientes
722 999 791 1042 (nisi
809 1012 836 1032 m
852 997 978 1033 casibus
990 1010 1004 1032 a
1020 998 1086 1032 iure
1103 1011 1171 1045 pcr-

423 1050 554 1092 missis),
601 1049 787 1083 sententiam
823 1047 1172 1101 excomnniuicationis,

422 1107 453 1133 et
482 1099 611 1144 insuper
639 1096 765 1131 cosdem
795 1097 926 1130 clericos
952 1096 1174 1142 suspensionis

425 1160 556 1194 poenam
575 1147 753 1183 incu1¹10r3e
768 1157 803 1179 ac
817 1145 1046 1191 praedictorum
1063 1153 1173 1199 castra,

424 1206 531 1239 terias
555 1196 619 1229 loca
643 1203 673 1229 et
700 1194 945 1229 communitates
967 1201 996 1227 et
1021 1194 1175 1228 uniter-si—

425 1254 526 1288 tates,
553 1245 578 1278 si
607 1252 713 1277 contra
743 1243 922 1277 huiusmodi
952 1242 1173 1277 inhibitionem

424 1304 452 1329 et
468 1293 650 1328 mandatum
672 1300 813 1326 nostrum
832 1292 936 1326 venire
957 1304 1175 1338 praesumpse-

426 1345 506 1381 rint,
544 1355 579 1376 ac
612 1341 766 1375 dictorum
795 1341 982 1375 clericorum
1017 1340 1176 1374 Ecclesias

425 1392 492 1438 (qui
521 1390 619 1424 facere
648 1398 754 1424 contra
784 1390 941 1436 praedicta
971 1389 1098 1423 forsitan
1127 1398 1175 1423 at-

425 1439 605 1481 tentabunt)
633 1438 799 1473 interdicto
822 1438 1034 1472 ecclesiastico
1067 1438 1175 1472 subia—

426 1501 495 1523 cere
526 1488 697 1522 volumus
693 1500 759 1533 ipso
783 1487 878 1521 facto
901 1499 1075 1533 omnesque
1093 1499 1178 1533 prae-

426 1537 528 1572 dictos
562 1545 592 1570 et
626 1536 767 1582 siussulos
799 1535 948 1570 omnibus
979 1535 1177 1589 privilegiis,

427 1585 644 1630 indulgentiis
667 1585 786 1630 ‹¹¹¹1atiis,
806 1584 1003 1619 libertatibus
1018 1584 1178 1618 etimmu-

427 1634 577 1668 nitatibus
600 1633 736 1667 realibus
758 1640 787 1666 et
812 1632 1042 1679 personalibus,
1063 1632 1178 1673 feudis,

426 1682 646 1721 locationibus,
672 1682 776 1721 bonis,
805 1681 926 1715 iuribus
941 1691 971 1716 et
994 1680 1179 1724 bonoribus,

428 1732 537 1766 officiis
564 1740 595 1765 et
626 1731 882 1777 quibuscumque
910 1730 1180 1775 concessionibus,

428 1793 507 1827 quae
530 1793 546 1814 a
562 1780 704 1814 Romana
722 1779 860 1813 Ecclesia
884 1787 913 1812 et
935 1793 949 1813 a
974 1779 1181 1826 quibuscum-

428 1842 490 1876 que
507 1829 576 1863 aliis
589 1829 812 1863 ecclesiasticis
828 1828 971 1863 obtin-ere
995 1837 1181 1869 noscuntur,

430 1891 466 1912 eo
500 1878 569 1924 ipso
605 1878 669 1912 fore
707 1878 864 1924 privatos:
905 1886 935 1911 et
975 1877 1183 1912 nibilominus

429 1940 541 1962 omnes
563 1936 592 1961 et
614 1928 757 1973 singulos
778 1928 921 1967 comites,
951 1927 1097 1969 barones,
1125 1939 1183 1961 no-

431 1979 522 2022 biles,
546 1986 726 2026 potestates,
754 1977 948 2023 capitaneos,
972 1976 1120 2011 officiales
1147 1989 1183 2011 ac

431 2028 675 2063 communitates
703 2026 877 2073 praedictas
900 2026 984 2060 mille
1008 2038 1182 2060 marcarum

431 2078 571 2124 argenti2
599 2086 629 2111 et
678 2088 933 2123 unamquamque
979 2087 1183 2121 personarum

433 2128 599 2174 ipsarum,
635 2138 715 2179 quie
753 2133 860 2159 contra
898 2124 1117 2158 inhibitionem
1156 2133 1186 2158 et

433 2175 614 2210 mandatum
663 2187 802 2221 ipsorum
845 2175 946 2208 facere
991 2173 1037 2207 vel
1079 2173 1186 2207 tenire

433 2232 646 2272 praesumant,
665 2224 874 2258 ducentorum
892 2223 1082 2257 florenorum
1107 2222 1185 2261 ιιιιι·ἰ

433 2286 525 2320 quam
542 2286 579 2307 eo
596 2286 663 2319 ipso
681 2274 856 2311 incurrant
872 2284 971 2318 poena
987 2271 1185 2305 mult-tamus.

433 2322 548 2358 Contra
565 2322 697 2357 clericos
721 2321 897 2369 praedictos
918 2321 954 2355 ad
980 2321 1186 2367 privationem

433 2373 576 2407 omnium
613 2371 838 2406 beneficioium
871 2370 1160 2405 ecclesiasticorum
1180 2396 1187 2408 ,

434 2424 635 2469 dignitatum
647 2431 870 2468 personatuum
882 2429 911 2454 et
926 2419 1100 2454 officiorum
1116 2432 1187 2453 cum

435 2485 510 2508 cura
538 2472 584 2507 y«el
612 2472 680 2506 sine
702 2484 789 2511 cura,
817 2484 897 2517 quat·
925 2470 1052 2504 forsitan
1072 2468 1188 2503 obtine·

437 2530 520 2561 rent,
548 2534 583 2556 ac
611 2520 773 2554 reddimus
795 2532 849 2554 eos
873 2519 1027 2553 inhabiles
1053 2526 1082 2552 et
1108 2517 1190 2551 indi-

437 2584 515 2617 gnos
538 2571 574 2605 ιιι]
599 2583 634 2604 ea
662 2578 689 2604 et
714 2569 871 2615 quaelibet
893 2569 951 2602 alia
981 2569 1188 2613 inposterum

438 2620 619 2654 obtinenda.

994 264 1179 287 nummatum
1207 263 1370 286 ltOMAMJM

1252 316 1334 350 Nulli
1363 328 1439 362 ergo
1461 315 1608 358 omnino,
1633 323 1686 348 etc.

1254 365 1368 400 Datum
1392 365 1567 403 Avenione,
1586 366 1628 398 to
1644 363 1792 398 kalendas
1815 363 1956 406 ianuarii,

1206 424 1292 461 pont.
1322 414 1419 448 nostri
1442 425 1526 448 anno
1549 425 1593 447 vt.

1226 475 1285 505 Dat.
1302 475 1349 505 die
1365 474 1403 504 23
1419 474 1586 504 decembris
1602 473 1687 510 1321,
1709 478 1789 512 pont.
1807 482 1883 502 anno
1899 482 1936 503 vi.

1514 628 1657 663 XXXIII.

1213 710 1349 743 Ecclesia
1376 709 1554 742 monasterii
1591 709 1745 741 Cassinen.
1777 708 1906 752 eriyitur
1931 709 1963 740 in

1260 759 1477 797 cathedralem,
1504 758 1782 801 monasteriumque
1805 759 1836 789 t'n
1853 758 1964 801 episco-

1258 814 1366 851 patum
1407 818 1475 839 cum
1513 808 1690 840 omnimoda
1732 807 1939 839 iurisdictione
1956 833 1963 843 ,

1261 856 1431 899 privileyiis
1454 863 1480 888 ct
1503 856 1619 888 iuribus
1643 867 1700 899 pro
1727 867 1804 887 novo
1825 856 1963 899 episcopo

1261 912 1286 936 et
1309 905 1457 948 capitulo,
1479 904 1589 947 quibas
1611 911 1702 937 antea
1723 905 1818 937 abbas
1850 911 1875 936 ec
1902 915 1965 936 mo-

1263 954 1332 986 naci
1353 953 1534 996 fruebantur
1557 955 1620 994 (A).

1496 1029 1709 1060 SUMMAntUM

1215 1091 1403 1121 l’rooemium.
1422 1107 1458 1112 —
1490 1091 1514 1120 l.
1534 1090 1646 1119 Causae
1665 1091 1797 1129 erigendi
1815 1092 1966 1130 episcopa-

1256 1140 1302 1165 tus
1337 1136 1364 1164 in
1398 1135 1575 1164 monasterio
1598 1134 1702 1164 Montis
1724 1134 1847 1164 Cassini.
1877 1152 1915 1158 -—
1940 1136 1966 1165 Ξ.

1256 1179 1369 1209 Erectio
1388 1180 1432 1217 (tle
1448 1189 1500 1218 qua
1521 1180 1550 1207 in
1567 1179 1701 1217 rubrica).
1715 1196 1754 1200 —
1772 1178 1936 1218 Episcopus
1953 1189 1966 1208 a

1256 1224 1384 1262 capitulo
1401 1223 1566 1261 eligendus.
1586 1240 1626 1245 -—
1643 1223 1669 1252 3.
1692 1222 1768 1251 Novo
1785 1222 1967 1262 episcopatui

1257 1267 1408 1306 privilegia
1437 1267 1533 1296 omnia
1567 1266 1833 1303 communicantur,
1858 1266 1967 1305 quibus

1257 1311 1467 1340 monasterium
1483 1311 1578 1348 ipsunt
1596 1309 1759 1339 fruebatur:
1774 1326 1813 1332 —-
1830 1310 1857 1339 t.
1872 1309 1968 1349 anue

1256 1354 1428 1383 conceditur
1450 1354 1589 1391 epIScopo
1613 1353 1642 1382 in
1675 1353 1760 1382 terris
1793 1353 1970 1382 monasterio

1257 1398 1400 1427 subiectis
1426 1397 1594 1426 auctoritas:
1622 1413 1661 1419 —-
1693 1397 1722 1427 5.
1744 1396 1854 1435 lllaque
1884 1397 1969 1426 attri-

1259 1442 1389 1471 buuntur
1417 1442 1492 1476 iura,
1524 1450 1599 1479 quae
1630 1439 1728 1469 abbati
1756 1439 1970 1478 competebant.

1259 1502 1295 1507 »υ
1318 1485 1485 1515 Clausulae.

1282 1561 1393 1588 loannes
1408 1560 1551 1594 opiscopus
1570 1565 1665 1586 servus
1690 1565 1831 1587 servorum
1845 1558 1907 1590 Dei.

1354 1609 1388 1636 ad
1411 1609 1574 1643 perpetuam
1597 1607 1638 1635 rei
1669 1607 1837 1635 memoriam.

1270 1680 1438 1726 Supernus
1464 1678 1600 1725 Opifex,
1627 1686 1711 1714 sator
1748 1678 1907 1713 coelorum
1944 1686 1974 1713 et

1223 1729 1384 1762 universae
1406 1727 1551 1762 conditor
1572 1737 1743 1771 creaturae,
1770 1729 1916 1763 coelestia
1944 1736 1975 1762 et

1223 1778 1380 1812 terrestria
1413 1776 1585 1811 ineffabilis
1606 1777 1820 1822 providentiae
1846 1777 1975 1811 ordina-

1224 1827 1307 1860 tione
1343 1827 1540 1872 disponens,
1570 1827 1608 1861 ad
1640 1826 1736 1860 instar
1763 1838 1974 1873 supernorum

1223 1876 1370 1910 ordinum
1400 1876 1622 1921 triumphantis
1648 1876 1822 1920 Ecclesiae,
1846 1876 1978 1911 inferio-

1226 1939 1290 1960 rem
1327 1927 1491 1961 militantis
1519 1926 1676 1973 disposuit
1711 1926 1907 1967 ierarchiam,
1931 1926 1979 1961 di-

1225 1978 1392 2023 5ῑιιισιιιιιι5
1415 1978 1562 2012 varietate
1586 1976 1720 2011 mirabili
1742 1976 1912 2024 dignitates
1927 1989 1979 2011 se-

1225 2028 1364 2063 cundum
1388 2028 1590 2062 sublimiores
1617 2035 1648 2061 et
1674 2026 1839 2061 inferiores
1861 2026 1980 2072 gradus

1226 2087 1256 2112 et
1283 2078 1411 2112 ordines
1439 2078 1468 2110 in
1491 2077 1621 2117 eade3m
1649 2077 1738 2110 cuius
1772 2075 1979 2122 dispositione

1227 2127 1356 2162 mirifica
1392 2126 1430 2160 ab
1464 2126 1594 2160 exordio
1629 2125 1788 2169 surgentis
1819 2124 1979 2159 Ecclesiae

1227 2175 1418 2222 episcopalia
1437 2174 1664 2221 gubernacula,
1681 2182 1788 2220 utpote
1811 2174 1841 2208 in
1869 2173 1979 2208 eadem

1228 2225 1367 2259 Ecclesia
1403 2224 1576 2258 obtinentia
1612 2223 1835 2258 sublimitatem
1863 2222 1981 2267 gradus

1228 2274 1361 2314 ordinis,
1384 2281 1458 2307 sunt
1486 2274 1515 2306 iu
1540 2273 1616 2308 locis
1639 2272 1839 2317 dignioribus
1858 2280 1887 2305 et
1916 2271 1982 2305 fre‘

1229 2323 1451 2370 ‹pientioribus
1480 2322 1605 2369 populis
1627 2322 1790 2361 collocata,
1814 2329 1845 2355 ut
1866 2320 1980 2354 multae

1231 2374 1322 2407 messi
1370 2372 1510 2406 fidelium
1545 2371 1810 2417 superintendens
1845 2370 1981 2416 diligens

1230 2435 1302 2456 cura
1337 2421 1518 2468 pontilicis,
1551 2421 1650 2468 ipsam
1680 2420 1775 2455 verbo
1811 2419 1924 2465 dirigat
1950 2427 1980 2451 et

1230 2472 1374 2517 exemplo
1401 2483 1436 2505 ac
1463 2470 1606 2515 dignitati
1644 2469 1702 2504 loci
1738 2478 1768 2503 et
1795 2468 1902 2515 populi
1931 2468 1982 2501 di-

1231 2521 1334 2563 onitas
1362 2519 1551 2566 respondeat
1578 2518 1795 2565 praesidentis.

1268 2587 1306 2620 (t)
1325 2587 1362 2612 Ex
1391 2587 1493 2619 Regest.
1517 2584 1625 2612 Archiv.
1646 2584 1729 2610 Vatic.
1748 2583 1862 2610 Consule
1886 2583 1983 2609 Gattu-

1233 2626 1294 2655 lam.
1312 2626 1380 2652 Hist.
1395 2625 1495 2656 cassin,
1516 2632 1583 2650 saec.
1603 2632 1641 2656 ix,
1658 2623 1675 2658 S
1692 2630 1718 2649 v.

1970 259 2016 286 An.
2036 259 2065 285 C.

2017 1689 2148 1711 Prooemium.
