2274 3265
4 2557 11 2615 qm

118 261 166 286 An.
185 260 214 286 C.
237 261 301 286 t53o

133 807 161 827 De
178 808 303 833 receptione

121 843 264 857 monacorum

905 253 1103 278 amentatus
1128 254 1172 276 xn
1204 253 1251 275 ΙΨ.

1741 240 1806 273 377

317 313 483 348 tentiarum
513 313 662 359 competit
688 311 854 346 abbatibus
874 309 1064 358 praelibatis.
1107 308 1216 342 decem
1258 307 1345 351 «lies,
1387 306 1565 341 huiusmodi
1607 307 1754 341 creationi
1803 319 1857 341 sen

317 361 376 396 Per
391 362 467 396 baec
488 370 605 402 antem,
630 362 740 408 poenis
758 361 838 403 aliis,
853 361 877 394 si
897 371 975 406 quas
991 358 1064 392 dicti
1110 357 1280 404 receptioni
1297 368 1488 390 consensuum
1507 365 1662 403 praestare
1679 365 1859 403 procurent.

317 423 378 446 non
398 412 558 446 solventes
582 411 664 445 iuxta
687 418 801 445 statuta
831 409 876 443 vel
900 408 1068 443 ordinatio-

317 473 372 494 nes
392 460 485 495 Sedis
500 460 701 507 Apostolicae
722 468 775 494 aut
798 458 918 492 ordinis
945 470 999 492 sen
1018 470 1067 490 re-

316 510 443 556 ligionis
477 510 617 544 eiusdem
645 521 699 543 seu
727 507 841 555 quovis
870 506 963 541 modo
991 506 1068 540 alias

316 560 489 594 existerent
518 558 694 603 incursuri,
722 570 783 592 non
813 555 1010 591 intendimus
1038 556 1066 589 in

316 609 422 657 aliquo
445 608 601 654 derogari.

588 684 668 719 Cap.
697 683 796 718 xxtl.

367 756 533 791 Caeterum
562 755 634 802 quia
659 755 794 790 multum
822 754 923 790 ordini
946 767 1000 789 seu
1022 766 1070 789 re-

318 805 425 851 ligioni
441 804 587 852 praefatis
609 803 764 838 hactenus
778 804 878 839 obfuit
902 803 1068 838 indiscreta

319 856 458 901 receptio
486 865 710 894 monacorum3
738 854 908 888 statuimus
934 861 964 887 et
990 852 1072 887 ordi-

320 915 443 946 namus,
468 911 499 936 nt
529 915 585 950 per
608 902 689 946 illos,
712 902 750 937 ad
773 913 853 950 quos
876 903 904 936 in
921 902 1071 937 Ecclesiis

319 952 572 991 cathedralibus,
605 953 819 992 monasteriis,
865 951 1070 998 prioratibus,

319 1001 523 1036 decanatibus
550 1013 604 1036 seu
628 1000 698 1035 aliis
720 1000 796 1036 locis
817 1000 1072 1047 quibuscumque

320 1051 418 1097 ipsius
431 1050 552 1085 ordinis
570 1062 625 1085 seu
644 1050 803 1096 religionis
822 1057 942 1096 spectat
956 1050 1073 1084 creatio

321 1112 526 1134 monacorum
545 1127 553 1138 ,
594 1098 744 1146 deinceps
783 1111 845 1133 non
884 1099 1074 1145 recipiantur

320 1157 371 1182 ant
399 1149 570 1183 induantur
598 1148 626 1182 in
656 1160 804 1182 monacos
831 1147 877 1181 vel
905 1159 1074 1182 conversos

321 1198 380 1231 nisi
417 1209 569 1245 personae
605 1197 750 1240 idoneae,
777 1196 827 1230 vel
861 1195 900 1230 de
940 1208 1072 1243 quarum

322 1246 489 1282 idoneitate
509 1245 718 1281 verisimiliter
732 1257 805 1291 spes
818 1245 940 1288 existat,
955 1253 985 1279 et
999 1244 1074 1279 tales

323 1308 376 1342 per
397 1308 478 1343 qnos
501 1296 576 1329 inibi
599 1293 667 1329 Deo
691 1295 721 1328 in
745 1294 859 1328 divinis
876 1293 988 1328 officiis
1005 1306 1074 1327 con-

321 1357 399 1390 grue
421 1344 569 1379 deserviri
593 1356 647 1378 seu
672 1343 812 1390 impendi
841 1342 964 1377 valeant
982 1342 1076 1377 obse-

321 1394 391 1440 quia
419 1401 616 1441 opportuna;
644 1400 673 1427 et
693 1391 778 1439 qnod
803 1404 860 1439 per
881 1391 1023 1434 eosdem,
1039 1391 1074 1425 ad

321 1455 402 1489 qnos
430 1447 481 1487 (nt
510 1442 736 1488 praemittitur)
763 1441 879 1476 creatio
908 1441 973 1488 ipsa
996 1452 1076 1487 spe-

322 1500 395 1533 ctat,
410 1491 487 1527 infra
503 1491 674 1535 Ecctesias‚
691 1490 892 1530 monasteria,
909 1491 1076 1537 prioratus,

322 1540 493 1575 decanatus
510 1540 690 1575 huiusmodi
719 1552 773 1574 seu
802 1540 859 1574 alia
887 1548 1079 1574 conventua-

323 1590 361 1624 lia
385 1590 450 1625 loca
476 1590 550 1637 ipsis
578 1590 718 1625 subiecta
741 1597 772 1623 et
794 1601 855 1623 non
887 1589 972 1630 alibi,
1005 1601 1076 1622 enm

324 1639 493 1686 proborum
518 1639 661 1680 consilio,
678 1638 851 1679 Ecclesiae,
875 1638 1077 1677 monasteria,

324 1689 491 1736 prioratus,
518 1689 700 1729 decanatus,
722 1695 775 1722 aut
798 1688 855 1722 loci
883 1687 1078 1731 huiusmodi,

324 1738 372 1783 cui
401 1738 444 1784 lii,
479 1739 515 1773 ad
552 1750 632 1786 quos
663 1737 743 1772 dicta
779 1737 895 1772 creatio
932 1737 1078 1783 pertinet,

325 1788 527 1835 praefuerint,
542 1788 732 1828 induantur3
749 1798 806 1821 nec
829 1799 884 1834 per
900 1798 955 1820 eos
974 1786 1081 1820 huius-

325 1837 408 1872 modi
426 1838 553 1877 creatio,
569 1837 696 1871 babitus
718 1835 842 1870 traditio
856 1848 911 1870 seu
930 1835 1079 1881 receptio,

326 1886 385 1920 nisi
410 1886 553 1934 personis
579 1885 699 1920 ordinis
721 1897 776 1918 seu
800 1885 962 1931 religionis
988 1884 1080 1918 eius—

325 1934 396 1969 dem
438 1935 478 1970 de
503 1943 625 1969 caetero
647 1934 903 1975 committantur;
931 1942 960 1967 et
996 1932 1079 1980 quod

326 1983 405 2018 infra
445 1992 570 2031 tempus
611 1982 806 2030 probationis
833 1982 871 2016 ad
912 1981 977 2017 loca
1011 1982 1081 2025 alia,

327 2033 385 2067 nisi
409 2033 626 2068 conventualia
649 2032 787 2072 suerint,
815 2044 875 2066 non
904 2032 1079 2066 mittantur.

327 2081 537 2117 Decernimus
563 2094 702 2129 qnoque,
724 2080 807 2128 quod
831 2093 902 2115 cum
928 2080 1083 2114 immine-

329 2131 374 2164 bit
414 2131 594 2167 buiusmodi
630 2130 768 2178 receptio
801 2128 964 2174 facienda,
993 2129 1015 2163 si
1044 2128 1081 2163 ad

329 2180 493 2221 antistites,
513 2180 641 2215 abbates
660 2179 705 2214 vel
730 2178 884 2227 praelatos
905 2178 998 2219 alios,
1023 2190 1082 2212 una

329 2241 400 2264 cum
424 2229 573 2277 capitulis
600 2229 647 2264 vel
662 2228 869 2264 conventibus
885 2227 1082 2268 eorumdem,

330 2291 386 2313 seu
414 2291 486 2314 cum
515 2278 700 2313 eorumdem
728 2290 885 2312 consensu
918 2278 1083 2324 pertineat,

329 2337 359 2362 et
382 2328 517 2375 capitula
541 2341 595 2362 seu
623 2335 797 2362 conventus
820 2327 1015 2370 huiusmodi,
1039 2326 1083 2360 vel

330 2390 439 2412 eorum
463 2378 561 2412 maior
584 2389 656 2424 pars
677 2376 714 2411 ad
737 2389 806 2411 eam
824 2389 900 2423 pure
916 2375 1085 2423 procedere

332 2428 377 2461 vel
398 2427 569 2474 receptioni
587 2426 769 2460 huiusmodi
791 2437 846 2472 pro
869 2437 978 2459 eorum
998 2424 1086 2460 libito

333 2485 467 2511 renuant
488 2476 678 2520 consentire,
692 2475 859 2515 antistites,
880 2473 1010 2509 abbates
1031 2487 1085 2509 5611

334 2526 384 2560 alii
415 2526 541 2572 praelati
572 2533 642 2573 post
678 2525 775 2572 ipsos,
804 2536 858 2558 eos
882 2531 1029 2558 moneant
1058 2524 1086 2557 in

336 2575 448 2609 virtute
471 2575 668 2610 obedientiae
692 2582 723 2609 ut
752 2585 828 2621 pure
851 2585 886 2607 ac
912 2571 1086 2608 secundnm

334 2623 451 2664 Deum,
474 2634 503 2659 et
522 2624 605 2659 iuxta
627 2636 735 2658 eorum
759 2622 985 2657 conscientiam
1010 2621 1088 2655 infra

415 2681 489 2712 Butl.
505 2681 581 2711 Rom.
611 2681 663 2710 Vol.
681 2680 728 2709 IV.
932 2679 970 2709 48

1107 406 1201 448 Quod
1230 408 1254 441 si
1285 406 1362 440 sorte
1391 406 1420 439 id
1444 406 1543 441 facere
1568 407 1727 452 negligant
1751 408 1796 440 vel
1819 421 1862 441 re-

1108 466 1232 497 11156111,
1255 456 1293 490 ad
1321 456 1447 490 eosdem
1471 456 1639 494 antistites,
1670 457 1800 491 abbates
1817 458 1860 491 vel

1110 505 1266 551 praelatos
1301 506 1379 540 alios
1407 505 1523 539 creatio
1550 517 1605 539 seu
1631 507 1769 552 receptio
1797 508 1860 552 ipsa

1110 554 1205 589 libere
1233 555 1428 599 devolvatur,
1456 555 1629 589 dnmmodo
1658 556 1698 589 nil
1734 556 1863 591 frandu-

1111 605 1210 639 lenter
1233 616 1287 651 per
1309 617 1362 639 eos
1384 613 1488 639 actum
1515 605 1603 638 fuerit
1624 605 1653 638 in
1672 607 1862 651 praemissis.

1109 654 1170 696 Qui
1190 653 1317 701 quidem
1341 654 1509 691 antistites,
1532 653 1661 688 abbates
1683 663 1711 688 et
1736 656 1864 702 praelati

1110 703 1160 737 alii
1191 704 1220 738 in
1245 704 1323 738 locis
1351 704 1380 737 in
1412 703 1530 750 quibus
1556 704 1717 750 sexaginta
1742 705 1863 739 monaci

1112 753 1156 788 vel
1178 754 1342 801 pauciores
1365 754 1491 797 suerint,
1515 766 1586 788 cum
1611 754 1744 789 consilio
1766 755 1867 789 senio-

1113 817 1193 843 rum,
1230 803 1399 851 proborum
1427 812 1456 837 et
1485 802 1694 838 discretorum
1735 816 1865 838 suorum

1112 852 1320 901 capitulorum
1346 853 1390 887 vel
1407 860 1633 891 conventuum.
1648 852 1866 899 eligendorum

1114 916 1167 949 per
1193 915 1259 943 eOS,
1296 902 1418 937 tertiam
1451 910 1570 948 partem
1595 914 1727 935 numero
1751 901 1867 936 facien-

1114 953 1211 993 tiutn3
1240 952 1270 986 in
1299 951 1370 986 aliis
1398 963 1471 986 vero
1499 951 1575 985 locis
1597 950 1626 984 in
1655 950 1770 997 qnibns
1799 963 1867 984 mo-

1114 1014 1181 1036 naci
1206 1013 1374 1035 numerum
1402 1011 1639 1046 sexagenarium
1664 1000 1868 1043 excesserint,

1114 1063 1186 1085 curn
1230 1050 1362 1085 consilio
1402 1049 1581 1088 seniorum,
1618 1048 1789 1095 proborum
1839 1057 1868 1081 et

1115 1099 1326 1134 discretorum
1338 1111 1374 1133 ex
1385 1099 1430 1132 eis
1445 1098 1607 1133 dumtaxat
1622 1097 1765 1132 eamdem
1781 1109 1869 1131 crea-

1116 1149 1231 1183 tionem
1272 1157 1303 1183 et
1331 1148 1544 1194 receptionem
1581 1158 1652 1180 cum
1676 1146 1734 1180 Dei
1759 1146 1870 1180 timore

1115 1209 1150 1232 ac
1185 1196 1380 1231 observantia
1420 1195 1545 1241 regulae
1585 1195 1625 1229 de
1660 1195 1813 1242 personis,
1837 1203 1871 1229 ut

1117 1245 1319 1292 praedicitur,
1334 1245 1457 1279 idoneis
1470 1244 1573 1279 facere
1591 1256 1652 1277 non
1671 1252 1871 1291 postponant,

1116 1294 1249 1329 aliorum
1273 1294 1521 1329 contradictione
1549 1293 1578 1326 in
1608 1293 1713 1339 aliquo
1737 1305 1798 1327 non
1821 1292 1871 1326 ob-

1117 1352 1229 1378 stante.
1264 1343 1478 1378 Proltibemus
1512 1342 1652 1386 insuper,
1695 1354 1733 1375 ne
1759 1341 1874 1388 aliquis

1118 1393 1286 1438 recipiatur
1314 1393 1343 1426 in
1374 1403 1541 1427 monacum
1570 1390 1689 1424 ordinis
1715 1402 1770 1424 seu
1799 1390 1875 1424 reli-

1118 1442 1221 1486 <6101115
1243 1441 1399 1485 eiusdem,
1428 1441 1485 1474 nisi
1514 1439 1618 1474 statim
1643 1439 1791 1473 induatur
1818 1439 1875 1472 ba-

1120 1490 1184 1524 bitn
1208 1491 1373 1534 monacali,
1397 1502 1454 1524 nec
1472 1490 1578 1524 literae
1594 1501 1648 1522 sen
1666 1489 1875 1523 instrumenta

1119 1552 1215 1587 super
1242 1540 1345 1574 futura
1375 1540 1554 1586 receptione
1578 1549 1783 1572 monacorum
1811 1538 1876 1571 ali—

1119 1589 1236 1635 quibus
1258 1589 1487 1632 coneedantur,
1502 1596 1553 1622 ant
1579 1587 1807 1633 promissiones
1820 1598 1875 1621 sen

1120 1638 1328 1684 obligationes
1356 1639 1432 1673 aliae
1466 1636 1540 1671 inde
1576 1636 1660 1670 liant.
1697 1635 1737 1670 Ut
1772 1644 1875 1669 antem

1120 1687 1272 1722 adversus
1306 1700 1372 1727 eos,
1394 1688 1462 1734 qni,
1499 1694 1641 1732 tempore
1685 1683 1877 1731 probationis

1121 1737 1239 1783 elapso,
1255 1737 1363 1772 volunt
1380 1736 1530 1783 regularis
1547 1734 1754 1782 professionis
1772 1743 1877 1769 votum

1121 1788 1276 1831 emittere,
1315 1786 1434 1821 nullius
1461 1784 1654 1819 difficultatis
1680 1783 1877 1819 obstaculum

1123 1837 1294 1883 ingeratur,
1317 1835 1472 1870 universis
1502 1843 1532 1868 et
1559 1833 1695 1879 singulis
1723 1832 1879 1880 praelatis,

1121 1886 1158 1920 ad
1182 1898 1261 1932 qnos
1291 1886 1437 1932 pertinet,
1465 1895 1540 1918 51105
1568 1894 1718 1917 monacos
1754 1882 1791 1916 ad
1817 1881 1880 1915 hu-

1123 1934 1258 1969 iusmodi
1299 1934 1525 1981 professionem
1557 1932 1696 1978 recipere
1730 1930 1881 1965 duximus

1124 1983 1363 2029 iniungendum,
1393 1993 1425 2018 nt
1465 1993 1576 2016 omnes
1604 1981 1673 2015 illos
1700 1981 1765 2027 qni,
1797 1980 1880 2014 dictu

1123 2040 1263 2079 tempore
1287 2032 1481 2079 probationis
1502 2030 1620 2077 elapso,
1643 2041 1790 2076 expresse
1814 2041 1883 2075 pro-

1125 2083 1202 2115 literi
1244 2082 1411 2122 voluerint,
1441 2081 1523 2115 iuxta
1554 2079 1705 2125 regularia
1741 2078 1880 2112 instituta

1124 2131 1191 2164 sine
1213 2131 1364 2165 dilatione
1400 2142 1436 2165 ac
1467 2128 1649 2163 difficultate
1687 2126 1881 2174 quibuslibet

1124 2179 1161 2213 ad
1202 2180 1386 2215 huiusmodi
1432 2179 1658 2225 professionem
1705 2176 1878 2211 admittam

1125 2229 1219 2270 Quod
1248 2231 1271 2264 si
1297 2229 1396 2264 facere
1425 2228 1492 2263 sine
1517 2226 1691 2262 rationabili
1721 2237 1814 2260 causa
1839 2237 1881 2258 re-

1126 2279 1322 2321 cusaverint,
1348 2278 1465 2312 tamdiu
1502 2277 1564 2311 sint
1597 2275 1707 2309 stallus
1734 2274 1820 2308 cbori
1852 2282 1882 2306 et

1127 2329 1215 2363 locus
1237 2328 1364 2374 capituli
1396 2326 1559 2360 abbatialia
1585 2325 1630 2359 vel
1652 2323 1794 2371 prioralia
1812 2322 1881 2367 <nbi

1128 2389 1183 2424 per
1206 2378 1341 2423 priorem
1365 2375 1589 2411 monasterium
1613 2374 1823 2420 gubernatur)
1839 2374 1883 2406 in-

1128 2426 1257 2461 terdicta
1286 2425 1420 2466 eisdem,
1443 2425 1544 2459 donec
1577 2423 1731 2471 praefatos
1754 2422 1791 2456 ad
1816 2434 1884 2469 pro-

1129 2477 1297 2511 fessionem
1327 2474 1503 2521 receperint
1529 2473 1732 2508 antedictam.
1767 2472 1804 2506 Et
1834 2472 1884 2505 ni-

1130 2526 1303 2561 bilominus
1331 2525 1359 2559 id
1403 2536 1457 2571 per
1497 2524 1674 2558 visitatores
1703 2520 1882 2568 provinciali

1131 2575 1268 2623 capitulo
1306 2574 1469 2616 reseratur,
1509 2581 1542 2607 ut
1578 2584 1632 2619 per
1668 2570 1884 2618 praesidentes

1131 2625 1232 2658 eidem
1266 2622 1402 2671 capitulo
1425 2621 1530 2658 debite
1555 2622 1736 2669 puniantur,
1760 2620 1884 2669 proviso

1874 251 1924 276 An.
1943 252 1971 275 01.
1994 251 2058 275 t33f>
