2274 3265
218 282 265 307 Αιι.
281 282 299 305 C

332 282 395 307 ¹384

460 271 530 302 διιιι

449 334 476 363 02.
496 333 543 362 Eis
560 333 749 362 confirmatur
772 331 807 360 ab
826 330 952 360 Urbano.
968 347 1006 352 —
1025 330 1050 359 3.
1067 330 1156 358 Clau—

449 378 542 407 sulae.

470 448 593 476 Urbanus
612 447 753 482 episcopus
773 453 868 474 servus
888 452 1028 474 servornm
1044 445 1099 477 Dei,

543 502 577 529 ad
607 501 769 537 perpetuam
788 500 829 528 rei
855 500 1022 528 memoriam.

458 573 658 620 Apostolicac
685 572 844 607 servitutis
879 571 968 606 nobis
1003 571 1158 604 iniunctae

257 632 369 650 ¹⁰⁴¹¹=¹i¹¹¹¹=
409 624 547 669 desuper
569 623 705 657 ollicium
731 630 866 656 mentem
891 629 1028 655 nostram
1045 620 1158 654 excitat

223 976 328 996 fratribus
339 977 381 996 liis

215 1014 224 1027 a
242 1007 318 1027 lnanne
344 983 396 1027 XXll

215 1040 289 1057 tradita
326 1044 369 1061 rev
365 1038 399 1058 il

214 1069 233 1088 S.
252 1069 366 1094 Augustini.

231 1719 264 1740 Eis
288 1720 400 1739 coufirma-

217 1755 248 1771 tur
265 1751 289 1770 ab
310 1750 399 1770 Urbano

408 683 437 707 et
467 672 598 712 inducit,
627 680 660 706 ut
686 672 769 706 circa
798 684 845 714 ea,
867 682 947 717 quae
971 670 1062 704 statui
1087 682 1159 716 pro-

409 735 502 769 spero
539 734 743 769 personarum
772 720 832 755 sul)
856 720 1018 765 religionis
1048 718 1157 753 habitu

409 772 514 807 studio
551 771 726 806 vacantium
751 770 819 817 piae
848 770 926 804 vitae
949 769 986 803 ad
1014 780 1159 814 persevc-

410 822 540 856 rantiam
565 821 661 855 divini
690 820 806 855 servitii
830 826 1005 866 opportuna
1035 818 1160 864 prospi-

409 872 522 911 cimus,
544 870 688 916 operosis
713 869 825 904 studiis
848 867 1058 902 intendamus.

459 927 474 964 5
499 924 528 954 l.
552 920 634 954 Olim
657 918 814 966 siquidem
842 918 941 952 felicis
968 916 1160 951 recordatio-

386 971 459 1006 onis
482 970 614 1004 loannes
638 968 721 1015 Papa
743 967 830 1002 XXlI
859 966 1087 1012 pr·1edecess01
1109 978 1161 999 ιιο

411 1030 474 1055 ster
495 1019 618 1053 dilectis
633 1017 704 1051 filiis
727 1017 820 1064 prioii
843 1015 979 1070 gemetali
1006 1023 1036 1049 et
1058 1014 1161 1049 fratri-

412 1069 471 1104 bus
492 1068 525 1102 S.
547 1067 634 1102 Pauli
663 1067 760 1101 Primi
788 1065 973 1100 Eremitae
968 1078 997 1099 ιιι
1022 1064 1161 1109 Ungatia

410 1128 439 1153 et
456 1118 524 1152 aliis
547 1117 654 1151 mundi
676 1116 816 1163 partibus
837 1115 1013 1157 contitutis,
1031 1114 1162 1149 Ordinis

411 1167 517 1204 Sancti
540 1166 722 1212 Augustini,
750 1165 888 1211 tegulam
915 1164 1058 1199 eiusdem
1087 1176 1163 1197 san-

410 1218 450 1252 cti
467 1216 636 1272 Augustini
654 1228 783 1270 percos
805 1222 835 1249 et
853 1226 1055 1249 successores
1074 1213 1162 1260 ipso-

411 1280 479 1302 rum
504 1267 533 1301 in
556 1266 633 1301 locis
654 1278 732 1304 suis,
748 1276 828 1311 quae
851 1263 1008 1298 habebant
1027 1271 1055 1297 et
1074 1275 1164 1310 prac-

411 1325 512 1352 stante
527 1315 666 1350 Domino
682 1314 709 1349 Ιι·
705 1314 832 1349 aberent
848 1314 1067 1361 imposterum,
1091 1325 1164 1359 per-

412 1367 515 1414 petuis
553 1365 665 1399 futuris
699 1363 896 1410 temporibus
934 1362 1162 1397 observandam

411 1415 596 1451 auctoritate
623 1413 793 1461 apostolica
827 1413 996 1451 concessit
1022 1424 1058 1446 ac
1082 1424 1165 1446 non-

413 1466 497 1500 nulla
519 1465 579 1500 alia
603 1464 730 1498 indulsit
759 1463 851 1509 priori
880 1471 910 1498 et
935 1461 1085 1497 fratribus
1114 1475 1166 1496 su-

414 1515 575 1562 pradictis,
599 1526 721 1560 nosque
749 1513 953 1560 postmodum
983 1511 1164 1546 liuiusmodi

414 1564 617 1612 privilegium
653 1563 728 1597 dicti
753 1562 880 1597 loannis
913 1561 1166 1609 praedecessoris

413 1615 563 1649 duximus
586 1612 812 1647 ιιιιιοι3ιιι1ιιιιι

463 1664 483 1711 5
509 1667 542 1698 2
567 1662 649 1697 Cum
677 1671 794 1707 autem,
815 1662 897 1696 sicut
923 1661 1061 1696 exhibita
1078 1660 1167 1695 nobis

416 1727 471 1761 pto
509 1720 596 1760 parte
622 1712 778 1746 dictorum
822 1711 935 1758 prioris
970 1719 1001 1745 et
1036 1710 1166 1745 siwatium

417 1763 525 1811 petitio
546 1762 738 1802 continebat,
756 1761 884 1809 quidam
908 1761 1022 1795 conosi
1040 1772 1076 1795 ac
1094 1760 1169 1794 sim-

417 1814 514 1861 plices
546 1824 580 1846 se
616 1812 655 1846 de
690 1812 788 1858 ipsis,
821 1823 901 1858 quae
936 1823 999 1845 ιιοιι
1033 1810 1167 1844 multum

417 1877 476 1910 exp
479 1862 614 1903 edium,
652 1862 861 1896 intromittere
899 1861 1062 1900 volentes,
1092 1860 1168 1907 ipsis

419 1912 512 1961 priori
537 1921 567 1947 et
591 1911 736 1946 fratribus
758 1919 789 1946 et
815 1924 924 1946 eorum
948 1888 1083 1951 Ordini,
1113 1922 1169 1957 pro

418 1976 455 1998 eo
476 1962 561 2010 quod
592 1962 621 1995 in
651 1961 810 2008 praedicto
843 1961 1007 2008 privilegio
1036 1938 1167 1994 veibum

419 2012 667 2048 confirmationis
689 2024 744 2046 seu
769 2011 1005 2058 approbationis
1029 2022 1091 2044 non
1118 2023 1170 2044 ex-

421 2062 576 2110 primitur,
604 2061 657 2096 sed
691 2061 735 2095 eis
757 2061 917 2095 dumtaxat
950 2060 1033 2094 dicta
1063 2059 1169 2106 regula

420 2113 616 2167 conceditur,
640 2111 739 2158 palam
768 2119 799 2145 et
825 2110 950 2145 occulte
985 2109 1169 2153 den-,atiani

421 2171 450 2197 et
472 2162 540 2196 de
535 2162 610 2208 ipsis
637 2161 860 2207 obloquantur,
889 2173 944 2207 pro
969 2168 1054 2207 parte
1082 2159 1169 2206 ipso-

423 2225 491 2246 rum
516 2212 628 2258 prioris
650 2220 679 2245 et
708 2211 836 2245 tffranum
874 2210 962 2245 nobis
989 2210 1047 2243 suit
1068 2209 1171 2244 humi

422 2262 492 2296 litei
514 2261 740 2316 supplicatum
770 2269 800 2294 nt
825 2260 989 2307 providete
1010 2260 1056 2293 eis
1078 2271 1172 2305 super

425 2324 605 2358 praemissis
639 2310 677 2344 de
705 2311 898 2356 benignitate
914 2309 1095 2365 apostolica
1123 2308 1173 2342 di-

424 2373 600 2407 gnaremnr.
636 2360 700 2394 Nos
729 2361 756 2405 ιδ·
748 2360 839 2399 itur,
867 2360 919 2406 qui
956 2359 995 2393 de
1032 2360 1171 2405 ipsotum

426 2410 537 2457 prioris
567 2419 596 2444 et
624 2409 751 2444 fratrum
782 2410 839 2443 vita
866 2417 896 2444 et
930 2409 1080 2443 institutis
1117 2421 1172 2442 su-

427 2473 497 2494 mus
519 2459 658 2507 plenarie
676 2459 845 2499 informati,
868 2459 912 2493 eis
942 2459 970 2491 ιιι
996 2458 1175 2505 praemissis

429 2509 592 2556 providere
628 2509 778 2552 volentes,
797 2508 1049 2543 consideratione
1081 2508 1173 2542 etiam

428 2559 582 2593 camsimi
613 2559 642 2592 in
670 2559 798 2593 Cliristo
822 2558 873 2592 lilii
904 2558 998 2592 nostri
1022 2557 1174 2591 Ludovici

431 2609 512 2654 regis
533 2608 689 2654 Ungariae
714 2608 842 2643 illustris
866 2607 1004 2654 ipsorum
1031 2606 1124 2652 regis,
1141 2619 1176 2641 ac

432 2658 542 2705 prioris
568 2666 596 2692 et
620 2657 748 2692 fratrum
774 2658 802 2691 in
827 2657 884 2691 liac
913 2665 997 2705 parte
1021 2656 1176 2704 supplica—

991 277 1026 299 titt
1033 276 1089 298 ΗΑ
1096 275 1174 297 ittttm
1201 273 1361 296 “mmmm

1201 327 1340 362 tionibus
1384 325 1534 367 inclinati,
1564 323 1760 369 praedictum
1793 322 1946 357 Ordinem

1200 377 1299 411 dictet
1304 388 1354 410 ιιιιι
1379 374 1490 420 prioris
1511 381 1543 407 et
1565 373 1693 407 Γ·ι3ιιιιιιι
1716 371 1776 406 sub
1798 371 1882 406 dicta
1905 385 1949 406 re-

1199 426 1270 472 gula
1293 435 1323 460 et
1347 423 1466 463 liabitu,
1493 435 1586 469 quem
1612 429 1746 467 «restant,
1765 422 1949 456 auctoritate

1199 475 1369 523 apostolica
1392 481 1501 507 tenore
1524 470 1735 518 praesentium
1761 470 1950 505 tutilieamus

1200 535 1229 560 ιι
1251 525 1343 560 ctiam
1366 521 1590 569 approbamus.

1249 575 1323 620 55.
1347 572 1429 606 Nulli
1453 583 1497 606 ei
1489 583 1529 616 50
1551 570 1681 605 omnino
1716 569 1880 603 Ιιοιιιιιιιιιιι
1914 569 1949 603 li-

1200 632 1268 658 ccat
1290 623 1371 657 lianc
1400 620 1543 668 paginam
1569 627 1745 654 ιιο5ιι3ι·ιιιιι
1771 619 1952 654 ratilicatio-

1202 674 1249 708 nis
1270 682 1300 706 et
1326 669 1563 718 appraobitionis
1585 668 1767 714 infringere,
1795 675 1849 702 etc.

1250 722 1364 756 Datum
1389 720 1509 754 Romae
1537 719 1620 765 apud
1647 719 1799 753 Sanctum
1823 717 1950 752 Petrum

1201 771 1342 806 secundo
1378 770 1450 804 idus
1477 768 1600 813 martii,
1630 768 1830 815 pontificatus
1857 768 1952 802 nostri

1201 834 1283 856 anno
1310 829 1409 855 sexto.

1232 884 1292 914 [tat.
1313 883 1360 913 die
1384 882 1420 912 14
1445 881 1542 911 martii
1563 880 1649 917 1384,
1672 879 1773 920 pontif.
1796 889 1872 910 anno
1888 888 1923 909 vi.

1559 999 1599 1034 X.

1206 1075 1366 1108 Fratribus
1387 1074 1517 1107 Ordinis
1543 1073 1710 1106 Servorum
1737 1074 1871 1106 Sanctae
1889 1072 1955 1104 Ma-

1253 1125 1319 1157 riae
1354 1124 1472 1156 nullam
1510 1123 1638 1155 antehac
1671 1123 1704 1155 ιίι
1729 1122 1806 1155 Urbe
1832 1123 1956 1154 domum

1254 1174 1431 1207 habentibus
1452 1173 1576 1206 ecclesia
1598 1173 1708 1206 Sancti
1729 1172 1872 1205 Marcelli
1886 1183 1956 1205 con-

1253 1224 1368 1256 ccdt‘tttr
1396 1224 1454 1265 (l)⁴

1476 1291 1690 1322 SUMMARIUM

1207 1356 1374 1387 Exordium.
1396 1372 1434 1377 —
1458 1356 1482 1384 l.
1506 1355 1618 1384 Causae
1641 1354 1856 1384 concessionis.
1879 1370 1917 1375 —
1933 1353 1960 1383 ⁹2.

1245 1401 1376 1430 Ecclesia
1399 1400 1426 1429 S.
1447 1399 1587 1436 Marcelli,
1613 1399 1641 1428 in
1667 1409 1722 1437 qua
1754 1398 1888 1427 cationici
1913 1399 1962 1427 de-

1247 1445 1362 1484 gebant,
1383 1444 1523 1474 tratribus
1546 1444 1574 1473 S.
1606 1443 1634 1472 Β.
1658 1443 1692 1472 Μ.
1719 1443 1900 1472 conceditur.
1924 1459 1962 1464 —-

1247 1490 1273 1520 3.
1303 1489 1370 1519 Data
1399 1489 1562 1527 exequendi
1586 1488 1711 1517 facultas
1739 1487 1844 1517 Iacobo
1869 1487 1961 1525 episc.

1248 1535 1378 1563 Aretino.
1405 1551 1443 1555 —
1470 1534 1498 1563 4.
1521 1532 1708 1562 obstantium
1742 1532 1901 1569 derogatio.
1924 1548 1962 1552 —

1247 1580 1274 1609 5.
1298 1579 1401 1608 Alieno
1418 1578 1475 1608 iuri
1494 1581 1622 1607 cautum.

1207 1646 1328 1675 Urbanus
1348 1646 1489 1681 episcopus
1519 1651 1616 1673 servus
1635 1650 1774 1673 servornm
1793 1643 1859 1675 Dei.
1885 1650 1965 1671 vene-

1253 1692 1334 1720 rabili
1353 1691 1441 1720 fratri
1460 1690 1553 1718 Iacobo
1573 1689 1696 1725 episcopo
1707 1689 1828 1722 Aretino,
1845 1689 1965 1717 satutem

1254 1738 1284 1766 at
1302 1736 1482 1773 apostoticam
1506 1735 1729 1764 benedictionem.

1258 1799 1460 1847 Apostolicae
1475 1798 1636 1833 servitutis
1663 1797 1804 1832 officium
1826 1797 1962 1844 desuper

1212 1850 1301 1884 nobis
1328 1850 1487 1884 iniunctae
1515 1856 1655 1883 mentem
1691 1855 1830 1883 nostram
1857 1848 1895 1883 ad
1924 1860 1961 1882 ea

1212 1900 1320 1934 incitat
1341 1908 1371 1934 et
1404 1898 1534 1938 inducit,
1557 1910 1639 1945 quae
1663 1910 1718 1944 pro
1739 1905 1821 1932 statu
1853 1910 1965 1944 perso-

1212 1962 1321 1985 narum
1351 1949 1410 1984 sub
1433 1949 1595 1995 religionis
1631 1947 1738 1983 habitu
1772 1947 1878 1983 studio
1913 1960 1965 1982 va-

1212 2000 1350 2034 cantium
1386 1999 1455 2046 piae
1488 1999 1566 2033 vitae
1588 1997 1756 2033 salubriter
1784 1997 1966 2045 ampliando

1211 2058 1388 2097 opportuna
1425 2048 1661 2096 conspicimus:
1702 2047 1818 2096 illaque
1861 2047 1964 2082 favore

1213 2100 1435 2147 prosequimur
1461 2107 1650 2146 opportuno.

1262 2150 1282 2196 ξ
1311 2152 1341 2183 1.
1361 2149 1446 2184 Sane
1475 2161 1576 2195 nuper
1597 2148 1733 2183 dilectus
1757 2148 1841 2183 filius
1860 2155 1968 2182 noster

1214 2199 1402 2234 Andruinus
1439 2199 1521 2233 tituli
1557 2199 1592 2234 S.
1630 2197 1768 2233 Marcelli
1806 2197 1967 2245 presbyter

1213 2249 1380 2284 cardinalis
1403 2248 1494 2283 nobis
1520 2248 1689 2296 exposuit,
1717 2247 1800 2296 quod
1823 2247 1966 2283 Ecclesia

1214 2299 1247 2333 S.
1282 2298 1420 2334 Marcelli
1456 2298 1496 2334 de
1523 2299 1626 2339 Urbe,
1661 2310 1740 2345 quae
1773 2298 1885 2334 titulus
1918 2298 1967 2333 sui

1215 2349 1425 2384 cardinalatus
1457 2349 1574 2393 existit,
1602 2361 1747 2394 magnam
1785 2347 1880 2383 habet
1911 2361 1969 2382 cu-

1217 2411 1279 2432 ram
1303 2399 1494 2443 animarum⁷
1516 2406 1545 2433 et
1567 2398 1652 2446 quod
1677 2398 1706 2432 in
1724 2398 1790 2445 ipsa
1813 2397 1969 2442 Ecclesia,

1217 2448 1289 2482 licet
1309 2457 1379 2483 octo
1398 2448 1568 2483 canonicos
1590 2448 1714 2487 habeat,
1731 2460 1866 2495 quorum
1888 2460 1970 2482 unus

1217 2497 1380 2532 dumtaxat
1400 2498 1474 2532 inibi
1500 2498 1626 2539 residet,
1648 2497 1793 2533 modicus
1813 2497 1860 2532 vel
1880 2498 1968 2544 quasi

1219 2547 1324 2582 nullus
1347 2557 1490 2582 servatur
1512 2547 1618 2582 cultus
1644 2547 1787 2591 divinus,
1809 2560 1846 2582 ac
1873 2547 1969 2582 iidem

1218 2598 1360 2632 canonici
1388 2597 1425 2632 ad
1458 2598 1602 2632 divinum
1626 2597 1773 2632 Officium
1808 2596 1971 2633 sufficien-

1255 2668 1293 2703 (1)
1315 2669 1352 2695 Ex
1371 2669 1475 2704 Regest.
1495 2669 1519 2695 in
1538 2668 1649 2695 Archiv.
1669 2668 1751 2695 Vatic.

1964 267 2013 294 Αιι.
2032 267 2060 293 C.
2076 267 2142 293 t58ti

2000 584 2117 604 (jtausutao.

2011 1810 2129 1830 Exordium.

1995 2159 2073 2178 Causae
2115 2163 2168 2177 con-

1983 2191 2096 2211 cessionis⁴

2266 2494 2274 2604 ι-πιῑτ
