2274 3265
237 286 274 311 An
304 286 332 311 (ι.
353 283 417 310 ista

254 1918 416 1938 Liceiitiatorum

234 1950 417 1974 laureatommque
446 1958 451 1963 -

235 1980 351 2005 privilegia,

247 2262 383 2282 Cone-mnes
395 2268 418 2282 ae

241 2295 411 2314 circumstantiae

236 2329 336 2343 θΚΊΠΗΠΙ·

482 273 552 305 276

433 338 526 373 nerali
555 350 590 372 ae
612 338 847 371 Institutionum
872 337 916 371 vel
936 337 1017 371 duos
1039 337 1184 383 Digesto-

432 399 500 422 rum
529 386 575 420 vel
607 385 735 420 Codicis
758 385 853 420 libros
867 386 994 432 publice
1021 386 1130 432 legerit
1153 385 1182 420 ιιι

431 436 558 471 eodem:
602 448 664 470 uno
700 447 809 469 eorum
840 435 949 470 saltem
986 435 1123 481 perlecto
1153 435 1182 469 in

433 485 576 520 Romano
607 484 731 524 Studio
755 485 929 531 (profuerit
959 484 1182 519 doetOiQandus

480 539 495 577 ,ξ
523 537 555 568 2.
585 533 715 568 Nullum
746 534 839 568 etiam
869 534 920 580 qui
945 533 1099 568 doc-iotan
1128 546 1184 588 pe-

432 585 513 618 tierit
537 584 565 617 in
591 583 658 617 iure
681 583 835 617 canonico
862 583 1042 617 huiusmodi
1067 582 1184 617 ιΧιιιιιι-

433 641 588 667 nationum
613 632 752 679 recipiat,
777 632 834 666 nisi
857 633 997 678 quinque
1019 632 1110 665 anuis
1131 644 1184 665 ca-

433 683 544 716 nonica
579 682 644 716 iura
676 681 820 724 audierit,
857 694 892 715 ex
925 680 1042 727 quibus
1073 680 1181 714 saltem

431 731 557 765 (luobus
580 730 628 764 illa
652 730 798 765 similiter
821 730 849 763 iu
873 730 977 776 aliquo
999 729 1113 763 Studio
1127 742 1183 775 gc-

432 781 540 823 nerali,
561 792 597 814 ac
619 779 698 814 duos
722 779 767 812 vel
792 791 887 813 unum
912 778 1123 813 Decretalium
1144 778 1184 811 li-

432 829 559 863 brorum
585 828 709 875 publice
733 827 840 873 legerit
861 828 891 860 in
912 839 1054 870 romano,
1069 827 1098 861 iu
1121 839 1183 873 quo

432 878 522 912 fuerit
550 875 791 922 magistrandus.

480 930 494 970 g
523 929 554 960 5.
601 926 633 959 ln
665 925 894 971 praedictorum
939 936 1009 958 iero
1044 923 1181 958 duorum

431 987 586 1010 anuorum
616 986 750 1009 numero
774 982 834 1008 tam
864 986 893 1007 ιιι
920 985 987 1007 iure
1016 984 1182 1012 canonico,

431 1036 524 1071 quam
555 1024 584 1058 in
609 1023 690 1058 civili
716 1023 745 1056 id
770 1022 935 1069 temporis,
958 1021 1040 1068 quod
1071 1022 1183 1056 liuius·

433 1072 517 1107 modi
549 1072 733 1107 doctorandi
774 1071 1033 1111 extraordinarie,
1057 1071 1182 1117 publice

432 1122 501 1156 aliis
534 1121 691 1168 legendo,
724 1120 858 1167 illosque
891 1119 1035 1154 docendo
1059 1120 1183 1166 publice

434 1172 525 1206 etiam
547 1183 607 1205 non
631 1169 789 1204 audiendo
811 1169 1017 1216 expenderint
1034 1169 1183 1224 inaliquo

434 1221 548 1255 Studio
583 1219 719 1266 generali
756 1219 902 1253 volumus
937 1219 1112 1265 computari
1154 1227 1181 1252 et

435 1269 564 1315 perinde
592 1268 710 1312 baberi,
737 1280 771 1302 ac
793 1268 818 1307 si
842 1280 897 1314 per
920 1267 994 1301 illud
1024 1267 1182 1302 audiendo

433 1320 588 1353 dictorum
605 1296 720 1352 ιιιιίιιιιι
736 1317 872 1363 generali
884 1316 1012 1350 Studio
1007 1317 1181 1357 institisset,

433 1376 463 1402 et
492 1368 585 1411 illos,
619 1379 699 1413 quos
728 1366 861 1401 idoneos
889 1365 1048 1411 repererit,
1086 1366 1181 1412 petito

433 1425 553 1451 secrete
581 1416 803 1462 magistrorum
823 1414 1008 1449 eorumdem
1033 1415 1181 1456 consilio3

433 1465 516 1513 quod
540 1466 648 1512 utique
671 1465 840 1499 consilium
861 1463 993 1498 fideliter
1018 1471 1183 1498 teneantur

434 1514 630 1562 impendere,
652 1513 735 1560 quod
760 1514 851 1548 etiam
873 1514 902 1547 in
923 1514 1061 1559 ipsorum
1099 1525 1182 1548 con-

433 1564 602 1598 sulentium
626 1563 826 1609 dispendium
850 1562 896 1596 vel
920 1562 1067 1597 iacturam
1093 1575 1183 1597 reve-

434 1613 487 1647 lari
503 1625 518 1647 a
533 1611 674 1659 quolibet
696 1612 870 1646 districtius
893 1611 1110 1658 probibemus,
1125 1624 1183 1658 ap—

434 1661 542 1708 probet
569 1669 598 1695 et
626 1660 784 1695 admittat:
809 1661 919 1707 eisque
943 1660 1184 1706 petitamlicen-

433 1712 505 1744 tiam
530 1710 693 1756 largiatur:
718 1710 796 1744 alios
824 1710 929 1743 minus
952 1708 1083 1744 idoneos
1105 1710 1182 1744 nul-

434 1760 556 1794 latenus
584 1758 797 1793 admittendo:
834 1758 1018 1805 postpositis
1051 1760 1182 1793 omnino

432 1810 540 1855 gratia,
567 1808 641 1843 odio
665 1808 710 1843 vel
733 1809 855 1852 timore,
883 1808 998 1842 favore.

482 1862 548 1902 §4³
573 1858 617 1892 llli
641 1868 744 1892 autem
765 1858 818 1904 qni
848 1858 879 1892 ιιι
903 1858 1024 1892 civitate
1049 1858 1183 1903 praefata

432 1908 599 1944 examinati
616 1917 645 1942 et
668 1908 829 1955 approbati
854 1907 980 1951 l'uerint,
1000 1919 1034 1942 ac
1050 1907 1182 1941 docendi

432 1958 589 1993 licentiam
618 1957 827 1997 obtinuerint,
856 1965 889 1991 ut
911 1965 958 1991 est
985 1956 1118 2000 dietum,
1146 1970 1183 1991 ex

432 2016 509 2042 tune
531 2007 651 2053 absque
682 2006 915 2041 examinatione
947 2005 991 2040 rel
1028 2007 1184 2052 approba-

434 2060 517 2092 tione
539 2057 596 2091 alia
626 2056 752 2103 regendi
776 2065 805 2090 et
831 2055 964 2090 docendi
983 2055 1100 2102 ubique
1123 2056 1185 2102 ple—

433 2120 503 2142 nam
528 2106 663 2141 babeant
690 2106 881 2146 facultatem,
906 2118 962 2140 uec
984 2118 998 2139 a
1022 2118 1182 2152 quoquam

435 2157 553 2192 valeant
579 2155 751 2202 prohiberi.

482 2207 502 2253 S
530 2207 560 2239 5.
584 2206 667 2240 Sane
691 2213 723 2239 ut
747 2205 803 2239 rite
828 2205 857 2239 in
888 2203 1032 2251 praelatis
1066 2204 1184 2237 exami-

435 2254 615 2290 nationibus
649 2255 862 2301 procedatur,
899 2253 1123 2299 praecipimus,
1153 2261 1183 2286 ut

434 2305 537 2339 dictus
560 2304 692 2339 vicarius
710 2303 879 2350 propositis
902 2311 1035 2344 tantum,
1049 2302 1103 2336 sed
1121 2315 1182 2336 non

435 2355 523 2388 tactis
536 2353 726 2399 Evangeliis,
737 2354 827 2393 iuret,
841 2352 972 2387 lideliter
985 2366 1017 2386 se
1032 2352 1183 2397 personis,

434 2417 514 2451 quae
551 2416 604 2450 per
630 2403 894 2438 examinationem
920 2401 1101 2436 huiusmodi
1134 2414 1183 2435 re-

435 2462 539 2501 pertae
557 2453 671 2488 fuerint
685 2454 816 2491 idoneae,
831 2452 1010 2487 huiusmodi
1026 2451 1181 2485 licentiam

435 2503 598 2550 impartiri.
627 2511 657 2537 et
691 2503 774 2549 quod
800 2502 1015 2547 personaliter,
1039 2513 1099 2534 non
1131 2513 1184 2547 per

436 2554 583 2587 vicarium
626 2553 671 2587 vel
706 2552 911 2586 substitutum
960 2550 1180 2585 examinationi

436 2602 616 2636 huiusmodi
640 2601 751 2636 debeat
775 2602 938 2642 interesse,
962 2600 1019 2634 nisi
1043 2608 1124 2634 esset
1147 2613 1182 2633 ex

435 2651 538 2697 aliqua
575 2651 746 2685 rationabili
776 2663 868 2685 causa
903 2650 981 2685 adeo
1017 2649 1185 2696 impeditus

1019 282 1205 305 BULLAtttt'M
1234 282 1393 305 nonnum

1226 346 1339 383 (super
1360 348 1424 383 quo
1446 336 1516 370 eius
1533 334 1758 369 conscientiam
1778 339 1975 390 oneramus),

1226 385 1309 433 quod
1331 398 1420 420 suam
1441 397 1503 419 non
1528 391 1632 431 posset
1646 383 1870 418 examinationi
1887 396 1976 430 prae

1226 435 1327 469 dictae
1356 434 1553 481 personalem
1575 432 1783 488 praesentiam
1807 432 1974 468 exbiberze

1228 485 1256 518 ιιι
1280 496 1342 531 quo
1374 496 1445 518 casu
1478 483 1581 518 eidem
1620 482 1734 517 vicario
1770 482 1975 517 interessendi

1226 533 1448 567 examinationi
1466 531 1648 567 huiusmodi
1674 543 1729 578 per
1751 531 1846 566 alium
1863 530 1901 565 ad
1918 531 1977 566 hoe

1228 582 1375 616 idoneum
1398 581 1620 620 substitutum,
1645 579 1730 627 quod
1755 580 1843 615 tactis
1864 591 1977 615 sacro-

1226 631 1343 666 sanctis
1370 631 1549 677 Evangeliis
1578 638 1736 677 praestare
1764 629 1976 664 iuramentum

1226 680 1327 714 simile
1355 688 1510 720 teneatur.
1551 687 1659 714 tenore
1689 679 1903 726 praesentium
1927 679 1977 713 in-

1226 729 1415 774 dulgemus:
1447 737 1478 764 et
1512 728 1595 776 quod
1635 728 1751 763 nemini
1795 727 1977 762 huiusmodi

1227 778 1425 824 impertietur
1439 778 1611 821 licentiam,
1628 778 1686 811 nisi
1703 778 1744 818 ei,
1756 789 1850 832 quem
1867 789 1977 812 omnes

1227 827 1272 861 iel
1296 827 1395 861 maior
1418 839 1489 882 pars
1515 827 1693 871 doctorum,
1716 828 1769 873 qui
1797 826 1977 861 liuiusmodi

1226 875 1448 910 examinationi
1477 877 1668 916 intererunt,
1697 875 1927 922 approbabunt.

1274 925 1348 971 gss.
1390 924 1528 970 Magistri
1557 936 1684 972 quoque
1719 925 1750 959 in
1784 924 1866 960 dicta
1894 923 1978 959 Urbe

1227 981 1421 1020 praesentes,
1459 973 1525 1008 sive
1558 981 1629 1008 actu
1663 974 1785 1020 legant,
1808 974 1872 1008 sive
1902 986 1977 1012 uon,

1225 1023 1278 1069 qui
1298 1022 1334 1056 ad
1363 1022 1627 1057 examinationem
1655 1022 1840 1057 huiusmodi
1863 1022 1978 1057 fuerint

1225 1071 1443 1112 convocandi,
1465 1071 1565 1106 semel
1595 1079 1753 1118 praestent
1777 1071 1903 1118 publice
1927 1072 1977 1105 iu-

1226 1128 1430 1161 ramentum,
1463 1120 1546 1167 quod
1576 1121 1634 1167 ipsi
1666 1120 1764 1155 vocati
1788 1120 1826 1155 ad
1850 1120 1975 1154 easdem

1225 1169 1474 1204 examinationes
1513 1171 1650 1213 venient,
1679 1169 1736 1203 nisi
1761 1169 1876 1203 fuerint
1899 1169 1978 1215 legi-

1227 1219 1300 1253 time
1324 1218 1478 1265 impediti,
1501 1227 1531 1253 et
1558 1219 1654 1264 gratis
1676 1218 1795 1253 dabunt
1817 1218 1978 1252 examina-

1225 1276 1328 1302 torum
1353 1266 1647 1311 tidele'consitium,
1663 1268 1715 1314 qui
1739 1267 1778 1302 de
1794 1267 1976 1302 huiusmodi

1225 1317 1410 1351 examinatis
1437 1316 1522 1351 velut
1549 1317 1633 1363 digni
1656 1316 1824 1363 approbari
1844 1315 1979 1351 debeant

1225 1374 1277 1400 aut
1305 1366 1410 1400 minus
1433 1365 1519 1411 digni
1543 1366 1655 1401 merito
1678 1378 1741 1400 non
1765 1365 1899 1400 admitti.
1915 1365 1976 1407 Qui

1226 1427 1298 1449 rero
1334 1415 1514 1450 huiusmodi
1560 1416 1775 1450 iuramentum
1816 1422 1977 1461 praestare

1225 1463 1405 1504 noluerint,
1429 1476 1486 1499 nec
1509 1463 1546 1499 ad
1571 1463 1753 1510 legendum,
1768 1475 1826 1498 uec
1843 1463 1880 1497 ad
1903 1475 1978 1498 exa-

1226 1514 1414 1548 minationes
1430 1513 1555 1548 easdem
1580 1513 1737 1548 ullatenus
1758 1513 1974 1547 admittantur.

1273 1563 1294 1609 g
1322 1565 1353 1595 7.
1381 1561 1496 1597 Modus
1514 1570 1619 1597 autem
1643 1562 1843 1609 subscriptus
1866 1562 1895 1595 iu
1917 1562 1979 1596 bu-

1226 1611 1360 1646 iusmodi
1385 1612 1616 1646 examinatione
1638 1619 1781 1646 servetur
1795 1622 1924 1658 quoque
1946 1611 1977 1645 in

1227 1660 1437 1695 licentiandis.
1454 1660 1532 1695 Nam
1549 1660 1743 1695 licentiaudo
1757 1660 1787 1694 in
1804 1661 1872 1695 iure
1883 1671 1979 1695 cano-

1228 1710 1298 1744 nico
1320 1710 1520 1756 assignentur
1548 1718 1666 1757 puncta
1684 1709 1723 1744 de
1743 1721 1846 1750 mane,
1868 1709 1979 1743 videli-

1226 1767 1275 1794 cet
1298 1771 1397 1793 unum
1427 1759 1590 1794 decretum
1619 1768 1649 1794 et
1673 1759 1765 1793 unica
1793 1758 1977 1799 decretalis,

1228 1808 1419 1843 licentiando
1453 1808 1547 1843 etiam
1583 1809 1612 1842 in
1646 1809 1713 1843 iure
1743 1808 1825 1842 civili
1864 1815 1979 1855 puncta

1227 1858 1301 1893 liora
1330 1858 1487 1904 praedicta
1513 1858 1655 1892 similiter
1676 1858 1887 1904 assignentur,
1917 1869 1977 1892 una

1227 1908 1275 1942 lex
1299 1908 1444 1943 videlicet
1467 1908 1494 1942 in
1518 1907 1647 1954 Digesto
1664 1908 1759 1943 veteri
1779 1915 1809 1942 et
1830 1907 1926 1942 altera
1947 1907 1977 1941 in

1226 1957 1343 1992 Codice
1367 1970 1422 2004 per
1444 1958 1599 1997 doctores,
1633 1970 1729 2004 super
1760 1956 1876 2003 quibus
1902 1956 1979 1991 dicti

1228 2009 1409 2043 licentiandi
1429 2020 1559 2043 examen
1577 2008 1694 2042 suerint
1709 2006 1864 2042 subituri:
1883 2006 1976 2041 iidem

1228 2072 1299 2094 vero
1318 2060 1463 2094 doctores
1490 2059 1526 2093 ad
1552 2057 1733 2092 mandatum
1757 2057 1898 2092 eiusdem
1928 2057 1977 2090 vi—

1227 2109 1301 2144 carii
1332 2109 1405 2144 hora
1429 2109 1620 2156 competenti
1648 2115 1718 2155 post
1745 2119 1859 2142 nouam
1885 2107 1978 2141 eius-

1226 2163 1297 2197 dem
1326 2162 1387 2196 (liei
1412 2175 1507 2209 super
1527 2161 1696 2208 praedictis
1719 2161 1849 2208 punctis
1875 2160 1978 2195 subii-

1227 2217 1307 2250 cient
1332 2215 1557 2250 licentiaudum
1580 2215 1730 2254 examini,
1753 2223 1783 2249 et
1815 2223 1875 2249 tam
1892 2215 1976 2249 circa

1227 2282 1358 2304 examen
1391 2269 1584 2307 huiusmodi,
1608 2269 1691 2316 quod
1723 2270 1753 2303 lit
1778 2269 1806 2302 in
1830 2276 1974 2312 secreto,

1227 2336 1320 2370 quam
1345 2325 1427 2358 circa
1449 2323 1713 2357 examinationem
1732 2322 1889 2369 publicam
1905 2335 1977 2357 eae-

1227 2387 1289 2412 tera
1318 2378 1497 2421 observent,
1520 2390 1599 2424 quae
1623 2378 1652 2411 ιιι
1672 2377 1829 2411 similibus
1849 2389 1975 2412 cousue-

1228 2432 1326 2466 reriut
1355 2433 1384 2465 in
1408 2431 1586 2466 Bononieu.
1615 2431 1728 2466 Studio
1757 2430 1927 2465 observari.

1276 2486 1360 2520 Nulli
1410 2499 1484 2531 ergo
1520 2486 1649 2519 omnino
1688 2485 1851 2519 bominum
1890 2485 1975 2520 liceat

1228 2541 1307 2575 lianc
1342 2542 1487 2587 paginam
1523 2548 1646 2575 nostrae
1669 2541 1895 2584 concessionis,
1919 2549 1978 2575 sta-

1227 2596 1295 2633 tuti,
1314 2595 1494 2640 voluntatis,
1519 2595 1740 2643 prohibitionis
1761 2603 1791 2630 et
1819 2596 1978 2642 praecepti

1229 2649 1411 2696 infringere,
1437 2658 1489 2683 etc.

2037 300 2043 306 .
2061 280 2173 306 (3.1518

2006 1577 2085 1598 Puncta
2101 1582 2138 1603 pro
2155 1577 2177 1596 Ιι-

1994 1608 2118 1628 nuntiandis.
