2274 3265
214 287 261 311 An.
281 287 308 310 tt.
331 285 395 311 1⁴25

215 985 293 1006 Natam
302 991 333 1005 ers
344 985 393 1005 aaut,

232 1971 340 1997 §indicari

219 2003 326 2022 molestari
343 2008 362 2021 in
374 2001 403 2021 nl-

296 2039 336 2053 non
364 2034 402 2053 do-

219 2065 276 2084 beot.

238 2412 392 2431 Contrariorum

257 2444 364 2465 derogatio

461 275 529 304 718

409 337 610 384 generalibus
649 335 924 382 quibuscumque,
963 335 1158 381 caeterisque

409 387 573 421 contrariis
596 398 657 419 non
680 383 895 426 obstantibus)
916 383 1085 424 relevandi,
1109 397 1158 417 re-

409 435 558 471 stituendi
592 443 621 467 et
653 434 746 467 etiam
780 432 975 479 reponendi,
997 433 1158 467 contradi-

409 493 513 519 ctores
541 496 666 530 quoque
693 482 850 528 quoslibet
879 490 909 517 ct
932 481 1065 516 rebelles
1095 482 1158 528 pri—

411 534 515 576 vandi,
532 531 716 574 bandiendi,
735 530 920 569 arrestandi,
944 530 1157 565 incarcerandi

409 592 503 630 atque
530 582 634 617 omnia
659 589 688 615 et
710 580 831 627 singula
861 580 992 614 faciendi
1016 589 1045 614 et
1067 592 1157 614 exer-

410 632 513 671 cendi,
529 643 609 678 quae
626 630 764 676 magistri
783 629 1039 676 praedecessores
1055 629 1158 667 vestri,

409 682 462 729 qni
498 681 625 715 suerunt
653 691 708 726 pro
736 687 889 726 ternpore,
918 678 1030 720 facere,
1053 690 1159 724 gerere

409 739 438 765 et
461 742 608 765 exercerc
642 736 812 776 potuerunt
838 740 893 763 seu
916 728 1009 762 etiam
1038 726 1160 761 debue-

410 788 496 823 runt,
525 779 624 817 vobis,
649 777 830 812 liniusmodi
860 777 994 811 durante
1018 776 1160 822 benepla-

409 831 482 873 cito,
505 828 686 863 mandatum
710 827 822 862 damus
844 838 881 861 ac
902 827 997 861 etiam
1027 833 1161 872 potesta-

411 888 485 913 tem.

458 929 526 975 (ΕΒ.
545 927 596 966 Et,
612 935 645 960 ut
660 924 754 960 oflicii
776 924 867 959 vestri
884 923 1064 958 huiusmodi
1082 923 1160 957 libe-

411 978 472 1011 rior
505 985 535 1010 et
565 975 683 1010 facilior
710 975 749 1008 sit
777 973 984 1016 exercitatiO,
1020 973 1159 1007 Nardnm

409 1026 447 1061 de
461 1025 651 1064 Bustacbiis,
662 1031 908 1070 procuratorem,
920 1034 1040 1056 necnon
1056 1023 1159 1068 ipsum

410 1083 439 1110 et
462 1074 628 1109 Nicolaum
653 1074 692 1107 de
710 1072 818 1116 Mutis,
835 1071 954 1106 nobiles
978 1071 1059 1105 viros
1078 1071 1161 1105 cives

1007 280 1107 302 BELLA
1114 280 1143 302 R!
1151 280 1192 301 [Μ
1222 278 1382 300 tttfflANt'M

1204 333 1375 367 missorum
1399 344 1414 365 a
1438 330 1735 377 quoquam,quavis
1757 331 1953 367 auctoritato,

1200 382 1337 415 scienter
1362 380 1406 414 vel
1436 380 1631 425 ignoranter,
1659 379 1827 424 contigerit
1850 385 1953 413 atten-

1202 431 1270 464 turi.

1251 479 1334 513 Nulli
1355 490 1431 522 ergo
1454 485 1505 511 etc.

1252 528 1367 562 Datum
1389 526 1508 561 Romae
1522 526 1604 573 apud
1619 526 1753 560 Satn-tos
1773 524 1955 572 Apostolos,

1202 576 1343 612 secundo
1366 575 1514 610 kalendas
1536 575 1654 622 aprilis,
1680 575 1882 622 pontificatus
1898 587 1956 609 no—

1202 635 1257 661 stri
1281 638 1364 660 anno
1387 633 1506 659 octavo.

1253 688 1303 717 Dat
1320 688 1367 717 die
1381 687 1415 716 31
1436 687 1532 716 martii
1553 686 1636 722 1425,
1653 690 1731 725 pont.
1748 695 1824 715 anno
1843 694 1901 715 νιιι.

1539 805 1621 841 XVI.

1206 881 1339 923 ludaeis,
1366 886 1396 912 ιιι
1428 892 1447 912 α
1474 879 1717 924 christifidelibus
1749 885 1956 916 secernantur,

1252 931 1374 973 st'yntnn
1396 929 1590 973 deserendum
1608 928 1737 961 decernit
1759 940 1826 961 cnm
1842 940 1958 972 poenu-

1253 991 1322 1012 rum
1349 979 1566 1024 praefinitione
1598 986 1704 1011 contra
1727 989 1788 1010 non
1815 978 1958 1021 deseren—

1254 1036 1293 1062 tes
1316 1030 1373 1070 (l).

710 1122 714 1127 .
800 1135 803 1138 ¹
874 1121 879 1127 .
950 1120 957 1128 ι
983 1121 1000 1125 ..
1470 1096 1682 1126 stnnuntun

413 1136 581 1168 romanos,
618 1130 755 1157 notarios
789 1131 879 1156 xestri
908 1120 1014 1159 oflicii,
1048 1120 1159 1154 eadem
1323 1159 1327 1163 ι

410 1173 610 1216 wemmam,
638 1172 771 1206 facimus
798 1180 827 1205 m
850 1169 1047 1204 ordinamus⁸
1206 1159 1392 1189 l’rotennuni.
1417 1175 1455 1180 —-
1480 1159 1503 1187 1.
1526 1157 1699 1216 ludaeorum
1725 1157 1867 1186 nonnulla
1895 1166 1960 1205 sce-

459 1223 479 1269 g
506 1224 539 1256 6.
571 1221 755 1256 Mandantes
790 1220 902 1254 exinde
942 1218 1092 1253 omnibus
1132 1227 1161 1252 et
1246 1204 1492 1276 ¹ssl139¹¹¹¹¹l¹l⁹¹¹s³¹¹ss
1519 1201 1815 1275 .—12'S¹bgnu-m('ju[
1840 1201 1959 1274 adcitum:

220 1281 396 1314 ommium-acas-
411 1271 542 1317 singulis
570 1271 665 1305 nostri
688 1269 834 1316 Capitolii
859 1268 1061 1313 marescallis,
1083 1280 1161 1302 cae-
1245 1256 1363 1320 {¹233
1383 1253 1961 1319 [1-5Ἣῧυὲ,ῗθῗῖἐεῦςυιῗίῗ,1Εέῗιωςῖῃῗὲξ

213 1317 397 1364 ἰῇῖμυιῃὲὑῗᾙοῗ
412 1323 546 1368 [erisque
575 1319 773 1360 ⁰ffi0l31lbffit
801 1327 831 1353 ¹¹¹
861 1319 948 1353 *Obls
970 1327 998 1352 el
1025 1317 1158 1352 sul'ma‘
1245 1309 1371 1369 sissvnu‘m‘
1387 1345 1444 1364 non
1474 1313 1639 1364 descrentes
1663 1309 1773 1363 statuit.
1792 1350 1830 1355 --
1852 1333 1880 1362 4.
1903 1332 1960 1361 Has

213 1376 268 1394 ‘¹¹⁸⁰‘
412 1371 518 1418 gistris
541 1370 652 1405 vestris
679 1377 772 1416 atque
801 1377 936 1402 vestrum
965 1366 1108 1409 cuilibet,
1132 1366 1160 1399 in
1246 1365 1325 1412 10235
1350 1379 1493 1418 publicari
1521 1379 1675 1418 praecipit.
1698 1395 1738 1400 -.
1756 1378 1782 1407 5,
1806 1377 1960 1407 Obslfflffl'-

412 1419 583 1463 similibus,
605 1431 686 1466 quae
715 1417 805 1452 vestri
829 1416 1084 1452 exercitationem
1109 1415 1163 1450 os—
1246 1410 1301 1453 biis
1324 1424 1511 1461 deroga1‚-
1532 1422 1702 1452 Clausulue,

415 1469 473 1504 ficii
496 1475 704 1507 concernunt,
728 1474 855 1513 pareant
873 1475 902 1501 et
924 1465 1073 1501 obediant
1109 1477 1164 1512 pa-

414 1519 487 1552 riter
522 1527 551 1552 et
578 1518 751 1552 intendant.
783 1516 914 1562 Insuper
946 1527 1162 1562 quascumque

413 1566 750 1602 excommunicationis
771 1574 822 1600 aut
852 1565 1007 1599 interdicti
1030 1572 1163 1599 senten-

414 1618 492 1660 tias,
515 1628 632 1663 poenas
654 1625 682 1650 et
711 1614 826 1649 multas
852 1614 928 1648 alias
952 1626 1005 1660 per
1030 1625 1086 1647 nos
1109 1626 1163 1647 sen

416 1666 675 1713 praedecessores
704 1673 827 1698 nostros
856 1664 885 1697 in
916 1664 1081 1709 magistros
1111 1675 1166 1708 pro

416 1724 557 1762 tempore
599 1714 767 1748 existentes
806 1713 909 1747 sorsan
952 1712 1167 1759 promulgatas

413 1768 562 1810 (quarum
580 1764 711 1798 sormam
734 1771 765 1797 et
788 1771 928 1797 tenorem
945 1761 1092 1796 volumus
1110 1761 1166 1795 ba-

416 1814 479 1848 beri
508 1826 563 1860 pro
590 1813 767 1860 expressis)
794 1812 979 1846 auctoritate
1007 1810 1166 1858 praedicta

415 1871 574 1898 cassantes
597 1871 626 1897 et
646 1870 814 1897 irritantes.

464 1913 484 1959 S
507 1915 537 1946 7.
562 1911 737 1959 Vobisque,
753 1920 782 1946 et
798 1911 965 1946 occasione
990 1922 1044 1957 per
1068 1922 1122 1944 ios
1138 1909 1167 1943 in

418 1971 518 1997 vestro
541 1961 643 1997 officio
678 1962 844 2004 factorum,
872 1960 1088 1994 ordinatorum
1111 1972 1167 1994 seu

417 2011 658 2059 quomodolibet
679 2010 972 2045 administratorum
990 2018 1043 2044 aut
1059 2009 1170 2056 quavis

417 2061 584 2096 occasione
603 2060 828 2107 gerendorum,
851 2059 1020 2093 fundorum
1046 2061 1090 2102 (l)
1113 2071 1168 2093 seu

417 2110 737 2145 administrandorum
754 2108 863 2144 nullibi
887 2109 1027 2143 locorum
1042 2109 1070 2142 in
1094 2121 1171 2142 cau-

418 2173 482 2195 sam
500 2160 591 2203 trahi,
606 2159 764 2208 syndicari
784 2167 836 2193 aut
855 2158 930 2192 alias
945 2158 1055 2204 quovis
1077 2158 1171 2192 modo

421 2223 475 2256 per
497 2221 745 2256 quemcumque,
768 2208 859 2243 etiam
883 2208 1069 2242 anctoritate
1092 2219 1171 2254 apo-

420 2259 540 2302 stolica,
564 2258 723 2293 molestari
754 2258 899 2297 valeatis,
923 2257 1032 2292 eadem
1061 2265 1171 2292 aucto-

421 2309 510 2343 ritate
533 2308 750 2343 concedimus.

470 2358 489 2404 S
511 2360 544 2392 8.
568 2357 746 2392 Antedictis
769 2355 1048 2391 constitutionibus
1071 2365 1099 2390 et
1120 2368 1173 2389 or-

422 2406 636 2441 dinationibus
666 2406 860 2453 apostoliciS,
886 2418 1006 2440 necnon
1048 2405 1174 2439 statutis

422 2466 451 2490 et
467 2456 750 2491 consuetudinibus
767 2455 872 2499 Urbis,
889 2455 1087 2502 caeterisque
1103 2467 1176 2489 con-

423 2506 525 2540 trariis
562 2518 623 2539 non
658 2505 858 2540 obstantibus
892 2505 1174 2552 quibuscumque,

423 2555 628 2589 decernentes
646 2555 759 2589 exinde
783 2555 906 2589 irritum
927 2563 957 2589 et
976 2554 1066 2589 inane
1090 2553 1176 2601 quic-

424 2604 500 2651 quid
523 2612 630 2638 contra
661 2604 831 2651 praemissa
859 2617 913 2638 seu
933 2603 1059 2651 aliquod
1084 2615 1176 2651 prae-

461 2665 499 2701 (t)
519 2666 579 2702 Leg.
602 2665 688 2692 forsan
705 2667 862 2699 (tendor-um.

1263 1490 1400 1519 Martinus
1419 1489 1560 1526 episcopus
1581 1496 1678 1518 servus
1694 1496 1835 1518 servorum
1851 1489 1907 1522 Dei.

1354 1540 1387 1567 ad
1407 1540 1570 1575 perpetuam
1588 1539 1630 1567 rei
1648 1538 1815 1567 memoriam.

1258 1607 1359 1642 Sedes
1382 1606 1562 1653 Apostolica
1583 1606 1707 1652 pietatis
1728 1614 1756 1640 et
1778 1606 1963 1640 clementiae

1209 1669 1283 1691 suae
1306 1657 1460 1703 gremium
1486 1655 1609 1690 Iudaeis
1632 1656 1781 1689 continuo
1809 1667 1962 1693 reserans.

1209 1719 1272 1753 quo
1295 1706 1332 1741 ad
1361 1706 1489 1751 gratiam
1515 1705 1688 1751 recolligat,
1711 1705 1736 1738 si
1761 1705 1838 1738 viam
1868 1704 1964 1739 velint

1209 1768 1382 1802 agnoscere
1406 1755 1552 1795 veritatis,
1575 1754 1725 1788 adversus
1749 1754 1817 1788 illos
1845 1766 1882 1788 ex
1906 1755 1963 1791 eis,

1210 1806 1262 1852 qui
1287 1805 1470 1851 religionem
1496 1813 1525 1838 et
1546 1804 1730 1850 profitentes
1753 1803 1897 1838 eamdem
1915 1803 1963 1838 of-

1211 1855 1339 1890 fendere
1368 1867 1429 1889 non
1458 1862 1622 1892 verentur,
1653 1865 1690 1887 eo
1716 1854 1843 1899 gravius
1869 1853 1965 1888 dedi-

1211 1914 1325 1951 gnatur
1347 1913 1377 1939 et
1401 1904 1625 1950 dedignantius
1649 1910 1879 1943 commovetur,
1902 1916 1965 1950 quo

1212 1954 1383 2001 benignius
1416 1962 1444 1988 et
1474 1953 1678 1987 favorabilius
1713 1952 1781 1986 illos
1812 1953 1841 1987 in
1874 1955 1966 1987 terris

1212 2004 1471 2043 christianorum,
1500 2002 1560 2037 sub
1581 2015 1638 2050 spe
1667 2002 1885 2037 conversionis
1911 2015 1967 2037 eo-

1214 2054 1371 2096 rumdem,
1401 2053 1540 2086 noscitur
1563 2053 1731 2087 sustinere.

1263 2103 1282 2150 g
1308 2105 1337 2137 l.
1361 2102 1408 2136 Ad
1432 2102 1623 2136 audientiam
1652 2101 1806 2148 siquidem
1829 2108 1965 2136 nostram

1215 2153 1275 2187 fide
1291 2153 1398 2199 dignis
1418 2152 1567 2186 relatibus
1584 2164 1696 2198 nuper,
1713 2163 1773 2185 non
1797 2151 1866 2185 sine
1883 2152 1965 2196 graii

1217 2212 1339 2237 nostrae
1362 2201 1477 2236 mentis
1506 2200 1694 2241 turbatione,
1719 2200 1859 2248 pervenit
1882 2201 1966 2246 qnod

1216 2252 1360 2286 nonnulli
1390 2251 1495 2285 ludaei
1525 2251 1691 2298 utriusque
1718 2262 1825 2290 sexus,
1848 2252 1902 2297 qni
1936 2251 1964 2283 in

1216 2301 1351 2336 Caffensi
1376 2309 1406 2335 et
1429 2300 1587 2335 Cannensi
1612 2312 1648 2334 ac
1662 2300 1730 2334 aliis
1747 2299 1969 2334 ultramarina—

1218 2364 1285 2385 rum
1316 2352 1450 2398 partium
1479 2349 1670 2390 civitatibus,
1707 2350 1799 2383 terris
1834 2357 1864 2382 et
1892 2349 1969 2383 locis

1216 2400 1460 2435 christianorum
1494 2399 1605 2433 ditioni
1643 2399 1794 2433 subiectis
1826 2410 1971 2432 commo-

1219 2459 1338 2493 rantur,
1361 2449 1400 2484 de
1423 2461 1532 2484 eornm
1557 2448 1769 2483 obstinatione
1793 2460 1854 2482 non
1887 2460 1971 2482 con—

1220 2500 1308 2543 tenti⁷
1336 2499 1396 2532 sub
1424 2498 1543 2533 fraudis
1565 2507 1593 2532 et
1619 2498 1756 2532 malitiae
1781 2497 1971 2544 palliatione,

1220 2556 1378 2595 tamquam
1410 2548 1530 2583 nullum
1563 2548 1592 2581 in
1622 2560 1732 2582 eorum
1764 2546 1872 2581 habitu
1897 2559 1971 2594 spe-

1219 2597 1297 2632 ciale
1319 2598 1444 2644 signum
1463 2626 1470 2637 ,
1493 2610 1556 2644 qno
1593 2609 1648 2644 pro
1683 2597 1808 2632 ludaeis
1843 2597 1970 2644 agnosci

1255 2663 1294 2699 (l)
1314 2664 1352 2690 Ex
1371 2664 1474 2700 Regest.
1496 2664 1522 2690 in
1544 2663 1652 2691 Archiv.
1676 2663 1759 2690 Vatic,

1973 275 2021 300 An.
2041 275 2069 300 C.
2084 274 2152 300 11125

2004 1614 2136 1635 Pron—mium.

1983 2108 2105 2128 ludaeorum
2116 2113 2167 2127 nnn-

1982 2139 2038 2160 nutta
2053 2139 2135 2159 scetem
2147 2143 2168 2158 e-

1982 2173 2085 2190 numerat.
