2274 3265
162 299 210 324 An.
225 298 253 324 C.
278 298 342 324 17125

190 1088 307 1108 Exordium.

166 1640 247 1660 insulae
264 1640 336 1660 Fortu-

154 1675 222 1691 natae.

162 2335 241 2355 Causae
252 2334 334 2355 facien-

151 2366 188 2385 dae
208 2367 332 2386 erectionis,

991 302 1078 325 altitu
1089 302 1158 323 txt's
1186 301 1203 321 V
1229 301 1274 322 ΙΨ.

717 357 754 391 X.

360 441 480 473 Erectio
502 441 684 473 cathedralis
703 440 853 472 Ecclesiae
872 439 1103 472 Forti'sventuroe

408 492 439 523 ιἰι
468 491 579 522 Instatis
604 490 757 526 Caulari't's,
775 501 852 533 quae
873 488 1019 533 lspateusi'
1033 488 1103 521 sub-

407 541 480 573 iecta
505 540 681 573 declaratur
702 540 754 580 (l).

628 616 838 647 Sttittatittttttit

359 680 524 709 Exordium.
541 696 580 700 —
596 679 617 707 l.
631 678 746 707 Insulae
758 678 942 707 Fortunatae.
954 677 1103 707 —llansie

398 723 548 753 faciendae
571 723 739 751 erectionis.
755 739 792 743 —
808 722 834 751 ⁹2.
853 721 965 750 Erectio
990 722 1034 757 (ile
1054 731 1104 759 qua

396 769 422 797 iu
440 768 572 802 rubrica).
591 785 630 789 —-
647 768 673 796 ἶ).
694 767 823 796 Ecclesia
844 767 885 795 sic
908 771 1003 795 erecta
1024 765 1104 804 lspa-

396 812 471 841 lensi
495 811 660 840 subiicitur.
693 828 731 833 -—
756 812 783 841 4.
807 810 990 840 Ohstantiuni
1019 811 1103 840 dero-

395 857 483 894 gatio.
505 873 543 877 ——
561 855 727 885 Clausulae.

401 916 537 955 martinus
556 927 697 962 episcopus
719 934 812 956 sei-vus
831 934 970 956 servorum
993 927 1054 960 Dei.

511 976 545 1004 ad
564 976 688 1004 futuram
716 977 756 1005 rei
779 977 946 1006 memoriam.

405 1040 492 1074 Illius
522 1040 666 1074 coelestis
688 1039 864 1086 Agricolae,
893 1040 962 1074 lesu
985 1040 1101 1075 Christi

354 1090 497 1124 videlicet
525 1089 709 1133 Salvatorls,
743 1090 868 1124 Domini
899 1089 953 1124 Dei
993 1091 1102 1135 nostri,

353 1140 444 1174 cuiu‘s
468 1139 549 1173 vices
573 1139 602 1172 in
628 1140 729 1182 terris,
753 1139 823 1173 licet
847 1140 1004 1183 immeriti,
1020 1139 1103 1174 divi—

354 1191 438 1224 nitus
474 1189 665 1235 suscipimus
700 1189 912 1235 exequendas,
944 1190 1104 1235 pulsamur

352 1239 504 1282 doctrina,
518 1247 547 1272 et
568 1238 695 1285 scriptis
709 1238 898 1285 evangelicis
920 1239 1102 1293 edocemur,

353 1298 384 1322 ut
407 1289 444 1322 ad
466 1300 599 1322 messem
625 1287 765 1326 multam
781 1300 830 1321 cui
854 1288 987 1334 operarii
1013 1289 1101 1334 pauci

351 1338 555 1384 praefuerint
579 1337 826 1371 transmittamus
839 1349 1024 1391 ὀμειυνιοε,
1047 1350 1102 1384 per

350 1400 484 1434 quorum
510 1386 718 1420 ministerium
751 1386 862 1420 messis
885 1386 951 1433 ipsa
979 1386 1101 1421 debitae

349 1437 492 1471 culturae
515 1435 620 1470 adiuta
639 1436 807 1481 suffragiis,
823 1435 934 1470 uberes
956 1435 1102 1470 exhibeat

350 1485 470 1520 fructus
498 1485 526 1519 in
560 1485 695 1520 coeleste
729 1470 876 1520 liorreum
920 1493 1101 1532 opportuno

350 1543 491 1582 tempore
520 1534 731 1582 reponendos

397 1587 458 1628 §L
478 1585 561 1619 Sane
572 1584 609 1618 ad
626 1584 820 1631 apostolatus
836 1586 930 1618 nostri
945 1584 1100 1625 auditum,

351 1634 429 1668 fama
467 1633 590 1680 publiea
627 1634 804 1680 proferente
822 1661 829 1674 ,
865 1633 1101 1681 multorumque

351 1683 411 1716 fide
430 1682 598 1728 dignorum
624 1682 772 1716 relatione
789 1682 940 1729 pervenit,
963 1684 1045 1729 quod
1071 1684 1099 1718 in

350 1732 465 1766 lusulis
491 1731 670 1766 Fortunatis
693 1732 723 1765 iu
753 1731 892 1778 partibus
921 1733 1101 1768 meridianis

348 1781 607 1822 consistentibus,
630 1781 668 1815 de
690 1781 821 1815 Canaria
846 1783 1045 1829 nuncupatis,
1069 1783 1098 1817 in

348 1830 462 1876 quibus
486 1831 565 1865 inter
586 1839 724 1865 caeteras
747 1843 806 1865 uua
830 1830 1098 1877 Laueellotti,alia

348 1879 614 1924 Fortisventurae,
637 1880 694 1914 alia
722 1880 1020 1921 Grandiscanariae‚
1043 1882 1099 1917 alia

348 1929 476 1968 Inferni,
495 1930 552 1964 alia
576 1929 742 1973 Gomerae,
765 1931 821 1964 alia
846 1931 971 1966 Palmae
996 1940 1024 1966 et
1041 1932 1097 1966 alia

350 1979 434 2013 Ferri
461 1988 658 2034 nuncupatae
683 1980 801 2014 insulae
820 1980 859 2014 ab
882 1980 955 2015 olim
973 1981 1099 2028 populis

349 2029 449 2063 Deuin
464 2042 591 2063 minime
605 2029 850 2071 atuoscentihus
870 2031 1036 2085 populiiitie
1050 2031 1100 2066 ha-

350 2079 474 2118 benun,
499 2092 553 2126 per
575 2079 678 2113 dilecti
697 2079 748 2112 filii
768 2079 881 2114 nobilis
902 2093 956 2114 viri
975 2080 1099 2115 loannis

348 2128 386 2162 de
401 2128 584 2163 Betenturia
599 2129 718 2169 militis
728 2137 755 2163 et
771 2129 901 2164 aliorum
926 2130 1095 2165 multorum

347 2178 609 2213 Christifidelinm
643 2179 813 2226 potentiam
853 2188 883 2213 et
912 2179 1095 2214 industriam

348 2240 382 2261 ac
425 2228 638 2275 religiosorum
681 2229 816 2263 virorum
859 2229 1098 2275 praedicationis

348 2278 522 2312 doctrinam
546 2288 575 2313 et
599 2277 792 2324 diligentiam
815 2279 1001 2313 indefessam
1019 2279 1098 2313 Lau-

349 2328 477 2367 cellotti‚
507 2327 761 2362 Fortisventurae
790 2337 820 2362 et
852 2328 937 2362 Ferri
979 2329 1096 2363 insulae

350 2378 525 2424 praedictae
543 2377 675 2412 totaliter
694 2377 881 2413 christianae
903 2378 972 2412 fidei
999 2379 1096 2413 culto-

349 2427 435 2461 ribus
462 2427 834 2474 suhditae,ipsarumque
865 2440 987 2467 omnes',
1022 2441 1097 2463 nec-

349 2490 410 2511 non
427 2476 699 2511 Granitiscanai·iae
717 2485 745 2511 et
762 2477 907 2512 Gomerae
923 2478 1094 2512 insularum

350 2526 591 2573 praedictarum,
620 2540 674 2573 pro
690 2527 782 2560 certis
804 2540 910 2561 earum
934 2528 1095 2562 dumtaxat

350 2576 501 2623 partibus,
520 2576 625 2623 populi
645 2576 680 2609 ad
705 2576 796 2610 fidem
816 2577 999 2612 catholicam
1023 2586 1095 2611 sunt

349 2627 502 2663 conversi,
520 2638 555 2660 ac
569 2626 753 2660 Lancellotti
770 2626 905 2673 quodam
926 2627 955 2661 in
976 2627 1094 2662 honore

384 2697 422 2733 (t)
439 2698 477 2724 Ex
501 2698 603 2733 Regest.
623 2698 646 2724 in
665 2697 771 2724 Archiv.
795 2698 878 2725 Vatic.

1774 290 1835 321 701

1145 363 1175 389 ct
1197 356 1255 389 suli
1279 356 1427 390 vocabulo
1451 356 1557 389 Sam-ti
1582 356 1729 390 Martialis
1751 356 1842 389 ctiain
1861 369 1890 388 in

1145 405 1354 439 cathedralem
1378 415 1491 445 crecta,
1516 405 1683 439 Rnliricen.
1701 413 1891 451 nuncupata,

1145 463 1174 488 et
1196 455 1245 488 cni
1274 455 1372 489 extitit
1394 455 1432 488 de
1457 464 1580 501 pastore
1605 455 1775 501 provisum,
1802 468 1837 487 ac
1862 455 1890 486 in

1148 503 1402 538 Fortisventnrae
1415 505 1472 539 alia
1495 504 1554 539 sub
1576 505 1709 538 Sani-tae
1722 503 1836 538 Mariae
1855 504 1891 536 dv

1148 553 1337 593 Betenttiria,
1365 562 1394 587 et
1429 554 1544 601 reliqna
1579 554 1637 587 snb
1675 553 1714 588 ‹le
1746 553 1890 599 Lzlpulntu

1146 603 1319 643 Ecclesiam
1341 604 1497 638 Gomerae
1513 616 1583 637 vero
1600 603 1711 637 insulis
1729 602 1892 637 antedictis

1145 653 1298 699 quaedam
1335 653 1473 699 cappella
1514 652 1574 687 sul)
1600 652 1742 687 eiusdem
1780 651 1891 686 Beata·-

1146 702 1260 736 Mariae
1283 703 1321 736 de
1345 702 1490 748 Lapalina
1516 702 1673 737 iocntmt'is
1695 710 1892 737 construetur

1146 752 1288 790 fuerunt,
1316 752 1463 799 quodque
1490 751 1514 785 si
1551 752 1579 785 in
1610 751 1764 797 praedicta
1795 751 1891 785 insul.-

1146 802 1408 841 Fortisventurae,
1443 814 1523 848 qnae
1558 800 1594 835 ad
1631 801 1717 840 alias,
1752 800 1890 834 videlicet

1146 851 1438 893 Grandiscanariae,
1471 850 1598 893 Inferni,
1620 849 1787 889 Gomerae,
1808 849 1892 884 Fen-i

1145 910 1175 936 et
1198 901 1323 936 Palmae
1346 901 1473 943 insulas,
1502 901 1530 934 in
1559 900 1675 947 quihus
1689 900 1793 942 etiam,
1816 912 1894 933 con-

1147 951 1301 985 versionis
1318 949 1498 985 huiusmodi
1515 951 1647 984 novitate
1663 949 1893 993 causante,cl‹=-

1145 1002 1281 1035 ricornm
1314 1008 1343 1035 et
1371 1012 1574 1047 personarum
1611 999 1893 1034 ecclesiasticarum

1145 1050 1182 1084 ad
1211 1050 1287 1085 haee
1310 1063 1435 1096 operam
1464 1049 1605 1083 dantium
1635 1049 1743 1084 iaritas
1765 1049 1896 1083 hahetui

1146 1113 1201 1147 pro
1233 1099 1412 1133 huiusmodi
1436 1099 1650 1134 conversionis
1674 1099 1803 1146 negocio
1827 1098 1895 1133 feli-

1145 1150 1222 1184 eitei
1245 1148 1477 1195 prosequendo,
1511 1148 1716 1196 propinquior
1742 1157 1771 1183 et
1799 1149 1895 1194 magi

1145 1207 1320 1246 opportuna
1343 1199 1468 1239 existit,
1504 1207 1607 1244 pastor
1647 1198 1807 1245 proprius,
1842 1199 1894 1245 qni

1143 1261 1314 1283 conversus
1338 1248 1366 1282 iu
1396 1247 1456 1281 side
1483 1247 1634 1282 catholica
1664 1248 1844 1290 instrueret,
1867 1258 1894 1281 et

1144 1298 1236 1332 etiam
1262 1297 1433 1341 roboraret,
1448 1310 1481 1332 ac
1501 1297 1539 1331 de
1557 1297 1762 1331 conversione
1783 1298 1895 1332 infide-

1145 1347 1221 1380 lium
1242 1346 1429 1393 popnlorum
1455 1346 1637 1381 huiusmodi
1660 1346 1830 1393 specialem
1867 1356 1895 1380 et

1145 1395 1268 1430 fidelem
1306 1404 1334 1430 ct
1356 1396 1520 1430 sollicitam
1545 1408 1651 1429 curam
1675 1408 1782 1442 gerere
1802 1396 1897 1441 depu-

1145 1453 1238 1486 tetur,
1267 1445 1382 1479 nedum
1419 1445 1448 1479 in
1473 1444 1753 1479 Grandiscanariae
1780 1453 1808 1480 et
1838 1445 1895 1479 Go-

1144 1507 1260 1538 merae,
1277 1493 1381 1542 quoad
1405 1494 1545 1529 residuas
1569 1503 1670 1541 partes
1701 1507 1822 1537 earum,
1841 1496 1895 1528 sed

1145 1544 1173 1578 in
1204 1544 1330 1579 Palmae
1365 1553 1395 1579 et
1437 1544 1551 1578 Inferni
1589 1543 1699 1578 insulis
1732 1544 1897 1579 antedictis

1145 1595 1273 1640 poterit,
1305 1594 1476 1642 inspirante
1499 1593 1649 1638 Domino,
1679 1606 1790 1640 magna
1812 1607 1895 1629 con—

1145 1644 1297 1677 versionis
1318 1644 1507 1698 popnlorum
1532 1643 1713 1678 huiusmodi
1736 1652 1765 1678 et
1781 1643 1896 1678 anima-

1144 1705 1211 1726 rum
1234 1693 1350 1727 utilitas
1379 1693 1553 1740 provenire.

1193 1742 1213 1788 S
1231 1746 1263 1776 2.
1279 1742 1364 1777 Nos
1358 1743 1463 1797 igitur,
1477 1741 1514 1776 ad
1536 1742 1631 1776 instar
1652 1743 1793 1777 eiusdem
1808 1743 1893 1790 Agri-

1143 1792 1242 1832 colae
1264 1793 1356 1826 cuius
1391 1792 1471 1827 actio
1506 1800 1552 1827 est
1587 1800 1689 1827 nostra
1720 1792 1894 1835 instructio,

1142 1841 1319 1888 cupientes,
1332 1848 1364 1876 ut
1378 1841 1489 1876 messis
1501 1841 1689 1889 populorum
1700 1842 1893 1885 huiusmodi,

1142 1903 1235 1937 quae,
1253 1900 1283 1924 ut
1300 1891 1520 1937 praemittitur,
1536 1891 1705 1926 admodum
1722 1893 1847 1940 copiosa
1863 1902 1893 1927 et

1141 1940 1178 1974 ad
1201 1940 1435 1987 suscipiendam
1460 1941 1551 1976 fidem
1576 1941 1765 1987 praedictam
1790 1943 1893 1990 dispo-

1141 1990 1197 2024 sita
1227 1990 1291 2025 fore
1320 1991 1524 2038 conspicitur,
1546 2000 1669 2027 nostrae
1700 1993 1892 2039 operationis

1143 2039 1327 2080 ministerio,
1352 2049 1444 2087 prout
1467 2040 1556 2076 nobis
1578 2051 1624 2075 est
1648 2041 1808 2088 possibile,
1824 2043 1892 2077 suf-

1142 2089 1293 2135 fragante,
1309 2103 1363 2137 per
1382 2090 1524 2137 proprios
1543 2092 1713 2137 operarios,
1733 2105 1766 2126 ac
1781 2104 1889 2126 eorum

1140 2152 1230 2185 opem
1254 2147 1284 2174 et
1305 2153 1430 2186 operam
1455 2141 1484 2174 in
1505 2140 1666 2175 Ecclesiae
1685 2141 1817 2177 Sanctae
1834 2141 1890 2176 Dei

1140 2197 1170 2223 et
1193 2189 1315 2223 tandem
1334 2190 1363 2225 in
1382 2189 1516 2225 caeleste
1540 2191 1685 2225 horreum
1710 2191 1889 2226 huiusmodi

1141 2247 1322 2285 reponatur,
1351 2239 1522 2274 Ecclesiam
1558 2240 1670 2275 Beatae
1698 2240 1813 2275 Mariae
1853 2242 1890 2274 dv

1142 2288 1322 2323 Beteuturia
1361 2289 1548 2336 praedictam
1582 2290 1618 2324 ad
1655 2290 1890 2337 Omnipotentis

1139 2338 1210 2381 Dei,
1233 2351 1267 2372 ac
1291 2339 1431 2373 eiusdem
1456 2339 1589 2373 Sanctae
1614 2340 1728 2374 Mariae
1764 2340 1887 2375 laudem

1139 2396 1169 2421 et
1207 2388 1335 2433 gloriani
1369 2397 1398 2423 et
1427 2389 1589 2427 honorem,
1626 2389 1721 2424 divini
1761 2403 1887 2437 quoque

1139 2437 1244 2471 cultus
1257 2447 1482 2484 augumentum
1507 2441 1723 2474 etanimarum
1743 2440 1888 2482 salutem,

1139 2487 1177 2521 de
1202 2487 1328 2522 fratrum
1354 2496 1531 2522 nostrorum
1554 2489 1685 2524 consilio
1708 2497 1737 2524 et
1759 2499 1887 2536 aposto-

1139 2537 1216 2571 licae
1235 2538 1396 2584 potestatis
1420 2537 1614 2584 plenitudiue
1631 2539 1660 2572 in
1677 2539 1886 2574 cathedralem

1138 2587 1289 2633 erigimus
1324 2596 1352 2621 et
1384 2588 1475 2621 etiam
1503 2589 1739 2628 constituimus,
1769 2598 1797 2623 et
1825 2589 1887 2624 Ec-

1137 2636 1252 2670 clesiac
1289 2637 1476 2671 cathedralis
1514 2637 1605 2671 titulo
1643 2647 1672 2672 et
1706 2638 1887 2674 honoreac

1139 2686 1282 2733 insigniis
1309 2686 1507 2731 decoramus,
1535 2700 1668 2735 eamque
1694 2688 1732 2723 ad
1765 2700 1885 2725 memo-

1907 301 1958 326 Aa
1975 298 2001 322 (ἶ.
2023 298 2088 322 t'i23

1918 1754 1937 1774 Ει
1934 1755 2042 1779 iectioffle
2055 1762 2094 1781 qua

1910 1792 1929 1806 in
1946 1785 2047 1812 rubrica).
