2274 3265
229 264 276 290 An.
296 264 324 290 C.
344 262 410 290 1503

268 2615 385 2636 Exordium.

476 252 544 285 162

425 329 439 350 a
462 315 563 351 Cuius
585 314 797 349 misericordia
817 325 911 349 omne
938 314 1045 349 datum
1081 316 1171 362 opti-

427 377 525 404 mum,
547 373 578 400 et
599 376 692 399 omne
713 364 884 411 perfectum
906 363 1023 399 donum
1043 364 1171 399 descen-

425 414 481 455 dit,
509 414 623 449 exinde
650 414 799 461 consequi
823 414 983 449 merearis:
1011 422 1042 449 et
1078 426 1170 461 prac-

426 465 504 498 t'atae
526 463 686 498 Ecclesiae
705 471 734 498 te
761 472 883 510 gramm
918 473 948 497 et
988 463 1095 499 utilem
1131 463 1170 497 fi-

424 513 501 548 lium
530 522 770 561 repraesenteS,
797 525 835 548 ac
867 513 907 548 de
935 513 1018 549 bono
1047 524 1171 559 semper

426 563 456 597 in
481 563 594 598 melius
613 564 642 597 in
669 564 740 599 eius
761 563 928 598 dilectione
963 574 1168 606 concrescens,

423 613 533 660 tuique
556 613 693 649 nominis
717 613 795 648 fama
830 612 922 648 latius
958 613 987 646 in
1023 610 1170 659 gentibus

424 663 602 698 extollatur.
625 662 709 698 Nulli
738 674 814 709 ergo
835 662 965 698 omnino
1003 661 1170 696 hominum

425 712 515 747 liceat
541 712 620 747 hanc
643 713 787 760 paginam
814 720 994 747 nostrorum
1017 710 1171 758 receptio-

426 762 484 801 nis,
507 763 744 809 assumptionis,
767 762 885 803 statuti,
908 760 1120 808 suppletionis
1141 768 1171 794 et

424 812 657 847 constitutionis
684 811 866 857 infringere,
890 811 936 845 vel
959 811 985 844 ei
1009 822 1085 844 ausu
1122 817 1171 843 te—

421 862 557 897 merario
583 861 750 897 contraire.
766 859 799 896 Si
823 860 894 907 quis
916 868 1020 895 autem
1043 866 1096 893 otc.

472 910 589 947 Datum
604 910 746 946 Laterani
762 910 902 945 secundo
917 909 1066 945 kalendas
1086 908 1170 949 maii,

423 960 622 1009 pontificatus
640 960 736 995 nostri
765 972 846 995 anno
874 972 968 994 nono.

462 1022 522 1053 Dat.
537 1023 584 1052 die
600 1021 638 1053 30
653 1021 757 1061 aprilis
773 1021 860 1057 1303,
879 1021 981 1061 pontif.
1003 1029 1078 1050 anno
1095 1029 1131 1050 tx.

759 1168 844 1204 XIX.

425 1245 615 1281 Declaratt'o,
657 1244 739 1288 quod
776 1242 930 1287 Unyariue
963 1251 1090 1284 reynum
1131 1239 1173 1271 ad

474 1295 612 1328 Mariam
635 1294 760 1328 Siciliae
785 1293 924 1336 reyinam
958 1297 985 1323 et
1026 1288 1172 1322 Carolum

472 1346 534 1378 eius
550 1350 696 1388 nepotem,
719 1354 779 1375 non
794 1349 893 1375 autem
908 1342 950 1374 ad
977 1339 1172 1372 Vencestaum

436 1428 440 1430 ,
475 1394 638 1427 Bohemi'ae
656 1393 733 1437 reyis
759 1399 866 1425 uatum
891 1390 1043 1435 pertineat
1067 1390 1121 1432 (t).

690 1460 905 1493 SUMMARtUM

422 1527 588 1556 Exordium.
607 1543 645 1549 -
666 1524 749 1554 Dolet
763 1524 798 1554 de
819 1522 979 1560 Hungarici
998 1521 1079 1559 regni
1098 1520 1172 1550 cala-

464 1571 622 1601 mitatihus.
641 1569 860 1599 ——Pontificiae
879 1577 946 1596 esse
965 1565 1172 1596 sollicitudinis

463 1616 549 1646 tantis
573 1615 658 1645 malis
682 1614 859 1654 prospicere.
882 1629 920 1634 -
947 1613 971 1641 l.
994 1610 1172 1641 Venceslaus

463 1661 555 1691 filium
579 1660 608 1689 in
637 1669 735 1697 regem
759 1657 926 1695 Hungariae
953 1656 1079 1685 electum
1105 1654 1171 1685 Sedi

463 1707 562 1744 Apost.
583 1703 779 1734 commendat.
797 1719 835 1724 -—
853 1700 1007 1730 Contendit
1023 1699 1112 1729 Maria
1129 1709 1174 1729 re-

464 1755 553 1788 gnum
576 1749 652 1780 idem
675 1747 875 1778 successionis
898 1747 962 1776 iure
987 1745 1022 1775 ad
1046 1754 1077 1774 se
1101 1754 1172 1784 spe-

463 1799 551 1825 ctare.
573 1811 612 1816 —
629 1793 756 1824 Vocatur
774 1797 897 1831 uterque
916 1792 944 1821 in
963 1790 1117 1821 iudicium.
1135 1806 1174 1812 -

463 1838 490 1869 2³..
521 1838 608 1869 Maria
642 1843 669 1867 et
694 1837 815 1867 Carolus
847 1841 995 1866 oratorum
1027 1843 1113 1874 opera
1144 1834 1173 1864 in

465 1884 574 1913 iudicio
597 1883 713 1913 sistunt.
736 1898 773 1903 -
795 1881 822 1910 3.
842 1880 1025 1910 venceslaus
1048 1883 1077 1908 et
1096 1878 1173 1908 filius

464 1928 561 1957 inania
581 1927 745 1956 obtendunt
766 1925 897 1963 diffugia.
919 1940 957 1945 -
978 1924 1006 1952 4.
1034 1922 1173 1952 Rationes

465 1973 619 2010 utriusque
643 1971 747 2009 partis;
772 1986 811 1991 —-
839 1969 953 2004 Quibus
972 1967 1047 1997 bene
1066 1967 1175 1996 exami—

463 2017 549 2053 natis,
572 2025 695 2054 regnum
719 2015 824 2045 Mariae
848 2019 874 2043 et
892 2013 996 2042 Carolo
1015 2012 1173 2042 adiudica—

464 2066 518 2090 tur.
540 2077 579 2082 —
600 2059 677 2090 lussi
705 2068 843 2099 proceres
867 2067 898 2087 ac
923 2057 1075 2097 praesules
1105 2057 1175 2086 obe-

463 2105 603 2135 dientiam
622 2104 683 2134 illis
703 2103 850 2133 exhibere.
872 2119 911 2124 --
929 2103 956 2131 5.
975 2101 1056 2130 Vetat
1076 2102 1172 2130 iunio-

463 2159 524 2179 rem
554 2148 749 2178 Vcnceslaum
779 2147 857 2185 regis
886 2146 981 2184 Hung.
1014 2146 1097 2175 titulo
1124 2146 1172 2175 in-

466 2194 588 2233 signire,
617 2210 656 2215 -
687 2192 719 2221 Et
755 2193 892 2232 praestita
929 2191 955 2220 ei
991 2195 1173 2220 sacramenta

464 2239 624 2268 rescindit:
642 2254 681 2259 —
702 2238 730 2266 6.
748 2236 839 2275 Eique
863 2237 1080 2275 quadrimestre
1100 2244 1174 2264 con-

464 2284 560 2313 stituit
587 2284 621 2313 ad
645 2283 707 2311 iura
742 2282 777 2311 de
805 2281 942 2320 petitorio
972 2281 1173 2319 producenda.

463 2345 501 2350 ——
524 2329 549 2357 7.
567 2327 776 2358 Reformationi
797 2326 929 2356 eiusdem
951 2325 1033 2362 regni
1057 2325 1177 2354 consul—

462 2379 562 2402 ¹turum
586 2383 617 2402 se
641 2373 803 2412 profitetur.

471 2439 624 2469 Bonifacius
643 2439 784 2475 episeopus
806 2445 903 2468 servus
919 2444 1056 2467 servorum
1075 2437 1131 2469 Dei.

563 2491 595 2518 ad
623 2491 784 2526 perpetuam
817 2489 857 2517 rei
877 2488 1042 2517 memoriam.

478 2554 645 2601 Spectator
670 2554 825 2593 omnium,
862 2560 1049 2588 cunctorum
1086 2563 1177 2599 prae-

431 2605 515 2639 scius
539 2603 605 2639 Rex
635 2612 793 2642 aeternus,
830 2603 986 2638 civitatem
1008 2601 1176 2637 Ierusalem

467 2671 506 2706 (i)
525 2671 564 2697 Ex
581 2671 683 2705 Regest.
707 2671 730 2696 in
751 2669 863 2697 Archiv.
882 2669 966 2696 Vatic.

1012 258 1197 282 ommutuit!
1226 258 1293 281 ssOM
1300 257 1386 280 ΑΝΓἏΙ

1213 315 1363 349 ruituram
1389 311 1587 360 praevidens,
1605 310 1689 346 tlevit
1723 311 1961 358 compassibili-

1214 372 1258 398 ter
1284 375 1379 409 super
1406 362 1502 402 illam;
1526 359 1666 407 nunquid
1691 360 1788 406 igitur
1819 368 1849 395 ct
1890 373 1959 406 nos,

1212 413 1281 448 eius
1302 412 1440 448 officium
1464 411 1595 446 vicariae
1618 409 1779 457 potestatis
1794 409 1959 451 babentes,

1213 463 1305 497 fletus
1326 474 1430 496 arcere
1460 460 1628 508 possimus,
1651 459 1794 505 mitigare
1814 460 1960 506 punctio-

1213 513 1260 546 nis
1282 511 1420 550 aculeos,
1447 511 1586 557 gemitus
1623 508 1782 549 cohibere,
1817 508 1960 544 videntes

1211 562 1323 597 acerbe
1351 561 1439 608 regni
1467 560 1647 606 Hungariae
1669 558 1797 606 collapsi
1823 570 1879 605 per
1894 557 1962 606 plu-

1213 612 1326 646 rimum
1350 610 1476 645 dissidia
1499 610 1613 656 gravia,
1636 608 1788 644 inculcata
1812 607 1961 655 frequen-

1214 661 1275 696 tius
1301 660 1522 695 diminutionis
1545 657 1757 699 incommoda,
1784 665 1815 692 et
1837 658 1959 692 ruinam

1213 710 1347 745 totaliter
1374 709 1609 745 imminentem?
1635 708 1714 743 Illud
1753 709 1858 755 itaque
1892 707 1962 742 vio-

1213 760 1287 795 lenti
1308 759 1462 806 diripiunt
1484 768 1514 793 et
1534 757 1813 806 apprehenderunt
1835 757 1895 791 iam
1912 757 1962 791 in-

1213 817 1260 843 ter
1283 809 1443 855 angustias
1470 816 1708 856 persequentes:
1736 815 1866 854 gemunt
1909 819 1962 842 sa-

1213 859 1356 894 cerdotes
1378 858 1488 905 ipsius,
1515 859 1601 904 luget
1636 857 1770 905 populns
1798 856 1963 893 confusio·

1214 909 1262 943 nis
1293 908 1487 943 involutione
1529 908 1713 954 perplexim
1737 906 1854 954 parvuli
1894 906 1962 942 eius

1213 958 1326 1005 captivi
1350 966 1424 993 sunt
1447 957 1532 992 ducti
1556 965 1627 992 ante
1641 956 1751 991 faciem
1771 955 1960 998 tribulantis;

1214 1009 1284 1044 silet
1312 1008 1353 1042 ibi
1386 1006 1458 1042 belli

1213 1058 1352 1105 corrupti
1374 1065 1446 1092 sunt
1469 1068 1573 1092 mores
1594 1055 1772 1091 hominum:
1797 1056 1961 1091 eradicatis

1214 1108 1393 1147 virtutibus,
1418 1106 1502 1141 vitiis
1530 1106 1722 1154 propagatis,
1745 1105 1833 1140 zelus
1868 1105 1961 1140 chri-

1213 1158 1331 1192 stianae
1355 1156 1426 1192 fidei
1454 1157 1564 1203 tepuit,
1587 1156 1650 1190 imo
1672 1156 1733 1190 iam
1771 1153 1902 1201 friguit,
1931 1163 1962 1189 et

1214 1208 1311 1242 divini
1335 1207 1442 1242 cultus
1463 1205 1658 1241 observanda
1692 1204 1803 1251 religio
1843 1204 1963 1239 dormi—

1214 1258 1298 1292 tavit:
1321 1266 1351 1292 et
1373 1257 1447 1291 dum
1472 1255 1548 1290 inihi
1572 1256 1611 1290 de
1633 1254 1785 1301 regnandi
1802 1254 1867 1289 inre
1882 1266 1961 1289 con-

1215 1307 1352 1342 tenditur
1368 1306 1557 1354 promiscuis
1571 1304 1704 1345 actibus,
1719 1316 1846 1338 sursum
1867 1303 1963 1338 deor-

1214 1369 1284 1392 sum
1308 1357 1483 1391 miscentur
1514 1354 1644 1390 confuse
1688 1353 1822 1401 singula,
1862 1361 1892 1388 et
1930 1353 1963 1388 in

1214 1415 1322 1454 aperto
1342 1406 1462 1442 caduco
1490 1406 1550 1440 ruit
1572 1404 1721 1453 populus,
1744 1416 1816 1438 cum
1857 1411 1962 1438 certus

1215 1469 1276 1491 non
1300 1464 1445 1503 appareat
1477 1455 1679 1501 gubernator.
1714 1452 1894 1488 Dolendum
1931 1453 1962 1487 in

1215 1506 1253 1541 iis
1276 1506 1391 1553 pariter
1429 1513 1459 1539 et
1481 1504 1653 1551 lugendum
1683 1503 1732 1537 illa
1755 1515 1891 1537 maxime
1914 1515 1963 1537 ra-

1215 1557 1256 1590 tio
1278 1556 1348 1603 piae
1361 1554 1624 1590 considerationis
1646 1552 1781 1597 inducit,
1803 1552 1888 1600 quod
1912 1564 1964 1587 re·-

1214 1618 1313 1652 gnum
1343 1606 1458 1652 ipsum7
1486 1612 1656 1638 retrorsum
1688 1602 1835 1641 rediens,
1873 1614 1962 1649 reges

1216 1656 1335 1690 lactavit
1357 1655 1512 1689 hactenus
1544 1653 1730 1700 reginasque
1769 1651 1939 1687 catholicos
1956 1680 1963 1691 ,

1214 1712 1245 1740 et
1267 1705 1296 1739 in
1319 1704 1520 1740 eminentiam
1536 1703 1682 1738 coelestis
1708 1701 1863 1737 exercitus
1884 1701 1963 1736 mira

1216 1755 1338 1801 vigente
1359 1754 1522 1790 sanctitate
1545 1752 1701 1801 perduxit3
1729 1751 1869 1786 literatos
1896 1751 1964 1786 uti-

1215 1817 1276 1852 que
1299 1805 1381 1839 viros
1403 1804 1480 1838 alios
1515 1802 1725 1849 intelligentes
1751 1809 1781 1836 et
1804 1799 1963 1848 providos,

1215 1855 1365 1889 scientiae
1386 1853 1525 1888 claritate
1544 1851 1744 1899 conspicuos,
1765 1858 1797 1885 et
1817 1851 1966 1897 eloquen-

1215 1905 1275 1939 tiae
1297 1903 1487 1939 facunditate
1509 1902 1653 1942 disertos·,
1677 1902 1707 1936 in
1731 1912 1864 1948 quorum
1880 1900 1964 1934 vices

1215 1966 1397 1989 successere
1422 1952 1500 2001 proh
1523 1951 1622 1986 dolor!
1647 1951 1836 1986 dissidentes
1853 1959 1883 1985 et
1899 1958 1965 1985 sto·

1216 2004 1268 2038 lidi
1298 2003 1439 2038 modicae
1462 2001 1637 2038 devotionis
1651 2009 1681 2036 et
1703 2000 1788 2045 fidei,
1809 1999 1965 2035 abiicien-

1218 2063 1262 2088 tes
1285 2055 1393 2100 iugum
1417 2052 1603 2099 disciplinae
1625 2049 1792 2086 laudabilis
1808 2077 1816 2093 ‚
1844 2057 1873 2084 et
1907 2049 1964 2084 de-

1218 2104 1383 2138 baccantes
1396 2102 1538 2150 improbe.
1552 2102 1621 2136 siue
1631 2100 1727 2135 sraeni
1741 2099 1965 2135 constrictione

1219 2166 1274 2200 pro
1302 2153 1390 2187 libito
1414 2160 1592 2187 vastatores.
1617 2149 1779 2197 Numquid
1803 2149 1898 2196 igitur
1909 2161 1966 2183 su-

1219 2216 1273 2250 per
1295 2203 1361 2237 istis
1389 2211 1494 2237 nostra
1516 2201 1645 2236 consilia
1677 2200 1850 2234 inhumane
1887 2198 1965 2234 deli-

1218 2254 1312 2294 cient,
1334 2262 1511 2300 opportuna
1527 2250 1677 2291 remedia,
1697 2249 1869 2297 eclipsante
1888 2248 1966 2283 cha-

1219 2304 1318 2338 ritatis
1341 2302 1462 2342 fomite,
1484 2309 1513 2336 et
1548 2301 1663 2336 omissa
1694 2299 1765 2334 lima
1806 2298 1966 2342 iustitiae,

1218 2353 1417 2388 delitescens?
1443 2352 1578 2387 Necesse
1606 2349 1733 2398 quidem
1757 2348 1866 2385 adesse
1888 2360 1965 2383 con·

1219 2403 1383 2451 spicimus,
1405 2410 1439 2436 nt
1466 2402 1572 2437 ruinas
1596 2399 1778 2435 huiusmodi
1803 2397 1966 2446 pastoralis

1218 2466 1293 2488 cura
1316 2460 1440 2487 nostrae
1465 2451 1653 2500 provisionis
1668 2451 1806 2498 impleat,
1828 2447 1966 2496 collapsa

1221 2511 1354 2550 reparet,
1383 2503 1461 2537 iusta
1484 2501 1657 2542 confoveat,
1693 2507 1806 2535 vastata
1847 2506 1967 2533 restau-

1221 2563 1277 2594 ret,
1300 2561 1329 2587 et
1357 2561 1484 2600 paterna
1506 2551 1685 2598 benignitas
1706 2557 1776 2597 apta
1813 2547 1966 2596 praesidia

1221 2615 1276 2650 pro
1299 2604 1439 2649 ipsorum
1467 2613 1605 2648 congrua
1628 2599 1826 2648 reparatione
1850 2598 1967 2646 produ-

1221 2662 1280 2694 ca13
1307 2652 1447 2688 sedando
1470 2651 1650 2700 praecipue,
1689 2658 1841 2698 quantum
1877 2647 1969 2683 nobis

1975 256 2025 282 Au.
2042 256 2070 283 C.
2090 257 2156 284 1305

1502 1006 1633 1042 dissidio
1672 1014 1777 1041 coacta
1818 1006 1934 1041 iustitia
1950 1035 1960 1046 ,
1988 1016 2047 1038 note«
2064 1017 2088 1037 ae
2099 1015 2159 1037 uun-

1974 1049 2038 1074 garici
2050 1049 2108 1073 regni
2123 1054 2160 1068 ca-

1974 1078 2108 1099 tamnaubus.

1991 1807 2115 1828 Pontificiee
2125 1812 2162 1827 es-

1978 1844 2000 1859 se
2013 1838 2161 1859 sollicitudinis

1978 1871 2042 1890 tantis

1979 1902 2110 1927 prospicere.

2101 1868 2161 1889 maiis
