2274 3265
246 268 295 294 Αη.
317 267 344 294 C.
360 268 426 295 ¹²83

239 2546 260 2566 Et
277 2553 288 2566 ιι
300 2545 314 2566 C
317 2546 407 2567 ternanto

230 2583 400 2598 mmmm-
422 2557 520 2591 extitit
536 2565 597 2592 tam
615 2558 790 2601 temerarie,
811 2566 871 2591 tam
888 2557 996 2592 dolose
1013 2569 1170 2604 praesum-

300 2613 406 2635 s‘ss‘ffl‘lss‘
423 2615 528 2652 ptum:
556 2607 675 2642 eisdem
698 2619 769 2642 vero
800 2607 961 2643 Manl'redo
983 2615 1013 2642 et
1040 2607 1167 2643 demum

226 2641 317 2665 privetu·
331 2639 408 2661 Goura-

226 2671 243 2689 si
240 2675 292 2690 inus

492 259 509 276 ιι,

440 324 516 357 alios
542 322 632 356 ctiam
657 321 791 356 nefarios
812 329 899 356 actus
921 334 1006 362 suos,
1026 330 1054 356 et
1076 335 1185 369 graves

251 387 389 407 Anat-unu
399 386 424 406 iv
439 373 573 407 offensas
602 371 671 418 piac
703 371 873 406 memoriae
896 350 1094 406 Alexandero
1100 372 1182 419 Papa

247 419 403 438 uvonmmuicu

408 430 567 468 quartus
608 420 828 468 praedecessor
862 429 967 456 noster
1005 422 1119 468 ipsum,
1145 434 1182 456 ex

437 471 539 506 causis
567 470 659 505 variis
691 471 1025 506 excommunicationis
1059 472 1183 506 viuculo

437 520 634 561 innodatum,
656 520 826 556 Tarentino
850 520 1039 568 principatu,
1063 521 1182 555 honore

435 570 552 605 Montis
573 548 678 605 Saticti
706 570 831 617 Angeli,
858 570 1005 605 omuibus
1027 571 1183 605 comitati-

434 619 504 659 bus,
528 620 630 665 terris,
658 620 771 664 feudis,
793 620 995 666 dignitatibus
1021 630 1051 655 et
1078 621 1181 655 hono-

433 669 521 704 ribus
547 670 626 710 aliis,
648 682 683 705 ac
715 670 806 705 bouis
827 679 856 704 et
884 670 1016 710 iuribuS,
1044 683 1123 718 quae
1152 671 1179 704 iu

432 719 543 755 eodem
567 732 674 766 regno,
694 728 724 754 et
747 732 826 767 quae
848 720 920 754 alibi
944 720 1036 754 ctiam
1060 720 1098 754 ab
1121 721 1180 754 Ec-

432 769 537 804 clesiis
571 777 601 804 et
634 770 775 817 personis
809 769 1030 804 ecclesiasticis=
1057 769 1180 805 obtine-

433 818 494 859 bat,
522 818 618 853 immo
651 828 680 853 et
717 819 827 853 vicaria
863 819 892 852 in
922 818 1057 865 quadam
1083 819 1181 866 ipsius

433 869 517 914 regni
543 877 628 914 parte
649 868 707 903 sibi
724 868 761 902 ab
784 868 893 902 eadem
916 867 999 902 Sede
1018 880 1179 909 concessa,

430 917 577 951 omnibus
603 917 695 952 etiam
724 917 999 959 concessionibus,
1034 918 1180 952 donatio-

429 966 534 1009 nibus,
563 966 794 1012 largitionibus,
822 966 1115 1002 confirmationibus
1150 975 1178 1002 et

429 1016 612 1062 privilegiis,
635 1016 699 1050 sive
727 1016 765 1050 ah
787 1016 904 1051 eisdem
935 1016 1094 1051 Friderico
1123 1030 1179 1062 pa—

429 1073 485 1107 tre,
509 1065 554 1099 vel
578 1065 725 1099 Conrado
748 1065 839 1100 fratre
862 1065 939 1109 suis,
962 1065 1026 1099 sive
1045 1078 1060 1100 a
1086 1078 1178 1113 prae-

427 1113 507 1148 dicta
545 1113 627 1148 Sede
658 1115 687 1148 in
722 1127 818 1158 reguo
845 1115 903 1149 sibi
938 1115 1026 1150 sactis
1053 1116 1177 1154 eodem,

428 1163 473 1197 vel
497 1162 570 1197 alibi
590 1163 682 1198 etiam
702 1164 740 1197 ab
757 1164 905 1199 Ecclesiis
923 1164 1178 1212 quibuscumque

426 1213 471 1247 vel
501 1213 644 1259 personis
672 1213 904 1253 ecclesiasticis,
935 1222 1093 1261 tamquam
1128 1228 1177 1249 re—

425 1261 541 1297 bellem
564 1271 595 1297 et
617 1263 738 1298 hostem
762 1263 922 1298 Romana«
946 1264 1119 1305 Ecclesiae,
1142 1277 1177 1299 ac

426 1311 606 1347 violatorem
635 1312 791 1348 fidelitatis
822 1313 880 1348 sibi
912 1315 1076 1360 praestitae
1104 1327 1176 1348 ma-

425 1361 586 1407 nifestum,
615 1374 810 1409 suorumque
838 1363 954 1397 iuiium
988 1364 1175 1403 invasorem,

425 1420 647 1460 occupatorem
686 1420 715 1447 et
748 1413 941 1447 detentorem
978 1413 1175 1460 sacriltgum,

424 1470 454 1495 et
490 1470 648 1509 tamquam
687 1462 840 1497 sociatum
879 1462 1013 1497 nefando
1050 1462 1174 1498 foedere

423 1510 602 1556 Saracenis,
638 1523 747 1546 eorum
783 1512 984 1560 complicem,
1011 1512 1173 1547 ductorem

424 1569 455 1595 et
488 1568 705 1616 protectorem
719 1561 894 1608 publicum,
916 1563 1086 1609 apostolica
1117 1575 1175 1597 au-

424 1611 567 1646 ctoritate
590 1610 732 1658 privavit.

473 1663 488 1704 §
519 1664 552 1695 2.
586 1659 734 1708 Cumque
768 1668 959 1696 memoratus
992 1661 1174 1696 Manfi·edus

423 1723 481 1746 nec
507 1710 575 1752 his,
609 1710 718 1746 aliisve
757 1710 904 1745 remediis
943 1718 1051 1745 contra
1092 1711 1174 1746 illius

424 1760 573 1796 malitiam
607 1760 756 1795 adhibitis
784 1761 813 1795 in
841 1773 896 1795 sua
930 1761 1093 1807 iniquitate
1122 1774 1175 1796 re-

423 1810 565 1850 missior,
604 1810 660 1845 sed
699 1810 729 1844 in
770 1811 995 1845 committendo
1034 1811 1174 1858 quotidie

424 1859 580 1907 prioribus
597 1860 750 1895 deteriora
767 1860 946 1901 ferventior,
957 1860 1172 1906 postmodum,

422 1909 635 1945 fraudolenter
669 1909 798 1957 praefati
833 1911 955 1957 nepotis
990 1910 1037 1944 sui
1073 1920 1172 1946 morte

423 1959 567 2000 conficta,
583 1959 703 1995 dictum
733 1971 865 2006 regnum
896 1959 1023 2007 proprio
1047 1962 1173 1995 nomine

422 2021 593 2056 occupans,
620 2017 649 2043 et
681 2010 801 2055 regium
838 2009 869 2043 in
898 2010 949 2043 illo
984 2009 1108 2044 titulum
1142 2019 1173 2046 et

422 2070 537 2094 nomen
561 2071 729 2105 usurpanS,
761 2072 805 2099 se,
838 2067 924 2093 ortus
946 2059 992 2093 sui
1017 2072 1077 2094 non
1105 2072 1173 2095 eru-

422 2108 555 2143 bescens
576 2108 760 2156 primordia,
788 2108 817 2142 in
841 2108 981 2143 ciusdem
1012 2109 1097 2155 regni
1121 2121 1172 2144 re-

420 2170 491 2204 gem
520 2159 627 2205 inungi
665 2166 695 2192 et
730 2158 872 2193 coronari
909 2157 1049 2199 secisset;
1083 2172 1172 2205 prae-

421 2207 502 2243 fatus
532 2208 755 2255 praedecessor
786 2207 963 2242 Alexander
987 2209 1055 2242 eius
1088 2208 1171 2243 frau-

421 2258 479 2293 des
490 2265 521 2293 et
536 2258 717 2305 iniquitates
733 2256 941 2292 abhominaris
955 2266 984 2292 et
999 2257 1170 2299 detestans,

420 2308 550 2343 cassavit
565 2316 594 2342 et
609 2307 750 2353 irritavit,
765 2320 889 2342 cassum
907 2316 936 2342 et
953 2308 1073 2342 irritum
1096 2321 1171 2342 nun

421 2358 513 2392 ciavit
540 2357 694 2406 quidquid
723 2358 804 2392 circa
827 2357 943 2392 dictum
970 2357 1168 2392 Manfreduin

422 2420 476 2453 per
498 2408 680 2443 unctionem
700 2407 748 2442 vel
774 2408 876 2455 potius
895 2408 1123 2442 execrationem
1141 2417 1170 2442 et

421 2457 668 2497 coronationem,
683 2470 761 2504 quas
779 2458 916 2504 recipere
931 2457 968 2492 de
984 2457 1063 2492 facto
1080 2470 1170 2505 prac-

421 2514 608 2563 sumpserat,
630 2520 772 2555 quasque
792 2507 894 2542 nullas
909 2519 978 2542 esse
996 2507 1168 2549 constabat,

421 2654 601 2691 Conradino
615 2657 668 2703 qui
685 2665 814 2692 aetatem
833 2657 1063 2704 praeveniendo
1076 2671 1115 2692 m.
1110 2657 1169 2691 ili—

490 258 536 290 06
1053 267 1240 291 normarum
1263 268 1423 291 uomuuiu

1226 323 1278 367 tia,
1293 323 1331 357 ab
1346 322 1530 357 corumdem
1549 322 1826 369 praedecessorum
1844 335 1974 358 suorum

1226 373 1344 419 iniquis
1354 373 1474 407 semitis
1488 385 1549 408 non
1562 372 1735 413 declinans,
1749 372 1804 407 scd
1817 372 1853 406 ad
1866 373 1974 408 eadem

1226 422 1393 469 imperium
1417 430 1447 457 ct
1471 434 1601 468 regnum
1625 422 1780 469 aspirans,
1807 423 1973 467 praefatam

1225 471 1417 513 Ecclesiam,
1445 481 1473 507 et
1497 472 1716 506 charissimum
1741 472 1770 506 in
1795 471 1922 507 Christo
1945 473 1978 506 fi-

1225 521 1300 555 lium
1321 530 1459 556 nostrum
1477 521 1626 556 Caroluin
1644 520 1768 555 Siciliae
1785 533 1889 567 regem
1909 521 1977 556 illu-

1224 579 1317 606 strem
1340 571 1459 606 insidiis
1482 572 1588 606 multis
1611 570 1755 617 impetiit,
1775 580 1805 605 et
1826 571 1977 618 multipli-

1223 621 1301 655 citer
1330 621 1447 668 apertis
1466 621 1630 656 conatibus
1650 621 1824 656 infestavit:
1850 632 1977 669 propter

1223 671 1306 716 quod
1330 679 1436 705 contra
1461 671 1563 718 ipsum
1597 683 1737 719 suosque
1760 671 1897 705 fautores
1921 683 1976 718 per

1225 720 1409 754 recolendae
1437 721 1606 756 memoriae
1634 721 1829 755 Clementem
1857 720 1973 768 Papam

1224 769 1496 815 praedecessorem
1517 780 1658 805 nostrum
1683 770 1757 804 varii
1782 771 1879 805 habiti
1901 781 1974 807 sunt

1224 831 1401 863 processus,
1424 831 1478 854 sua
1502 827 1584 854 sorte
1612 820 1771 861 somissis,
1807 820 1910 864 nobis,
1946 829 1975 855 ct

1221 868 1394 912 Ecclesiae,
1414 869 1489 915 regi,
1514 881 1675 916 regnoque
1700 869 1866 916 praedictis
1889 871 1974 916 pacis

1221 925 1250 951 et
1277 917 1391 964 quietis
1424 919 1576 953 serenitas
1604 918 1773 958 arrideret,
1798 919 1827 953 in
1851 919 1972 955 subitas

1222 975 1425 1013 tempestates
1452 977 1518 1002 acta
1542 975 1587 1002 est
1609 969 1721 1002 aestiva
1750 968 1971 1016 tranquillitas,

1222 1016 1337 1050 bellum
1362 1016 1391 1050 in
1412 1017 1512 1051 media
1538 1029 1613 1064 pace
1636 1017 1782 1060 surrexit,
1809 1017 1878 1053 facti
1897 1027 1972 1053 sunt

1221 1065 1326 1099 hostes
1348 1078 1384 1100 ex
1407 1066 1553 1107 subditis,
1577 1074 1606 1101 ct
1628 1067 1681 1113 qui
1711 1075 1884 1100 memorato
1908 1069 1969 1114 regi

1219 1115 1345 1149 Siciliae
1367 1115 1404 1149 ad
1433 1115 1589 1150 fidelitatis
1612 1116 1754 1150 debitum
1772 1116 1970 1158 tenebantur,

1221 1164 1400 1199 rebellionis
1425 1166 1570 1212 spiritum
1607 1165 1776 1199 infideliter
1810 1177 1972 1200 assumen-

1219 1222 1275 1255 tes,
1300 1227 1360 1248 non
1389 1215 1490 1249 solum
1515 1215 1651 1258 hostilia,
1680 1214 1733 1249 sed
1769 1222 1799 1248 et
1812 1215 1970 1262 tyrannica

1219 1272 1430 1310 patraverunt.
1458 1264 1547 1299 Sicut
1573 1265 1656 1299 enim
1683 1265 1788 1311 gravis
1817 1264 1970 1299 clamabat

1218 1320 1247 1348 et
1269 1314 1371 1348 adhuc
1397 1314 1511 1349 clamat
1539 1313 1677 1354 infamia,
1707 1314 1858 1361 processit
1891 1313 1969 1349 adeo

1218 1363 1457 1398 Panormitanae
1491 1364 1626 1398 civitatis
1658 1371 1688 1397 et
1721 1364 1836 1398 civium
1878 1376 1997 1410 prae-,

1217 1421 1399 1459 sumptuosa
1425 1413 1566 1453 rebellio,
1589 1413 1673 1460 quod
1710 1413 1883 1448 rebellandi
1911 1425 1969 1448 au-

1217 1463 1302 1497 dacia
1337 1470 1368 1497 et
1406 1463 1522 1497 iurium
1546 1463 1774 1497 interversione
1802 1462 1967 1508 regalium,

1216 1513 1346 1559 suique,
1375 1521 1528 1559 quantum
1560 1512 1589 1546 in
1618 1513 1664 1546 eis
1693 1512 1763 1555 suit,
1791 1491 1968 1548 obiectione

1216 1562 1348 1596 dominii
1378 1574 1438 1595 non
1462 1570 1621 1600 contenta
1644 1561 1761 1596 ferinae
1782 1562 1967 1596 immanita-

1217 1612 1255 1646 tis
1282 1611 1425 1645 dexteras
1451 1611 1488 1646 ad
1517 1611 1719 1646 crudelitates
1741 1611 1896 1646 inauditas
1918 1624 1968 1647 ex-

1218 1661 1333 1708 posuit,
1352 1661 1427 1695 dum
1451 1673 1559 1695 eorum
1580 1661 1712 1695 exitialis
1735 1661 1885 1717 iniquitas
1903 1674 1964 1696 nou

1216 1711 1317 1745 solum
1341 1723 1420 1757 quos
1446 1724 1481 1746 ex
1505 1710 1625 1745 devotis
1652 1711 1735 1758 regis
1754 1711 1855 1766 ipsius
1882 1724 1966 1746 con-

1215 1769 1305 1807 cepta
1339 1761 1438 1808 potuit
1465 1773 1686 1808 praeoccupare
1720 1761 1870 1808 nequitia,
1897 1762 1965 1796 sine

1215 1823 1310 1845 sexus
1324 1810 1470 1845 aetatis-ve
1492 1810 1613 1845 delectu
1642 1810 1813 1845 inhumane
1839 1811 1963 1853 cecidit,

1217 1872 1322 1895 verum
1354 1861 1447 1895 etiam
1478 1869 1598 1908 partus,
1630 1872 1709 1907 quos
1736 1860 1841 1894 adhuc
1864 1861 1965 1896 visce-

1216 1923 1282 1944 rum
1303 1911 1480 1956 portionem
1500 1910 1632 1944 claustra
1653 1917 1791 1944 materna
1811 1909 1964 1951 celabant,

1215 1960 1276 1994 illis
1302 1972 1393 1994 saeve
1426 1959 1570 2000 desectis,
1603 1959 1648 1993 sic
1677 1959 1838 2006 praecipiti
1861 1959 1965 1994 desti—

1216 2010 1341 2045 natione
1370 2010 1515 2055 produxit
1538 2009 1567 2044 in
1592 2009 1709 2052 lucem,
1740 2008 1824 2056 quod
1848 2009 1894 2043 eis
1917 2010 1965 2043 ni-

1215 2060 1273 2093 mis
1298 2059 1506 2105 proculdubio
1532 2058 1748 2093 innaturaliter
1770 2058 1848 2093 lucis
1873 2071 1963 2093 usum

1213 2117 1379 2157 antequam
1403 2109 1591 2143 concederet.
1610 2116 1717 2142 natura
1738 2107 1886 2142 subtraxit
1907 2109 1964 2153 eis,

1212 2158 1291 2194 adeo
1336 2166 1530 2206 praematura
1574 2167 1603 2192 et
1644 2157 1826 2204 impiissima
1870 2157 1964 2193 caede

1213 2210 1311 2243 caesis
1336 2209 1418 2256 quod
1443 2220 1551 2242 eorum
1580 2215 1669 2242 ortus
1692 2206 1846 2254 principia
1875 2219 1964 2255 prae-

1213 2259 1296 2293 venit
1318 2270 1458 2293 occasus

1261 2312 1275 2350 ,ς
1299 2313 1330 2343 5.
1353 2307 1433 2349 Quia
1459 2320 1531 2342 vero
1552 2307 1631 2342 sicut
1656 2320 1691 2341 ex
1716 2314 1792 2341 tunc
1815 2306 1963 2353 plurimo·
1987 2316 2160 2343 nummum·-

1213 2370 1281 2392 rum
1305 2357 1435 2392 habebat
1466 2357 1597 2391 assertio
1619 2365 1648 2391 et
1676 2356 1838 2391 evidenter
1859 2365 1961 2392 exitus
1975 2347 2159 2405 lssfnssgjmwm

1212 2407 1270 2441 iam
1301 2408 1453 2454 probriu,
1482 2408 1557 2441 11:321«
1586 2408 1614 2440 in
1645 2416 1780 2441 nostram
1804 2414 1833 2440 et
1861 2406 1961 2454 ipsius

1212 2456 1370 2491 Ecclesiae
1392 2457 1599 2491 turbationem
1621 2464 1650 2490 ct
1672 2456 1875 2504 dispendium
1898 2465 1962 2491 ten-

1211 2506 1367 2547 tabantur,
1395 2515 1423 2541 et
1451 2506 1488 2541 ad
1513 2507 1571 2541 hoc
1594 2506 1730 2554 plurium
1755 2506 1886 2540 intentio
1910 2506 1961 2541 la-

1212 2556 1340 2591 borabat
1367 2565 1394 2590 et
1420 2557 1557 2591 studium
1583 2565 1613 2590 ut
1644 2556 1777 2591 fornacis
1799 2556 1886 2603 quasi
1917 2569 1960 2590 re-

1210 2615 1318 2641 center
1352 2607 1523 2647 extinctae,
1558 2619 1635 2651 nos,
1658 2606 1799 2641 Ecclesia
1839 2615 1867 2641 ct
1905 2618 1958 2641 rex

1211 2656 1357 2704 praedicti
1383 2665 1526 2691 renovata
1550 2669 1587 2692 eo
1608 2657 1747 2704 graviora
1770 2656 1959 2691 sentiremus

1993 269 2042 296 An.
2054 268 2083 295 C.
2105 268 2173 294 1283

1997 1272 2114 1293 Siculorum
2132 1278 2170 1293 ro-

1984 1303 2097 1324 bellionem
2147 1307 2168 1324 et

1984 1334 2067 1355 scelera
2088 1337 2169 1361 patrata

1984 1365 2101 1386 detestatur
2117 1364 2169 1386 Mur—
