2274 3265
140 257 182 282 Χιι.
201 256 229 281 (7.
245 256 310 281 t531'·

147 434 173 454 De
191 436 278 454 demnis
294 437 314 454 et

133 466 267 491 praepositis,
291 471 314 483 a-

132 496 206 521 liisque
231 496 255 514 ad
279 501 300 514 si

131 527 246 546 venialium
264 532 314 551 pro-

131 558 247 577 movendis.

140 2354 181 2376 De
177 2362 209 2375 ι
201 2356 308 2375 -ιιιιιιιιιιὶο

931 253 1126 276 nextttussrtts
1149 253 1191 275 ΧΗ
1217 253 1264 275 ΙΨ,

651 308 767 343 ΧΧΙΧ.

380 379 530 426 lnsuper,
558 393 630 414 cuin
667 388 812 413 caveatur
840 380 870 413 in
901 378 1079 425 supradicta

330 429 557 463 constitutione
593 429 666 463 dieti
690 428 864 463 Clementis
893 427 1081 473 praedeces-

304 479 420 521 -·5οιι5,
436 478 548 512 edita
543 492 571 511 ιιι
596 478 707 512 eodem
731 477 864 512 concilio
898 476 1079 531 Viennensi,

329 527 413 574 quod
445 527 600 574 primatus
635 527 858 561 ‹omentnales
887 526 992 581 alicui,
1021 526 1079 559 nisi

331 577 666 623 xigesiinnmquintum
690 589 807 610 annum
836 575 984 621 attiger,it
1003 589 1080 610 eon-

330 626 401 661 lctri
439 635 595 673 nequeant
632 625 680 659 vel
722 626 891 659 committi:
931 632 961 659 et
996 625 1079 671 quod

328 676 380 721 qui
410 676 484 709 tales
514 676 667 722 prioratus
701 675 878 712 habuerint,
908 674 984 708 inl'ra
1016 687 1079 708 an·-

330 737 405 758 num
436 724 693 778 computandum
718 738 732 757 a
762 733 902 770 tempore
931 724 1079 758 collatio-

329 773 376 806 ιιι5
398 786 452 807 seu
476 773 713 807 commissionis
735 773 793 807 sibi
817 773 914 807 laetae
946 772 983 807 de
1007 773 1079 815 illis,

327 831 356 855 ιι
379 823 590 868 possessionis
611 834 720 856 eoium
744 822 887 868 adeptae,
907 835 940 857 se
967 823 1079 857 saciant

327 870 364 904 ad
387 871 598 906 sacerdotium
623 872 818 918 piomoieri·
842 871 925 918 qnod
949 873 986 916 si,
1009 884 1079 906 ces-

327 928 414 954 sante
443 920 617 955 rationabili
641 932 747 960 causa,
776 933 837 954 non
872 900 1015 965 fecer-nit,
1043 934 1079 955 eo

328 969 395 1015 ipso
422 969 514 1004 dictis
547 969 738 1015 prioratibus
765 970 825 1004 siut
861 970 984 1016 privati:
1023 983 1079 1004 uos

328 1018 392 1064 pari
416 1020 533 1053 ratione
563 1019 695 1059 inducti,
726 1018 810 1066 quod
848 1032 941 1065 snper
970 1021 1019 1054 Ιιι5
1048 1019 1077 1053 ιιι

328 1076 563 1112 praenominata
599 1076 823 1102 constitutione
851 1077 977 1104 cautum
1012 1082 1078 1103 exi-

325 1116 395 1160 stit,
431 1118 468 1151 ad
503 1117 658 1161 decanos,
695 1117 892 1163 praepositos
918 1128 946 1153 et
976 1131 1077 1163 quos-

325 1177 463 1212 cumque
490 1167 567 1200 alios
590 1166 806 1212 praesidentes
837 1166 914 1201 locis
940 1180 1078 1201 couren-

328 1215 463 1249 tualibus
490 1215 608 1249 ordinis
643 1227 698 1249 seu
733 1215 895 1260 religionis
934 1216 1076 1250 eiusdem

325 1264 474 1298 «luximus
496 1264 751 1302 extendendum;
775 1272 804 1298 et
828 1263 886 1298 lioc
916 1265 997 1299 idem
1021 1275 1077 1299 sta-

326 1314 443 1347 tuimus
469 1322 498 1346 et
526 1313 728 1347 decernimus
762 1313 896 1347 existere
931 1313 1078 1348 similiter

325 1361 555 1397 observandum
593 1363 623 1395 in
658 1361 859 1396 assumendis
899 1362 937 1396 ad
977 1362 1076 1397 ollicia

325 1424 378 1445 seu
402 1410 689 1445 administiationes
710 1410 835 1444 claustr
832 1411 907 1449 ales,
927 1424 1007 1458 quae
1028 1411 1078 1445 be-

325 1459 434 1494 neficia
473 1459 687 1494 censebuntur
723 1460 820 1505 ipsius
856 1460 979 1495 oidinis
1020 1473 1074 1495 seu

324 1509 493 1555 religionis,
516 1510 608 1543 etiam
631 1510 656 1543 si
679 1508 779 1543 officia
803 1521 857 1543 seu
881 1510 1077 1545 administra-

325 1558 425 1592 tiones
466 1558 648 1593 huiusmodi
689 1571 797 1593 euram
834 1571 894 1592 non
942 1559 1077 1594 lialwant

323 1608 517 1647 animarum,
552 1616 582 1641 et
604 1607 687 1653 quod
716 1608 755 1641 de
783 1608 973 1653 primatibus
1014 1621 1074 1643 nou

324 1657 584 1691 conventualibus
607 1669 714 1691 curam
751 1657 925 1691 animarum
956 1658 1077 1693 liaben-

325 1705 419 1747 tibus,
442 1707 499 1740 etsi
522 1718 596 1740 cura
619 1707 683 1753 ipsa
707 1719 762 1754 per
784 1707 961 1742 saeculares
989 1720 1077 1754 pres-

325 1755 447 1802 byteros
477 1755 590 1790 babeat
613 1757 765 1796 exerceri,
788 1765 830 1790 ει,
845 1758 1016 1803 assumptis
1038 1757 1074 1791 ad

323 1817 376 1838 eos
403 1805 440 1838 ad
469 1805 680 1839 sacerdotium
703 1806 936 1852 promovendis,
960 1819 993 1840 ac
1015 1819 1077 1840 eo-

325 1853 469 1888 rumdem
505 1863 615 1893 aetate,
655 1855 684 1887 in
735 1855 814 1888 dicta
849 1856 1075 1889 constitutione

324 1912 459 1936 cavetur.
485 1903 517 1936 ln
541 1903 757 1947 decanatibus,
798 1905 1020 1949 praeposituris
1047 1913 1077 1938 et

323 1952 390 1985 aliis
441 1951 696 1998 quibuscumque
749 1952 1077 1987 administrationibus

325 2012 385 2034 non
415 2000 676 2035 conventualibus
708 2001 843 2035 similem
878 2015 984 2036 curam
1021 2003 1077 2037 lia-

324 2050 471 2084 bentibus
493 2050 612 2084 ordinis
631 2062 686 2084 seu
706 2051 865 2095 religionis
882 2051 1076 2095 huiusmodi,

323 2108 351 2131 et
377 2099 406 2132 in
430 2100 628 2134 assumendis
650 2099 687 2133 ad
717 2112 770 2134 eos
794 2101 877 2134 idem
903 2113 957 2147 per
972 2101 1076 2135 omnia

325 2149 469 2183 volumus
496 2148 666 2184 observari.

596 2224 676 2259 CAP.
701 2224 802 2259 XXX.

372 2296 455 2331 Sane
473 2309 544 2330 cum
570 2297 654 2342 prior
676 2296 855 2331 claustralis
877 2309 945 2331 esse
966 2297 1076 2332 debeat

325 2359 436 2396 potens
459 2351 487 2384 in
510 2363 605 2397 opere
634 2364 668 2383 ac
692 2364 850 2390 sermone,
874 2351 1020 2385 volumus
1047 2359 1075 2385 et

325 2406 353 2437 in
397 2405 509 2438 virtute
543 2413 668 2438 sanctae
699 2404 896 2438 obedientiae
935 2405 1076 2439 districte

324 2459 547 2505 praecipiendo
582 2458 780 2496 mandamns,
822 2467 850 2491 nt
895 2459 1076 2492 instituatur

323 2512 389 2557 ipse
411 2513 494 2558 prior
518 2511 668 2558 providus
690 2520 718 2545 et
741 2512 908 2554 disci-enm,
934 2521 1022 2558 prout
1046 2513 1074 2546 in

323 2567 566 2612 congregatione
606 2566 796 2599 cathedralis
832 2565 1006 2609 Ecclesiae,
1029 2566 1074 2600 vel

323 2620 522 2659 monasterii,
559 2632 613 2654 seu
658 2619 787 2654 alterius
834 2620 891 2654 loci
931 2619 1073 2654 eiusdem

1753 245 1822 276 383
1895 254 1936 279 λιι,
1957 253 1984 279 C.
2005 254 2070 279 1536

1122 307 1242 340 ordinis
1277 319 1330 340 seu
1362 306 1521 352 religionis
1550 308 1651 354 aptior
1687 309 1797 354 poterit
1825 309 1872 342 in-

1124 356 1232 397 veniri,
1256 356 1358 402 sitque
1386 356 1456 389 talis
1482 356 1534 402 qni
1558 357 1709 391 continue
1734 358 1762 391 in
1786 358 1872 404 capi-

1123 405 1186 438 tnlo
1222 417 1275 437 sou
1311 412 1468 438 conventu
1508 406 1652 449 resideat,
1680 407 1872 453 claustrique

1122 466 1227 487 euram
1251 462 1278 487 et
1310 453 1448 499 reginwn
1477 466 1622 489 exercerc·
1659 455 1785 488 assidue
1821 464 1872 489 te·-

1123 511 1242 536 tueatur.

1381 553 1459 586 (Lw.
1491 552 1603 586 XXXl.

1173 601 1381 635 xnmutmnes
1411 610 1567 647 praeterea
1597 602 1662 635 l'ore
1689 615 1781 648 qnam
1807 603 1874 650 plu-

1123 651 1217 684 rimos
1259 661 1408 684 monacos
1435 651 1532 696 ipsius
1567 651 1686 685 ordinis
1720 664 1775 685 seu
1800 653 1873 686 reli·-
1901 657 1928 677 ¹¹
1964 658 2072 677 “¹⁴¹¹¹³¹⁶'⁴¹¹

1121 700 1234 745 sionis,
1258 700 1309 746 qui
1331 699 1426 733 licet
1421 712 1450 733 m
1472 700 1521 733 wt
1545 699 1606 733 sut»
1629 699 1743 734 alienis
1761 689 1962 741 Recte-,fenhssffl
1963 689 2071 739 1³:2¹2:an-

1121 749 1175 782 siis
1206 748 1252 782 iel
1291 749 1502 793 monasteriis,
1536 760 1670 796 quorum
1699 762 1797 784 unum
1835 750 1908 801 ab:¹
1889 755 1947 771 'W'
1982 757 1985 758 ’
2017 751 2066 770 ¹‘

1121 798 1182 831 alio
1206 810 1267 831 non
1301 798 1469 843 dependet
1498 810 1533 831 ex
1562 797 1797 852 dispensatione
1824 812 1876 834 su·
1914 800 1918 801 ⁷

1122 847 1280 894 pradietae
1299 847 1404 885 Sedis,
1429 847 1578 881 beneficia
1597 847 1659 881 siut
1682 847 1804 894 adepti,
1825 860 1875 882 re-

1122 904 1248 930 manent
1291 904 1393 930 tamen
1424 897 1453 930 ιιι
1488 896 1598 944 primis
1637 896 1789 931 Ecclesiis
1817 910 1872 931 sen

1121 946 1319 980 monasteriis
1356 946 1496 983 monaci
1533 957 1591 979 nec
1634 945 1671 980 ad
1714 946 1875 981 Ecclesias

1120 1007 1175 1028 seu
1211 995 1410 1033 monasteiia
1440 995 1469 1028 ιιι
1498 995 1544 1028 vel
1572 994 1632 1028 snb
1664 995 1780 1041 quibus
1817 995 1874 1030 be-

1121 1044 1229 1078 neticia
1262 1043 1415 1086 obtinent,
1444 1052 1518 1077 suut
1553 1043 1709 1084 translati,
1746 1053 1873 1092 propter

1119 1104 1199 1138 quae
1227 1101 1405 1139 opportune
1443 1092 1606 1139 providere
1635 1092 1788 1136 volentes,
1814 1106 1873 1128 au-

1119 1141 1261 1176 ctoritate
1296 1141 1464 1188 apostolica
1506 1142 1674 1175 statuimus
1708 1150 1739 1176 et
1781 1143 1872 1177 etiam

1119 1190 1316 1227 ordinamus
1339 1190 1423 1235 quod
1451 1191 1555 1237 quivis
1582 1202 1619 1224 ex
1644 1192 1785 1226 monacis
1817 1204 1873 1226 su-

1120 1239 1268 1284 pradictis
1303 1239 1379 1273 infra
1410 1251 1550 1273 mensem
1587 1247 1657 1286 post
1687 1240 1874 1286 publicatio·

1120 1300 1190 1321 nem
1215 1288 1391 1333 praesentis
1418 1288 1652 1322 constitutionis
1674 1288 1704 1322 in
1729 1302 1786 1324 suo
1807 1302 1875 1335 pro—

1121 1336 1244 1370 vinciali
1269 1336 1408 1383 capitulo
1437 1336 1624 1379 faciendam,
1640 1336 1795 1372 dictarum
1820 1338 1876 1372 Ec-

1118 1386 1282 1419 clesiarum
1331 1397 1384 1419 seu
1429 1386 1691 1421 monasteriorum
1740 1387 1872 1421 alterum

1119 1434 1233 1480 eligere
1257 1442 1408 1468 teneatur.
1425 1434 1518 1476 Quod
1545 1436 1570 1469 si
1606 1435 1782 1470 secundum
1810 1436 1874 1469 ele-

1118 1485 1215 1529 gerit,
1245 1484 1274 1516 in
1313 1495 1376 1530 quo
1405 1484 1450 1517 vel
1484 1484 1544 1518 sub
1578 1496 1641 1531 quo
1669 1484 1874 1520 beneficiatus

1118 1533 1269 1575 extiterit,
1293 1533 1393 1566 statim
1430 1544 1467 1566 eo
1491 1534 1558 1580 ipso
1587 1534 1656 1568 eius
1684 1546 1777 1568 verus
1805 1547 1874 1568 mo-

1120 1594 1214 1616 naens
1233 1590 1411 1624 censeatur,
1428 1589 1457 1615 et
1477 1595 1547 1616 esse
1567 1582 1689 1617 desinat
1710 1583 1739 1617 in
1757 1584 1873 1630 priori,

1119 1632 1177 1665 nisi
1202 1631 1350 1665 forsanin
1376 1631 1556 1665 huiusmodi
1581 1632 1722 1666 Ecclesia
1748 1632 1793 1667 vel
1809 1645 1874 1667 mo-

1120 1681 1254 1715 nasterio
1277 1681 1321 1714 sic
1356 1680 1456 1714 electo
1482 1689 1588 1715 certus
1610 1689 1692 1715 esset
1723 1694 1873 1716 monaco-

1120 1742 1187 1763 rum
1231 1741 1395 1773 numerus,
1427 1738 1457 1764 et
1492 1730 1530 1764 de
1560 1731 1628 1777 ipso
1655 1730 1769 1777 aliquis
1811 1743 1871 1765 nou

1118 1778 1253 1813 deesset.
1277 1778 1349 1820 Quo
1371 1778 1444 1813 casu
1482 1780 1717 1814 translationem
1741 1780 1778 1814 ad
1812 1780 1873 1814 Ec-

1118 1827 1245 1862 clesiam
1271 1829 1316 1861 vel
1337 1829 1560 1862 monasterium
1585 1829 1630 1862 sie
1652 1828 1786 1863 electum
1812 1829 1873 1862 dif-

1120 1877 1189 1910 ferri
1231 1877 1378 1911 volumus
1400 1877 1501 1911 donee
1535 1877 1650 1924 aliquis
1672 1877 1712 1912 de
1740 1890 1872 1912 numero

1120 1926 1280 1971 praedicto
1304 1926 1450 1965 defuerit,
1473 1933 1503 1960 et
1526 1935 1600 1960 tunc
1623 1927 1653 1960 in
1676 1927 1745 1961 eius
1768 1928 1871 1961 locum

1118 1975 1225 2009 eadem
1244 1975 1427 2009 auctoritate
1448 1987 1485 2008 eo
1502 1975 1570 2022 ipso
1591 1976 1709 2010 noverit
1728 1988 1761 2009 se
1787 1986 1873 2010 tran-

1118 2023 1243 2058 slatum.
1268 2024 1360 2066 Quod
1390 2024 1414 2058 si
1437 2025 1608 2059 secundam
1634 2027 1678 2068 (l)
1699 2024 1871 2059 Ecclesiam

1119 2073 1164 2106 rel
1206 2073 1432 2108 monasterium
1473 2074 1603 2107 omuino
1646 2074 1796 2119 elegerit,
1840 2083 1872 2108 ut

1119 2122 1306 2168 praefertur,
1336 2123 1486 2169 prioratu,
1510 2122 1791 2167 administratione,
1823 2123 1873 2156 οἵ-

1118 2171 1188 2205 licio
1225 2184 1279 2206 seu
1325 2171 1477 2206 beneficio
1526 2171 1707 2207 huiusmodi
1734 2184 1772 2206 eo
1804 2172 1872 2218 ipso

1119 2221 1241 2255 noverit
1276 2233 1309 2255 se
1349 2221 1520 2268 primumn
1552 2230 1580 2256 et
1617 2221 1646 2255 in
1680 2221 1773 2268 priori
1803 2221 1872 2255 Ec·-

1117 2269 1209 2304 elvsia
1235 2271 1280 2304 vel
1305 2271 1498 2305 monasterio
1525 2278 1686 2305 remaneat
1718 2282 1869 2305 monacus

1117 2319 1198 2353 sicut
1223 2320 1322 2366 prius,
1350 2320 1585 2366 dispensatione
1613 2320 1769 2367 praedicta
1793 2331 1871 2354 con-

1118 2376 1161 2402 tra
1187 2380 1335 2415 praesens
1356 2377 1507 2403 statutum
1532 2369 1561 2402 in
1585 2369 1672 2403 nullo
1698 2368 1756 2402 sibi
1787 2369 1871 2416 peni-

1118 2425 1168 2451 tus
1209 2418 1415 2464 suffragante.
1464 2418 1612 2452 Voleutes
1652 2417 1870 2459 nihilominus,

1117 2466 1201 2514 qnod
1218 2467 1256 2501 de
1274 2469 1427 2513 prioratu,
1447 2468 1730 2506 administratione,
1768 2467 1870 2501 officio

1117 2529 1171 2550 sen
1198 2516 1349 2550 beneficio
1374 2516 1553 2550 huiusmodi
1572 2529 1626 2563 per
1646 2528 1714 2560 eos,
1737 2516 1774 2550 ad
1790 2528 1870 2563 quos

1117 2566 1191 2599 alias
1213 2578 1321 2599 eornm
1342 2566 1479 2605 collatio,
1516 2567 1678 2600 concessio
1700 2578 1754 2599 sen
1772 2577 1871 2612 quae-

1150 2632 1189 2667 tl)
1210 2633 1269 2666 Leg.
1288 2632 1305 2658 s.
1321 2635 1448 2664 priorem,
1466 2636 1509 2659 aut
1526 2635 1652 2665 primam.
