2274 3265
242 283 291 311 Αη.
309 284 338 311 C.
355 284 422 311 ¹536

251 1078 342 1099 loannes
373 1078 420 1098 ideo

237 1108 298 1130 Pont.
309 1108 362 1130 xxtt
373 1115 421 1129 ron—

238 1141 422 1161 suittlefinlretlis-

237 1173 349 1193 sensloncs
369 1177 422 1198 qno-

238 1203 330 1223 tumd-tm
345 1204 422 1223 articu-

239 1234 337 1254 lorumtle
348 1234 421 1260 quibu·

239 1265 280 1290 hle,
297 1266 334 1285 sed
354 1269 421 1285 morte,

237 1299 372 1321 praeventus,
401 1297 420 1316 ld

238 1326 342 1352 perflet-re
379 1332 420 1346 non

237 1358 305 1381 potuit

490 274 559 305 346

440 338 517 372 Nam
541 337 693 383 scriptum
722 344 793 371 est:
817 336 899 371 Ecce
923 337 1013 371 venio
1050 339 1124 376 cito,
1160 348 1187 372 et

441 398 561 420 merces
584 398 652 421 mea
676 398 799 420 mecum
820 394 879 425 est,
903 386 1036 420 reddere
1066 387 1190 421 unicui-

439 448 500 482 que
536 435 619 470 iuxta
648 447 740 482 opera
778 447 845 470 sua.
868 435 960 478 Quod
997 437 1022 469 si
1061 448 1152 471 secus
1174 448 1187 469 a

438 496 595 532 quoquam
621 484 712 519 suerit
739 492 924 520 attentatum
942 513 950 527 ,
985 485 1013 519 id
1046 486 1189 532 protinus

438 545 491 567 sua
526 534 723 574 auctoritate,
761 534 870 589 poenis
905 535 996 568 etiam
1032 533 1189 576 adiectis,

438 592 529 628 prout
555 583 704 630 expedire
742 582 873 620 viderit,
903 595 1030 629 prorsus
1065 583 1186 617 evellat.

438 631 498 666 Pro
528 644 612 679 qua,
641 641 673 666 ut
707 633 737 667 in
766 634 866 679 scipsa
901 632 1079 667 subsistens
1113 633 1190 666 alios

439 681 646 725 informaret,
670 681 833 716 Passionis
855 694 930 715 suae
953 691 1095 728 tempore
1118 681 1190 716 Sal-

438 738 523 765 vator
544 739 650 767 noster
677 730 765 765 lesus
790 730 938 765 Christus
966 730 1090 765 Patrem
1114 743 1190 764 exo-

438 791 522 815 rasse
547 780 729 827 perhibetur
748 781 878 814 dicens:
902 780 1027 823 Simon,
1050 791 1123 813 ecce
1139 778 1190 814 Sa-

436 838 525 863 tanas
559 830 708 876 expetivit
738 842 814 869 νος,
857 837 889 863 nt
925 828 1074 863 cribraret
1110 829 1190 863 sicut

437 879 594 914 triticum:
624 879 692 925 Ego
725 887 830 912 autem
857 890 912 925 pro
941 886 969 911 te
1004 878 1128 923 rogavi,
1157 886 1191 912 ut

436 940 499 965 non
528 929 654 963 deficiat
686 927 764 963 fides
788 936 861 961 tua:
897 936 926 962 et
963 937 995 962 tu
1019 927 1190 975 aliquando

435 989 610 1022 conversus
636 977 786 1012 confirma
811 977 919 1012 tratres
939 985 1020 1011 tuos.

484 1026 505 1073 g
541 1029 572 1061 1.
608 1026 691 1061 Sanc
719 1026 839 1061 dudum
878 1035 1018 1073 tempore
1047 1025 1098 1060 tel.
1127 1038 1188 1060 rec.

436 1075 561 1110 loannis
582 1075 670 1110 XXll
694 1077 944 1122 praedecessoris
972 1076 1082 1116 nostri,
1112 1076 1191 1109 inter

437 1125 609 1160 nonnullos
656 1126 749 1159 etiam
793 1125 988 1170 theologii-ae
1033 1125 1190 1160 facultatis

438 1175 604 1221 magistros
626 1187 725 1221 super
746 1175 864 1210 visione
890 1175 1064 1209 animarum
1095 1176 1190 1209 iusto-

438 1236 506 1257 rum
537 1225 700 1259 bominum
738 1233 808 1272 post
842 1233 974 1259 mortem
1011 1237 1122 1265 suam,
1159 1225 1187 1258 in

436 1273 552 1320 quihus
576 1273 651 1308 nihil
679 1283 744 1307 erat
775 1273 947 1320 purgabile,
971 1286 1043 1308 cum
1069 1274 1108 1308 tle
1132 1274 1190 1307 boc

436 1323 560 1356 saeculo
576 1324 790 1364 decesserunt,
807 1324 852 1358 vel
869 1324 893 1356 si
916 1324 1026 1363 l'nerat,
1041 1324 1098 1357 iam
1115 1336 1189 1369 pnr-

436 1381 541 1416 gatuni
566 1372 662 1407 suerat
699 1385 734 1406 ex
760 1380 835 1413 toto,
859 1385 897 1407 au
922 1372 1057 1406 divinam
1087 1385 1188 1407 essen·

437 1422 508 1454 tiam
535 1422 657 1456 videant
687 1431 759 1456 ante
782 1434 951 1469 corporum
976 1435 1106 1456 suorum
1138 1435 1188 1456 re-

436 1471 664 1517 sumptionem,
692 1480 720 1505 et
757 1471 907 1505 iudicium
949 1471 1123 1516 generale:
1160 1481 1188 1506 et

435 1531 531 1566 super
555 1520 718 1555 nonnullis
746 1520 816 1555 aliis
845 1530 908 1555 orta
934 1522 1062 1555 materia
1092 1534 1189 1568 quae-

435 1569 558 1611 stionis,
583 1571 723 1617 ipsorum
753 1570 847 1617 aliqui
873 1571 1069 1616 negativam,
1093 1571 1187 1618 aliqui

434 1617 664 1657 affirmativam,
704 1619 754 1654 alii
793 1632 863 1653 vero
903 1620 1078 1654 secundum
1117 1633 1190 1655 suas

435 1668 692 1716 imaginationes,
724 1669 763 1703 de
787 1669 905 1703 visione
934 1669 1057 1703 divinae
1085 1682 1190 1705 essen-

434 1717 494 1751 tiae
516 1716 555 1751 ab
585 1718 752 1752 animabus
781 1718 976 1758 huiusmodi,
1007 1718 1130 1753 diversa
1159 1729 1187 1755 et

434 1766 645 1801 diversimode
672 1767 838 1801 ostendere
874 1767 1067 1812 nitebantur,
1097 1779 1186 1816 prout

435 1827 471 1849 ex
495 1816 587 1851 dictis
609 1825 636 1851 et
656 1818 781 1864 scriptis
801 1819 943 1864 ipsorum
968 1818 1109 1852 noscitur
1136 1831 1189 1866 ap-

437 1874 561 1911 parere·,
587 1879 683 1914 super
705 1867 830 1901 reiectis
851 1880 923 1901 vero
945 1868 1010 1901 suis
1032 1877 1190 1902 concerta-

435 1914 587 1959 tionibus,
614 1928 694 1964 quas
716 1916 766 1950 hie
794 1928 886 1952 eausa
913 1917 1072 1950 brevitatis
1095 1918 1189 1951 omit—

435 1963 543 2007 timus,
566 1967 638 2012 quia
663 1966 703 1999 ita
739 1978 776 2000 ex
808 1967 924 2001 nostris
951 1967 1190 2001 determinatio-

437 2013 528 2046 nibus
545 2014 624 2048 inter
644 2027 677 2049 se
696 2015 788 2050 etiam
810 2020 854 2058 (t)
874 2016 1073 2050 decidebant.
1094 2015 1189 2050 Cum-

435 2074 497 2109 que
521 2063 603 2097 itlem
627 2064 854 2112 praedecessor
881 2074 999 2105 noster,
1029 2066 1066 2099 ad
1091 2079 1187 2112 quem

435 2113 667 2156 praedictorum
696 2114 915 2149 determinatio
945 2115 1186 2161 pertinebat,ad

434 2165 630 2202 decisionem
654 2170 923 2203 concertationum
951 2169 1132 2203 huiusmodi
1154 2183 1188 2205 se

435 2230 554 2266 pararet
590 2222 619 2256 in
653 2235 710 2257 suo
738 2223 926 2257 consistorio
950 2222 1098 2270 publico,
1125 2233 1186 2259 tam

435 2272 582 2309 fratribus
614 2276 680 2311 suis
712 2276 745 2311 S.
770 2276 807 2311 R.
833 2276 858 2311 E
895 2276 1122 2317 cardinalibus,
1150 2279 1188 2313 de

433 2340 569 2374 quorum
589 2343 721 2365 numero
742 2340 818 2366 tuuc
836 2344 974 2370 eramus,
993 2343 1086 2377 quam
1104 2344 1188 2378 prae-

434 2382 504 2418 latis
526 2393 554 2419 et
580 2386 738 2430 magistris
759 2386 787 2419 in
813 2385 982 2431 theologia,
1009 2385 1062 2432 qui
1096 2386 1185 2420 multi

433 2439 561 2472 aderant
585 2448 778 2485 praesentes,
804 2439 998 2484 iniungendo
1011 2439 1187 2473 districtius

432 2499 462 2525 et
480 2493 672 2534 mandando,
696 2503 728 2527 ut
743 2506 840 2540 super
863 2494 990 2527 materia
1016 2494 1054 2527 de
1068 2494 1186 2527 visione

434 2546 591 2591 praedicta
608 2575 615 2589 ,
643 2548 771 2594 quaudo
805 2548 1041 2595 requirerentur
1070 2547 1110 2581 ab
1137 2560 1185 2587 eo,

432 2598 602 2633 deliberate
626 2602 843 2649 unusquisqne
865 2602 996 2645 diceret,
1011 2601 1095 2648 quod
1119 2614 1185 2635 sen-

468 2669 506 2704 (1)
526 2670 594 2697 Alias
609 2673 778 2698 dissidebant.

1020 282 1206 305 numanum
1234 282 1394 304 ΠΟΜΑΝΙῙΜ

1231 338 1313 371 tiret.
1334 336 1453 371 Tamen
1482 344 1581 370 morte
1606 344 1803 382 praeventus,
1829 337 1907 370 sicut
1925 336 1984 370 Do-

1231 387 1317 420 mino
1342 385 1470 432 placuit,
1500 384 1648 431 perlicere
1676 385 1750 419 illutl
1781 385 1932 432 nequivit.

1279 440 1294 478 ἕ
1330 438 1362 469 2.
1401 434 1557 468 Defuncto
1599 435 1701 480 itaque
1741 434 1982 481 praedecessore

1232 484 1379 530 praefato,
1408 497 1464 519 nos
1486 483 1589 517 divina
1606 483 1786 529 dignatione
1809 483 1845 517 ad
1860 484 1980 530 apicem

1230 534 1347 567 summi
1378 533 1572 579 apostolatus
1599 533 1774 579 assumpti,
1801 532 1982 578 diligentius

1230 583 1438 626 attendentes,
1461 591 1575 629 quanta
1603 595 1638 615 ex
1669 582 1850 629 praemissis
1871 593 1981 616 eorum

1230 632 1520 666 concertationibus
1556 644 1616 665 non
1652 632 1764 665 solutis
1807 631 1981 665 animarum

1232 681 1397 715 imminent
1411 681 1563 727 pericula,
1576 688 1693 727 quanta
1714 680 1828 715 exinde
1851 690 1982 728 possunt

1230 730 1376 764 scandala
1413 730 1576 774 suboriri,
1608 738 1643 764 ut
1675 730 1816 776 ipsorum
1851 731 1984 765 varietas

1232 787 1348 824 pereat,
1377 788 1406 813 et
1432 779 1570 814 veritatis
1603 779 1746 814 soliditas
1782 780 1984 820 innotescat,

1232 828 1335 861 habita
1373 829 1460 874 prius
1500 840 1595 875 super
1638 829 1806 876 praedietis
1851 828 1983 864 sollicita

1231 878 1462 912 examinatione
1501 885 1531 911 et
1572 878 1716 923 diligenti
1758 877 1984 913 deliberatione.

1231 938 1301 960 cum
1346 926 1494 961 fratribus
1535 929 1651 960 nostris
1684 928 1786 961 dictae
1821 927 1984 963 Romanae

1232 975 1392 1010 Ecclesiae
1424 975 1659 1020 cardinalibus,
1690 976 1728 1011 de
1757 977 1896 1023 ipsorum
1921 978 1984 1012 fra-

1232 1034 1312 1059 trum
1337 1025 1480 1069 ronsilio,
1504 1026 1561 1059 hac
1584 1025 1613 1059 in
1638 1034 1825 1072 perpetuum
1854 1028 1982 1062 valitura

1231 1075 1477 1116 constitutione,
1500 1077 1685 1109 auctoritate
1713 1076 1880 1123 apostolica
1905 1076 1984 1110 defi-

1232 1136 1347 1157 nimus.

1279 1178 1294 1215 ,ξ
1318 1178 1348 1208 5.
1372 1173 1478 1215 Quod,
1501 1174 1679 1208 seeundum
1699 1186 1901 1209 communem
1924 1174 1981 1209 Dei

1230 1223 1476 1263 ordinationem,
1491 1224 1614 1257 animae
1632 1232 1813 1257 sanctorum
1828 1224 1982 1263 omnium,

1230 1273 1284 1318 qui
1313 1273 1351 1306 de
1380 1272 1438 1306 hoc
1462 1273 1579 1306 mundo
1613 1281 1685 1307 ante
1723 1272 1849 1308 Domini
1886 1275 1982 1308 nostri

1232 1321 1299 1355 lesu
1323 1322 1441 1356 Christi
1463 1322 1644 1356 Passionem
1673 1322 1900 1367 decesserunt,
1927 1335 1985 1357 nee

1232 1383 1291 1405 non
1320 1380 1501 1407 sanctorum
1526 1371 1766 1418 apostolorum,
1791 1381 1959 1419 martyrum
1977 1400 1984 1412 ,

1230 1421 1461 1460 consessorum,
1477 1422 1632 1467 virginum
1649 1429 1676 1455 et
1690 1421 1823 1455 aliorum
1842 1421 1982 1456 lideliutn

1230 1469 1464 1513 defunctorum,
1490 1479 1559 1517 post
1582 1482 1706 1505 sacrum
1729 1470 1768 1505 ab
1790 1471 1836 1505 eis
1863 1470 1982 1505 Christi

1232 1519 1384 1566 baptisma
1425 1528 1636 1567 susceptum,
1672 1520 1700 1553 in
1738 1520 1856 1567 quibus
1905 1520 1983 1554 nihil

1231 1570 1396 1614 purgabile
1429 1569 1503 1606 t‘uit.
1533 1569 1661 1616 quando
1683 1569 1902 1610 decesserunt,
1926 1582 1984 1604 nee

1230 1619 1300 1661 erit,
1322 1620 1449 1665 quando
1466 1619 1619 1653 decedent
1639 1619 1734 1653 etiam
1764 1620 1793 1653 in
1818 1619 1959 1654 futurum
1977 1634 1983 1659 ,

1231 1667 1276 1702 vel
1305 1669 1328 1702 si
1358 1676 1433 1704 tunc
1456 1668 1547 1702 suerit
1574 1677 1625 1702 aut
1648 1668 1705 1702 crit
1730 1668 1849 1715 aliquid
1874 1681 1985 1716 purga-

1231 1716 1291 1753 bile
1316 1718 1345 1751 in
1373 1719 1492 1753 eisdem
1509 1746 1518 1757 ,
1541 1730 1613 1752 cutn
1638 1725 1707 1764 post
1735 1727 1866 1753 mortem
1895 1730 1983 1753 suani

1231 1766 1346 1801 fuerint
1363 1775 1531 1814 purgatam
1555 1780 1590 1801 ac
1614 1767 1698 1814 quod
1722 1768 1847 1802 animae
1872 1780 1984 1815 puero—

1231 1829 1299 1851 rum
1316 1818 1427 1851 codem
1451 1816 1569 1851 Christi
1592 1816 1780 1863 baptismate
1804 1827 1982 1852 renatorum

1230 1874 1257 1898 et
1283 1865 1544 1913 baptizandorum
1568 1878 1640 1900 cum
1670 1866 1786 1900 suerint
1813 1866 1982 1914 baptizati.

1229 1923 1301 1949 ante,
1335 1929 1424 1950 usum
1460 1915 1548 1950 liberi
1582 1915 1701 1949 arbitrii
1740 1917 1983 1954 decedentium,

1231 1973 1300 2010 post
1322 1974 1453 2000 mortem
1474 1978 1561 1999 suam
1592 1974 1622 1998 et
1645 1966 1867 2012 purgationem
1891 1978 1982 2012 prae

1231 2014 1321 2048 fatam
1347 2015 1375 2048 in
1400 2015 1460 2050 illis
1476 2043 1483 2055 ,
1507 2016 1558 2061 qui
1588 2016 1776 2061 purgatione
1800 2015 1982 2050 huiusmodi

1231 2063 1425 2111 indigebant,
1448 2065 1541 2098 etiam
1556 2073 1628 2099 ante.
1645 2065 1897 2112 resumptionem
1913 2077 1985 2099 sun-

1231 2126 1297 2147 rum
1322 2126 1492 2161 corporum
1513 2122 1542 2148 et
1566 2114 1720 2148 iudicium
1739 2114 1897 2160 generale,
1914 2124 1980 2160 post

1229 2163 1446 2198 ascensionem
1467 2163 1637 2198 Salvatoris
1655 2164 1780 2198 Domini
1801 2165 1896 2198 nostri
1914 2163 1980 2198 lesu

1229 2211 1345 2247 Christi
1374 2214 1403 2248 in
1432 2214 1568 2257 coelum,
1596 2212 1733 2254 fuerunt,
1756 2221 1872 2248 suntet
1890 2223 1981 2248 erunt

1230 2262 1259 2296 in
1283 2264 1382 2303 coelo,
1405 2263 1565 2297 coelorum
1587 2275 1684 2308 regno
1703 2272 1733 2297 et
1754 2264 1899 2310 paradiso
1915 2275 1983 2298 coe-

1229 2312 1297 2345 lesti
1320 2325 1392 2346 cum
1421 2312 1559 2352 Christo,
1581 2322 1762 2347 sanctoruni
1797 2314 1979 2359 angelorum

1229 2362 1388 2395 consortio
1404 2371 1604 2407 aggregatae,
1623 2375 1658 2397 ac
1682 2371 1751 2410 post
1765 2362 1893 2397 Domini
1913 2362 1979 2397 Iesu

1227 2409 1344 2444 Christi
1370 2412 1548 2457 passionem
1578 2420 1606 2446 et
1631 2421 1761 2447 mortem
1787 2412 1930 2447 viderunt
1951 2422 1980 2446 et

1228 2460 1333 2494 vident
1359 2460 1497 2495 divinam
1527 2464 1694 2496 essentiam
1732 2462 1849 2496 visione
1883 2462 1980 2496 intui-

1229 2511 1310 2551 tiva,
1346 2518 1376 2544 et
1414 2512 1506 2546 ctiam
1548 2510 1668 2549 faciali,
1710 2511 1792 2545 nulla
1823 2510 1980 2545 mediante

1227 2568 1379 2600 creatura,
1400 2562 1429 2594 in
1449 2561 1566 2595 ratione
1581 2561 1693 2595 obiecti
1710 2562 1764 2595 visi
1780 2573 1813 2594 se
1828 2561 1978 2599 hahente;

1226 2610 1280 2643 sed
1303 2610 1407 2643 divina
1443 2611 1577 2645 essentia
1615 2610 1796 2646 immediate
1821 2623 1854 2645 se
1882 2610 1978 2652 nude,

1226 2659 1308 2693 claro
1335 2667 1365 2693 et
1392 2667 1499 2707 aperte
1528 2660 1574 2695 eis
1596 2660 1794 2695 ostendente.
1817 2659 1978 2707 Quodque

2001 283 2048 309 Αη.
2066 283 2096 309 C.
2116 283 2183 310 1556

2004 442 2040 463 flu>
2049 444 2110 464 inodo
2121 443 2182 464 l’ont.

1998 474 2065 494 dit-tas
2099 475 2184 494 alsaen-

1998 507 2070 525 siones
2086 505 2184 525 terminat

1999 541 2044 555 enni
2072 535 2184 556 inti-asert-

1999 568 2038 592 ptis
2055 567 2184 586 ttettnitioni-

1999 597 2044 617 bus.

2014 1184 2111 1204 nettnitto
2128 1185 2184 1204 circa

1998 1215 2148 1235 beatitudinem
2165 1221 2186 1234 a·

1999 1252 2099 1265 urinarum
2131 1247 2183 1266 nde<

2000 1277 2048 1296 lium
2072 1276 2184 1297 ‹tetuucto-

2000 1315 2004 1327 ι
2012 1314 2051 1327 uin.
