2274 3265
221 270 271 296 An.
290 269 318 296 C.
340 269 406 297 1278

471 253 517 285 42

421 317 470 351 nis
488 314 644 358 instantia,
664 324 747 347 nunc
770 312 860 345 etiam
885 310 1170 345 murmurationum

417 365 573 405 susurris,
600 375 635 397 ac
669 361 880 396 defectionum
915 367 944 394 et
973 358 1171 407 querelarum

417 411 721 448 comminationibus
748 409 915 456 exigendo,
937 409 1017 443 scire
1045 420 1099 442 vos
1124 419 1174 441 vo-

418 463 535 502 lumus,
563 461 646 508 qnod
684 468 808 495 nostrae
842 457 1027 493 intentionis
1054 457 1171 496 existit,

418 512 594 558 latoresque
635 509 846 556 praesentium
888 508 989 541 iurare
1030 506 1172 549 fecimus,

417 560 501 607 quod
529 560 566 594 ad
590 558 779 605 exigendum
803 557 850 591 vel
886 555 1093 591 obtinendum
1113 554 1172 589 ali-

417 609 500 656 quod
526 617 647 656 praeter
677 620 724 647 ea,
757 618 836 654 quae
869 605 906 640 ad
931 606 1049 639 victum
1078 611 1107 638 et
1130 603 1172 638 ob

418 657 606 693 infirmitatis
628 670 664 692 ac
691 657 769 691 alios
790 667 882 690 casus
905 653 1091 693 necessaria,
1118 664 1173 699 per

417 708 493 742 alias
521 708 567 742 eis
599 707 659 741 sub
695 714 777 741 certa
813 705 911 738 forma
945 703 1063 743 literas,
1096 714 1172 748 quas

417 756 507 791 vobis
524 756 664 792 exbiberi
683 754 881 798 mandamus,
900 752 1069 787 ministrari
1088 763 1174 797 prae-

417 806 565 852 cipimus,
586 805 701 840 talibus
723 803 891 843 instantiis,
915 800 1174 836 murmurationi-

417 858 489 899 bus,
511 854 772 897 detractionibus,
795 864 848 887 seu
873 849 1173 886 comminationibus

417 917 479 939 non
505 912 649 944 utantur3
678 915 735 937 nec
758 903 896 948 recipere
921 913 975 947 per
997 899 1172 939 instantias,

418 954 684 988 murmurationes
723 952 768 986 vel
815 951 1078 985 comminationes
1111 948 1173 982 liu-

417 1003 553 1037 iusmodi
583 1002 684 1037 oblata
713 1008 931 1047 praesumant:
962 999 1112 1045 ideoque,
1140 1005 1173 1031 ut

417 1052 533 1087 nostris
560 1052 589 1085 in
630 1051 689 1085 boc
718 1049 883 1084 intentioni
906 1061 941 1082 ac
967 1047 1172 1094 beneplacitis

416 1100 622 1141 concurratis,
644 1099 791 1146 praelatis
818 1110 926 1133 eorum
954 1096 1172 1139 abusionibus,

417 1150 611 1196 caeterisque
634 1148 805 1186 similibus,
827 1148 851 1182 si
881 1147 982 1181 forsan
1007 1147 1063 1188 eis,
1086 1146 1171 1193 quod

418 1212 478 1234 non
502 1208 550 1235 est
573 1198 752 1241 verisimile,
771 1197 816 1232 uti
840 1203 1078 1243 praesumerent
1096 1207 1173 1229 con-

418 1257 461 1283 tra
501 1248 663 1296 proprium
700 1247 934 1289 iuramentum,
970 1244 1172 1291 contemptis,

417 1298 545 1333 omnino
569 1309 622 1332 vos
646 1296 725 1331 ultra
751 1296 922 1343 praemissa
947 1295 1047 1340 ipsius
1066 1301 1173 1328 nostro

417 1347 620 1382 ministranda
663 1346 810 1380 mandato
847 1343 1016 1378 tribuendo
1055 1342 1171 1389 aliquid

418 1408 478 1431 non
511 1395 661 1443 gravetis:
690 1407 761 1429 cum
797 1405 857 1428 non
891 1405 946 1440 per
976 1392 1174 1427 extorsiones

417 1445 612 1485 huiusmodi,
631 1443 686 1479 sed
709 1444 785 1479 alias
805 1442 1010 1477 retributione
1034 1453 1172 1486 congrua

417 1495 611 1530 intendimus
630 1494 769 1540 ipsorum
789 1491 949 1527 laboribus
968 1490 1171 1538 respondere.

465 1543 580 1579 Datum
609 1542 730 1578 Romae
753 1540 837 1589 apud
860 1540 1013 1575 Sanctum
1042 1539 1171 1574 Petrum

416 1593 540 1628 decimo
563 1600 672 1627 octavo
700 1591 851 1627 kalendas
880 1589 1040 1632 februarii,
1070 1589 1174 1636 ponti-

418 1644 527 1678 ficatus
550 1642 647 1677 nostri
676 1653 760 1676 anno
788 1641 900 1688 primo.

449 1699 509 1730 Dat.
533 1699 580 1729 die
597 1699 634 1728 ⁴15
652 1698 779 1729 ianuarii
799 1697 885 1732 1278,
905 1696 1007 1736 pontis.
1024 1704 1100 1725 anno
1119 1703 1135 1724 t.

1001 255 1102 279 BULLA
1107 254 1139 277 m
1144 253 1189 276 ΠΜ

777 1892 815 1927 ΙΙ.

423 1978 514 2016 Quod
551 1976 663 2020 absque
700 1974 824 2009 Summi
863 1972 1019 2016 Pontificis
1055 1970 1175 2003 licentia

468 2025 595 2071 speciali
628 2031 751 2058 senator
789 2023 877 2055 Urbis
912 2021 1038 2054 minime
1078 2019 1176 2062 eliqu-

470 2082 521 2109 tur
549 2075 610 2116 (l).

691 2148 904 2181 SUMMARIUM

422 2219 610 2250 Prooemium.
622 2234 661 2240 —
675 2214 868 2247 Pontificibus
885 2215 989 2244 donata
1003 2213 1092 2243 Roma
1110 2222 1175 2242 cum

464 2263 599 2302 imperio.
617 2278 656 2285 —
669 2261 695 2291 l.
718 2260 827 2290 Damna
849 2258 917 2289 Urbi
937 2269 950 2288 a
975 2257 1105 2288 dominio
1124 2266 1175 2287 ex-

464 2312 592 2337 terorum
616 2307 695 2336 illata
715 2310 865 2341 recenset3
883 2320 922 2326 -—
943 2302 970 2332 02.
993 2301 1106 2337 Quibus
1125 2310 1176 2331 oc-

463 2351 565 2381 currit.
578 2351 712 2382 —Urbis
730 2354 847 2380 senator
863 2349 927 2378 sine
945 2348 1060 2377 licentia
1082 2346 1177 2385 Papae

464 2405 522 2426 non
553 2396 718 2434 eligendus.
745 2411 784 2417 —-
816 2393 929 2423 Poenae
958 2395 1056 2421 contra
1091 2399 1177 2420 secus

466 2446 596 2480 agentes.
624 2458 663 2464 ·—-
685 2440 712 2470 3.
741 2438 960 2474 TabelHonum,
991 2436 1177 2474 aliorumque

466 2486 748 2516 contravenientium
768 2493 871 2523 poena.
889 2499 927 2504 --
944 2482 973 2511 4.
993 2479 1177 2510 Obstautium

466 2530 626 2569 derogatio.
646 2546 685 2552 --
701 2529 728 2558 5.
748 2527 867 2558 Nobiles
887 2525 1009 2556 Romani
1034 2526 1087 2554 bac
1115 2524 1178 2562 lege

466 2575 660 2614 excipiuntur.
683 2590 722 2596 -
743 2573 769 2603 (i.
789 2570 953 2602 Clausulae.

462 2645 502 2681 (ί)
518 2644 558 2674 Ex
577 2644 682 2681 Regest.
701 2644 783 2673 vatic*

1217 251 1379 275 ROMANUM

1282 309 1405 338 Nicotaus
1420 308 1561 344 episcopus
1581 312 1675 334 servus
1685 311 1824 334 servorum
1841 304 1897 337 nei.

1349 358 1383 386 acl
1406 357 1566 393 perpetuam
1597 354 1638 382 rei
1664 353 1830 382 memoriam.

1265 429 1482 464 Fundamenta
1528 426 1686 461 militantis
1729 424 1890 459 Ecclesiae
1935 424 1965 458 in

1216 478 1378 513 montibus
1412 477 1529 511 sanctis
1559 475 1717 522 Propheta
1741 485 1967 516 rememorans,

1216 540 1269 574 per
1297 535 1431 567 montes
1468 525 1638 573 Apostolos
1671 533 1699 558 et
1738 522 1968 569 praedicatores

1217 585 1360 624 potenter
1382 577 1529 615 insinuat,
1557 573 1675 620 quibus
1703 580 1765 607 tota
1788 572 1883 606 liuius
1909 583 1969 606 ae-

1215 625 1313 660 dificii
1349 625 1464 660 fabrica
1500 624 1698 659 confidenter
1733 621 1888 665 innititur,
1915 620 1968 667 qui

1215 675 1323 709 firmae
1341 674 1431 709 bases
1453 673 1613 708 Ecclesiae
1636 683 1732 718 super
1751 670 1970 713 fundamento,

1217 731 1337 770 praeter
1363 723 1448 770 quod
1480 734 1573 757 nemo
1595 721 1680 756 aliud
1709 731 1827 768 ponere
1855 727 1970 767 potest,

1215 773 1300 819 quod
1330 780 1378 807 est
1404 771 1552 807 Cliristus
1584 771 1684 809 Iesus,
1717 769 1811 805 veluti
1845 780 1971 803 summo

1216 821 1355 867 angulari
1373 821 1477 868 lapide
1492 821 1683 861 solidantur·⁷
1698 827 1732 853 ut
1747 819 1874 862 veritas,
1890 829 1971 865 quae

1216 880 1305 905 antea
1329 871 1405 917 legis
1432 878 1462 905 et
1484 870 1706 917 prophetarum
1731 868 1900 915 praeconio
1923 878 1972 902 ve-

1217 920 1361 960 hebatur,
1396 932 1452 966 per
1479 919 1682 965 apostolicam
1713 917 1819 952 tubam
1856 918 1885 951 in
1920 929 1971 951 sa-

1216 970 1312 1004 lutem
1338 968 1547 1003 universitatis
1569 968 1683 1002 exiret:
1713 967 1796 1001 sicut
1818 966 1969 1013 scriptum

1217 1026 1278 1053 est:
1308 1018 1341 1053 In
1374 1030 1500 1052 omnem
1531 1025 1643 1051 terrain
1670 1016 1763 1050 exivit
1790 1028 1888 1050 sonus
1915 1027 1971 1050 eo-

1217 1081 1298 1108 rum,
1327 1076 1358 1102 et
1387 1068 1416 1101 in
1446 1067 1525 1101 fines
1553 1065 1638 1100 orbis
1668 1073 1768 1099 terrae
1796 1064 1887 1099 verba
1914 1076 1971 1098 eo-

1216 1130 1296 1151 rum.
1321 1116 1425 1150 Huius
1443 1125 1547 1150 autem
1576 1114 1716 1149 muneris
1738 1122 1969 1149 sacramentum

1217 1167 1256 1200 ita
1295 1166 1453 1200 Dominus
1489 1165 1526 1199 ad
1563 1164 1705 1198 omnium
1745 1163 1970 1210 Apostolorum

1218 1216 1315 1250 voluit
1338 1214 1474 1249 osticium
1499 1214 1666 1260 pertinere,
1691 1220 1723 1246 ut
1742 1213 1771 1246 iu
1796 1212 1888 1247 beato
1910 1211 1972 1246 Pe-

1217 1273 1263 1299 tro
1287 1264 1500 1311 apostolorum
1529 1263 1670 1297 omnium
1701 1273 1827 1296 summo
1852 1261 1972 1308 princi-

1217 1314 1326 1360 paliter
1353 1313 1532 1355 collocaret,
1556 1320 1588 1345 ut
1609 1311 1742 1358 abipso,
1770 1311 1859 1357 quasi
1889 1321 1973 1357 quo-

1216 1363 1287 1397 dam
1327 1363 1440 1408 capite,
1474 1361 1556 1396 dona
1584 1373 1639 1395 sua
1677 1360 1818 1394 velutin
1855 1371 1972 1406 corpus

1216 1424 1310 1446 omne
1333 1411 1533 1445 diffunderet.
1560 1409 1656 1444 Hunc
1678 1410 1762 1444 enim
1787 1409 1818 1443 in
1840 1420 1972 1443 consor-

1217 1461 1294 1495 tium
1327 1460 1508 1494 individuae
1541 1459 1670 1493 unitatis
1701 1465 1915 1505 assumptum,
1941 1457 1972 1491 id

1216 1510 1301 1557 quod
1323 1510 1389 1556 ipse
1408 1518 1485 1552 erat,
1508 1507 1667 1543 Dominus
1687 1507 1784 1543 voluit
1802 1507 1972 1546 nominari,

1217 1558 1367 1594 dicendo:
1391 1558 1439 1592 Tu
1460 1570 1493 1592 es
1511 1557 1637 1599 Petrus,
1655 1565 1684 1591 et
1702 1568 1798 1603 super
1813 1555 1894 1591 hanc
1917 1568 1974 1603 pe—

1217 1617 1294 1643 tram
1323 1607 1497 1642 aedificabo
1519 1606 1694 1642 Ecclesiam
1718 1617 1832 1646 meam,
1861 1613 1894 1640 ut
1921 1617 1974 1640 ae-

1218 1659 1296 1692 terni
1339 1656 1447 1704 templi
1484 1664 1651 1697 structura,
1679 1655 1747 1691 Deo
1774 1654 1973 1695 aedificante,

1217 1716 1397 1742 constructa
1432 1706 1565 1741 mirabili
1601 1717 1732 1740 munere
1763 1704 1881 1750 gratiae
1914 1702 1973 1739 Dei

1218 1757 1247 1791 in
1277 1757 1359 1792 Petri
1388 1756 1574 1791 consisteret
1597 1755 1760 1789 firmitate:
1785 1754 1834 1788 cui
1862 1753 1974 1788 Salva-

1219 1807 1294 1841 toris
1314 1806 1410 1841 nostri
1431 1805 1570 1839 miranda
1591 1804 1727 1852 provisio
1750 1803 1875 1838 beatum
1896 1801 1976 1838 Pau·

1218 1856 1281 1890 lum
1317 1856 1347 1890 in
1378 1854 1556 1903 apostolatu
1584 1854 1725 1900 gentium
1762 1864 1818 1900 per
1850 1852 1974 1887 dextras

1218 1905 1377 1940 societatis
1409 1904 1563 1939 adiunxit.
1592 1903 1646 1938 Isti
1679 1910 1770 1942 sunt,
1807 1913 1862 1948 per
1894 1913 1975 1949 quos

1218 1954 1426 2000 Evangelium
1449 1953 1570 1988 Romae
1593 1951 1805 1999 resplenduit:
1830 1951 1878 1986 isti
1901 1958 1975 1985 sunt

1218 2005 1286 2038 eius
1310 2011 1430 2050 patres,
1462 2002 1591 2049 verique
1623 2010 1779 2049 pastores:
1814 2001 1861 2035 isti
1890 2007 1975 2041 sunt,

1219 2053 1273 2100 qui
1303 2066 1361 2088 una
1396 2053 1568 2100 promerito
1596 2063 1659 2086 uno
1691 2050 1760 2085 loco
1789 2062 1844 2096 pro
1878 2049 1974 2095 gloria

1219 2102 1278 2136 sub
1305 2114 1370 2137 uno
1406 2110 1607 2149 persecutore
1648 2112 1704 2147 pro
1739 2099 1826 2147 parili
1862 2099 1975 2133 virtute

1221 2152 1389 2198 compassi,
1417 2150 1534 2185 Urbem
1564 2150 1664 2196 ipsam
1692 2149 1831 2195 glorioso
1863 2160 1974 2183 cruore

1222 2201 1356 2249 martyrii
1397 2199 1523 2234 Clu-isto
1558 2199 1696 2233 Domino
1730 2205 1973 2238 consecrarunt;

1221 2251 1271 2286 isti
1295 2257 1368 2285 sunt
1390 2250 1442 2297 qui
1467 2249 1550 2283 illam
1578 2249 1609 2283 in
1638 2248 1719 2283 lianc
1741 2248 1873 2294 gloriam
1901 2259 1975 2294 pro—

1221 2308 1381 2341 vexerunt,
1405 2308 1437 2333 ut
1456 2298 1496 2333 sit
1517 2310 1595 2345 gens
1617 2305 1736 2339 sancta,
1756 2297 1892 2345 populus
1914 2297 1975 2332 ele-

1220 2362 1300 2395 ctus,
1337 2354 1446 2388 civitas
1479 2352 1681 2388 sacerdotalis
1714 2359 1743 2386 et
1783 2351 1882 2397 regia,
1919 2362 1976 2398 per

1220 2420 1338 2443 sacram
1374 2407 1456 2442 beati
1490 2406 1573 2441 Petri
1601 2405 1717 2441 Sedem
1754 2412 1849 2452 caput
1879 2406 1975 2440 totius

1221 2462 1305 2497 orbis
1332 2461 1453 2497 effecta.
1481 2461 1527 2496 Ne
1554 2468 1658 2496 antem
1687 2461 1753 2507 ipsa
1780 2467 1878 2494 mater
1913 2458 1975 2494 Ec-

1221 2516 1315 2552 clesia
1338 2517 1368 2550 in
1393 2516 1636 2562 congregatione
1667 2526 1703 2549 ac
1736 2522 1861 2561 pastura
1890 2512 1975 2548 lide-

1223 2571 1296 2605 lium
1327 2570 1552 2617 temporalibus
1579 2576 1700 2605 careret
1734 2567 1870 2612 auxiliis,
1898 2566 1973 2615 quin

1223 2624 1327 2672 potius
1356 2624 1432 2671 ipsis
1462 2623 1567 2659 adiuta
1600 2621 1815 2671 spiritualibus
1849 2632 1976 2669 semper

1979 243 2030 270 An.
2051 240 2163 269 &1278

2008 428 2138 450 Prooemmm.
