<?xml version="1.0" encoding="UTF-8"?>
<!DOCTYPE html PUBLIC "-//W3C//DTD XHTML 1.0 Transitional//EN"
    "http://www.w3.org/TR/xhtml1/DTD/xhtml1-transitional.dtd">
<html xmlns="http://www.w3.org/1999/xhtml" xml:lang="en" lang="en">
 <head>
  <title>
</title>
<meta http-equiv="Content-Type" content="text/html;charset=utf-8" />
  <meta name='ocr-system' content='tesseract 3.04.00' />
  <meta name='ocr-capabilities' content='ocr_page ocr_carea ocr_par ocr_line ocrx_word'/>
</head>
<body>
  <div class='ocr_page' id='page_1' title='image "./bullarumdiplomat04cath_0599.png"; bbox 0 0 2274 3265; ppageno 0'>
   <div class='ocr_carea' id='block_1_1' title="bbox 126 266 303 293">
    <p class='ocr_par' dir='ltr' id='par_1_1' title="bbox 126 266 303 293">
     <span class='ocr_line' id='line_1_1' title="bbox 126 266 303 293; baseline 0 -1"><span class='ocrx_word' id='word_1_1' title='bbox 126 266 176 293; x_wconf 77' lang='lat' dir='ltr'>An.</span> <span class='ocrx_word' id='word_1_2' title='bbox 192 266 221 292; x_wconf 85' lang='lat' dir='ltr'>C.</span> <span class='ocrx_word' id='word_1_3' title='bbox 239 267 303 292; x_wconf 68' lang='lat'>¹387!</span> 
     </span>
    </p>
   </div>
   <div class='ocr_carea' id='block_1_2' title="bbox 120 1015 307 1162">
    <p class='ocr_par' dir='ltr' id='par_1_2' title="bbox 120 1015 307 1162">
     <span class='ocr_line' id='line_1_2' title="bbox 126 1015 307 1038; baseline -0.011 0"><span class='ocrx_word' id='word_1_4' title='bbox 126 1017 247 1038; x_wconf 56' lang='lat' dir='ltr'>tit-ctesias</span> <span class='ocrx_word' id='word_1_5' title='bbox 256 1015 307 1037; x_wconf 57' lang='lat' dir='ltr'>Nlar-</span> 
     </span>
     <span class='ocr_line' id='line_1_3' title="bbox 121 1050 307 1074; baseline -0.011 -5"><span class='ocrx_word' id='word_1_6' title='bbox 121 1050 177 1071; x_wconf 64' lang='lat' dir='ltr'>cotti,</span> <span class='ocrx_word' id='word_1_7' title='bbox 190 1050 209 1069; x_wconf 90' lang='lat' dir='ltr'>in</span> <span class='ocrx_word' id='word_1_8' title='bbox 221 1055 259 1074; x_wconf 66' lang='lat' dir='ltr'>qua</span> <span class='ocrx_word' id='word_1_9' title='bbox 270 1054 307 1068; x_wconf 79' lang='lat' dir='ltr'>ca-</span> 
     </span>
     <span class='ocr_line' id='line_1_4' title="bbox 121 1080 307 1103; baseline -0.011 -3"><span class='ocrx_word' id='word_1_10' title='bbox 121 1081 190 1100; x_wconf 83' lang='lat' dir='ltr'>nnuiri</span> <span class='ocrx_word' id='word_1_11' title='bbox 203 1080 307 1103; x_wconf 42' lang='lat' dir='ltr'>decebant</span> 
     </span>
     <span class='ocr_line' id='line_1_5' title="bbox 120 1109 304 1131; baseline 0 -2"><span class='ocrx_word' id='word_1_12' title='bbox 120 1111 219 1131; x_wconf 63' lang='lat' dir='ltr'>fratribus</span> <span class='ocrx_word' id='word_1_13' title='bbox 227 1111 246 1130; x_wconf 67' lang='lat' dir='ltr'>S,</span> <span class='ocrx_word' id='word_1_14' title='bbox 257 1110 269 1129; x_wconf 78' lang='grc' dir='ltr'>Β</span> <span class='ocrx_word' id='word_1_15' title='bbox 280 1109 304 1130; x_wconf 79' lang='grc' dir='ltr'>Μ.</span> 
     </span>
     <span class='ocr_line' id='line_1_6' title="bbox 120 1142 252 1162; baseline -0.015 0"><span class='ocrx_word' id='word_1_16' title='bbox 120 1142 252 1162; x_wconf 67' lang='lat' dir='ltr'>conceditur.</span> 
     </span>
    </p>
   </div>
   <div class='ocr_carea' id='block_1_3' title="bbox 126 2208 311 2322">
    <p class='ocr_par' dir='ltr' id='par_1_3' title="bbox 126 2208 311 2322">
     <span class='ocr_line' id='line_1_7' title="bbox 139 2208 309 2236; baseline 0.018 -9"><span class='ocrx_word' id='word_1_17' title='bbox 139 2208 189 2228; x_wconf 68' lang='lat' dir='ltr'>Data</span> <span class='ocrx_word' id='word_1_18' title='bbox 205 2215 309 2236; x_wconf 71' lang='lat' dir='ltr'>exequen-</span> 
     </span>
     <span class='ocr_line' id='line_1_8' title="bbox 126 2240 310 2260; baseline 0 -1"><span class='ocrx_word' id='word_1_19' title='bbox 126 2241 144 2260; x_wconf 81' lang='lat' dir='ltr'>d·</span> <span class='ocrx_word' id='word_1_20' title='bbox 166 2240 254 2260; x_wconf 55' lang='lat' dir='ltr'>struitis</span> <span class='ocrx_word' id='word_1_21' title='bbox 277 2240 310 2260; x_wconf 80' lang='lat' dir='ltr'>la-</span> 
     </span>
     <span class='ocr_line' id='line_1_9' title="bbox 126 2271 311 2297; baseline 0.005 -6"><span class='ocrx_word' id='word_1_22' title='bbox 126 2271 178 2291; x_wconf 70' lang='lat' dir='ltr'>conr»</span> <span class='ocrx_word' id='word_1_23' title='bbox 187 2272 311 2297; x_wconf 47' lang='lat' dir='ltr'>eppeste-</span> 
     </span>
     <span class='ocr_line' id='line_1_10' title="bbox 126 2305 177 2322; baseline 0.02 -1"><span class='ocrx_word' id='word_1_24' title='bbox 126 2305 177 2322; x_wconf 78' lang='lat' dir='ltr'>tino.</span> 
     </span>
    </p>
   </div>
   <div class='ocr_carea' id='block_1_4' title="bbox 1 2678 4 3198">
    <p class='ocr_par' dir='ltr' id='par_1_4' title="bbox 1 2678 4 3198">
     <span class='ocr_line' id='line_1_11' title="bbox 1 2678 4 3198; baseline 0 0"><span class='ocrx_word' id='word_1_25' title='bbox 1 2678 4 3198; x_wconf 95' lang='lat' dir='ltr'> </span> 
     </span>
    </p>
   </div>
   <div class='ocr_carea' id='block_1_5' title="bbox 952 262 1226 285">
    <p class='ocr_par' dir='ltr' id='par_1_5' title="bbox 952 262 1226 285">
     <span class='ocr_line' id='line_1_12' title="bbox 952 262 1226 285; baseline -0.007 0"><span class='ocrx_word' id='word_1_26' title='bbox 952 262 1097 285; x_wconf 65' lang='lat' dir='ltr'><strong>URBANUS</strong></span> <span class='ocrx_word' id='word_1_27' title='bbox 1119 262 1150 284; x_wconf 73' lang='lat' dir='ltr'>Vt</span> <span class='ocrx_word' id='word_1_28' title='bbox 1180 262 1226 283; x_wconf 70' lang='lat' dir='ltr'>m).</span> 
     </span>
    </p>
   </div>
   <div class='ocr_carea' id='block_1_6' title="bbox 319 319 1076 2699">
    <p class='ocr_par' dir='ltr' id='par_1_6' title="bbox 320 319 1074 949">
     <span class='ocr_line' id='line_1_13' title="bbox 321 319 1070 368; baseline -0.005 -13"><span class='ocrx_word' id='word_1_29' title='bbox 321 329 367 355; x_wconf 91' lang='lat' dir='ltr'>tes</span> <span class='ocrx_word' id='word_1_30' title='bbox 400 329 453 354; x_wconf 91' lang='lat' dir='ltr'>aut</span> <span class='ocrx_word' id='word_1_31' title='bbox 488 320 631 368; x_wconf 76' lang='lat' dir='ltr'>dispositi</span> <span class='ocrx_word' id='word_1_32' title='bbox 662 332 722 354; x_wconf 90' lang='lat' dir='ltr'>non</span> <span class='ocrx_word' id='word_1_33' title='bbox 746 319 893 354; x_wconf 83' lang='lat' dir='ltr'>existant:</span> <span class='ocrx_word' id='word_1_34' title='bbox 925 319 1070 366; x_wconf 79' lang='lat' dir='ltr'>dictaque</span> 
     </span>
     <span class='ocr_line' id='line_1_14' title="bbox 321 369 1071 404; baseline -0.004 0"><span class='ocrx_word' id='word_1_35' title='bbox 321 370 462 404; x_wconf 75' lang='lat' dir='ltr'>Ecclesia</span> <span class='ocrx_word' id='word_1_36' title='bbox 501 371 529 404; x_wconf 93' lang='lat' dir='ltr'>in</span> <span class='ocrx_word' id='word_1_37' title='bbox 561 371 627 404; x_wconf 88' lang='lat' dir='ltr'>suis</span> <span class='ocrx_word' id='word_1_38' title='bbox 665 369 815 404; x_wconf 78' lang='lat' dir='ltr'>aedificiis</span> <span class='ocrx_word' id='word_1_39' title='bbox 853 369 985 403; x_wconf 90' lang='lat' dir='ltr'>nimium</span> <span class='ocrx_word' id='word_1_40' title='bbox 1025 376 1071 402; x_wconf 86' lang='lat' dir='ltr'>est</span> 
     </span>
     <span class='ocr_line' id='line_1_15' title="bbox 320 417 1070 466; baseline -0.003 -13"><span class='ocrx_word' id='word_1_41' title='bbox 320 419 456 466; x_wconf 87' lang='lat' dir='ltr'>collapsa</span> <span class='ocrx_word' id='word_1_42' title='bbox 488 432 523 454; x_wconf 88' lang='lat' dir='ltr'>ac</span> <span class='ocrx_word' id='word_1_43' title='bbox 545 420 636 454; x_wconf 86' lang='lat' dir='ltr'>etiam</span> <span class='ocrx_word' id='word_1_44' title='bbox 659 420 800 459; x_wconf 72' lang='lat' dir='ltr'>ruinosa,</span> <span class='ocrx_word' id='word_1_45' title='bbox 820 418 968 465; x_wconf 83' lang='lat' dir='ltr'>quodque</span> <span class='ocrx_word' id='word_1_46' title='bbox 989 417 1070 452; x_wconf 89' lang='lat' dir='ltr'>idem</span> 
     </span>
     <span class='ocr_line' id='line_1_16' title="bbox 321 467 1072 516; baseline -0.004 -13"><span class='ocrx_word' id='word_1_47' title='bbox 321 469 492 503; x_wconf 91' lang='lat' dir='ltr'>cardinalis</span> <span class='ocrx_word' id='word_1_48' title='bbox 515 469 704 516; x_wconf 75' lang='lat' dir='ltr'>praedictam</span> <span class='ocrx_word' id='word_1_49' title='bbox 728 468 902 503; x_wconf 81' lang='lat' dir='ltr'>Ecclesiam</span> <span class='ocrx_word' id='word_1_50' title='bbox 938 467 975 501; x_wconf 92' lang='lat' dir='ltr'>ad</span> <span class='ocrx_word' id='word_1_51' title='bbox 1001 467 1072 501; x_wconf 85' lang='lat' dir='ltr'>reli-</span> 
     </span>
     <span class='ocr_line' id='line_1_17' title="bbox 321 516 1072 564; baseline -0.003 -12"><span class='ocrx_word' id='word_1_52' title='bbox 321 520 426 564; x_wconf 79' lang='lat' dir='ltr'>giosos</span> <span class='ocrx_word' id='word_1_53' title='bbox 448 519 620 563; x_wconf 70' lang='lat' dir='ltr'>transferri,</span> <span class='ocrx_word' id='word_1_54' title='bbox 639 528 668 553; x_wconf 90' lang='lat' dir='ltr'>et</span> <span class='ocrx_word' id='word_1_55' title='bbox 693 519 722 552; x_wconf 89' lang='lat' dir='ltr'>in</span> <span class='ocrx_word' id='word_1_56' title='bbox 746 530 779 552; x_wconf 86' lang='lat' dir='ltr'>ea</span> <span class='ocrx_word' id='word_1_57' title='bbox 804 526 847 552; x_wconf 88' lang='lat' dir='ltr'>tot</span> <span class='ocrx_word' id='word_1_58' title='bbox 869 518 979 552; x_wconf 88' lang='lat' dir='ltr'>fratres</span> <span class='ocrx_word' id='word_1_59' title='bbox 996 516 1072 551; x_wconf 86' lang='lat' dir='ltr'>Ser-</span> 
     </span>
     <span class='ocr_line' id='line_1_18' title="bbox 323 566 1070 603; baseline -0.004 -1"><span class='ocrx_word' id='word_1_60' title='bbox 323 581 434 602; x_wconf 88' lang='lat' dir='ltr'>vorum</span> <span class='ocrx_word' id='word_1_61' title='bbox 470 569 605 603; x_wconf 79' lang='lat' dir='ltr'>Sanctae</span> <span class='ocrx_word' id='word_1_62' title='bbox 646 568 763 602; x_wconf 84' lang='lat' dir='ltr'>Mariae</span> <span class='ocrx_word' id='word_1_63' title='bbox 798 567 929 601; x_wconf 83' lang='lat' dir='ltr'>Ordinis</span> <span class='ocrx_word' id='word_1_64' title='bbox 963 566 1070 601; x_wconf 87' lang='lat' dir='ltr'>Sancti</span> 
     </span>
     <span class='ocr_line' id='line_1_19' title="bbox 320 616 1073 665; baseline -0.003 -14"><span class='ocrx_word' id='word_1_65' title='bbox 320 617 512 664; x_wconf 73' lang='lat' dir='ltr'>Augustini,</span> <span class='ocrx_word' id='word_1_66' title='bbox 539 618 592 665; x_wconf 91' lang='lat' dir='ltr'>qui</span> <span class='ocrx_word' id='word_1_67' title='bbox 616 618 645 651; x_wconf 92' lang='lat' dir='ltr'>in</span> <span class='ocrx_word' id='word_1_68' title='bbox 669 618 751 652; x_wconf 89' lang='lat' dir='ltr'>dicta</span> <span class='ocrx_word' id='word_1_69' title='bbox 774 616 859 652; x_wconf 87' lang='lat' dir='ltr'>Urbe</span> <span class='ocrx_word' id='word_1_70' title='bbox 882 616 1004 650; x_wconf 91' lang='lat' dir='ltr'>nullum</span> <span class='ocrx_word' id='word_1_71' title='bbox 1025 616 1073 650; x_wconf 92' lang='lat' dir='ltr'>lo-</span> 
     </span>
     <span class='ocr_line' id='line_1_20' title="bbox 321 666 1071 714; baseline -0.003 -13"><span class='ocrx_word' id='word_1_72' title='bbox 321 680 392 701; x_wconf 88' lang='lat' dir='ltr'>cum</span> <span class='ocrx_word' id='word_1_73' title='bbox 422 667 548 708; x_wconf 85' lang='lat' dir='ltr'>babent,</span> <span class='ocrx_word' id='word_1_74' title='bbox 576 677 607 702; x_wconf 92' lang='lat' dir='ltr'>et</span> <span class='ocrx_word' id='word_1_75' title='bbox 637 679 773 714; x_wconf 87' lang='lat' dir='ltr'>quorum</span> <span class='ocrx_word' id='word_1_76' title='bbox 798 678 881 701; x_wconf 89' lang='lat' dir='ltr'>unus</span> <span class='ocrx_word' id='word_1_77' title='bbox 902 667 942 700; x_wconf 87' lang='lat' dir='ltr'>sit</span> <span class='ocrx_word' id='word_1_78' title='bbox 969 666 1071 712; x_wconf 90' lang='lat' dir='ltr'>prior,</span> 
     </span>
     <span class='ocr_line' id='line_1_21' title="bbox 320 715 1074 764; baseline -0.001 -14"><span class='ocrx_word' id='word_1_79' title='bbox 320 717 373 764; x_wconf 84' lang='lat' dir='ltr'>qni</span> <span class='ocrx_word' id='word_1_80' title='bbox 397 729 504 751; x_wconf 88' lang='lat' dir='ltr'>curam</span> <span class='ocrx_word' id='word_1_81' title='bbox 534 717 666 751; x_wconf 91' lang='lat' dir='ltr'>aliorum</span> <span class='ocrx_word' id='word_1_82' title='bbox 691 717 821 751; x_wconf 90' lang='lat' dir='ltr'>fratrum</span> <span class='ocrx_word' id='word_1_83' title='bbox 857 724 887 750; x_wconf 88' lang='lat' dir='ltr'>et</span> <span class='ocrx_word' id='word_1_84' title='bbox 909 715 1074 763; x_wconf 86' lang='lat' dir='ltr'>parocbia-</span> 
     </span>
     <span class='ocr_line' id='line_1_22' title="bbox 323 765 1073 809; baseline -0.001 -9"><span class='ocrx_word' id='word_1_85' title='bbox 323 779 434 800; x_wconf 90' lang='lat' dir='ltr'>norum</span> <span class='ocrx_word' id='word_1_86' title='bbox 458 767 560 800; x_wconf 85' lang='lat' dir='ltr'>dictae</span> <span class='ocrx_word' id='word_1_87' title='bbox 588 766 748 801; x_wconf 80' lang='lat' dir='ltr'>Ecclesiae</span> <span class='ocrx_word' id='word_1_88' title='bbox 773 766 895 809; x_wconf 86' lang='lat' dir='ltr'>babeat,</span> <span class='ocrx_word' id='word_1_89' title='bbox 919 765 1016 799; x_wconf 89' lang='lat' dir='ltr'>creari</span> <span class='ocrx_word' id='word_1_90' title='bbox 1043 774 1073 799; x_wconf 92' lang='lat' dir='ltr'>et</span> 
     </span>
     <span class='ocr_line' id='line_1_23' title="bbox 322 814 1072 863; baseline -0.001 -14"><span class='ocrx_word' id='word_1_91' title='bbox 322 816 455 854; x_wconf 88' lang='lat' dir='ltr'>institui,</span> <span class='ocrx_word' id='word_1_92' title='bbox 472 825 548 862; x_wconf 89' lang='lat' dir='ltr'>quot</span> <span class='ocrx_word' id='word_1_93' title='bbox 562 824 711 863; x_wconf 87' lang='lat' dir='ltr'>poterunt</span> <span class='ocrx_word' id='word_1_94' title='bbox 729 828 765 849; x_wconf 82' lang='lat' dir='ltr'>ex</span> <span class='ocrx_word' id='word_1_95' title='bbox 790 816 889 862; x_wconf 90' lang='lat' dir='ltr'>ipsius</span> <span class='ocrx_word' id='word_1_96' title='bbox 909 814 1072 849; x_wconf 77' lang='lat' dir='ltr'>Ecclesiae</span> 
     </span>
     <span class='ocr_line' id='line_1_24' title="bbox 323 864 1074 912; baseline -0.001 -13"><span class='ocrx_word' id='word_1_97' title='bbox 323 865 473 899; x_wconf 88' lang='lat' dir='ltr'>fructibus</span> <span class='ocrx_word' id='word_1_98' title='bbox 504 877 645 912; x_wconf 81' lang='lat' dir='ltr'>congrue</span> <span class='ocrx_word' id='word_1_99' title='bbox 673 865 883 906; x_wconf 71' lang='lat' dir='ltr'>substentari,</span> <span class='ocrx_word' id='word_1_100' title='bbox 917 864 1074 899; x_wconf 80' lang='lat' dir='ltr'>desiderat</span> 
     </span>
     <span class='ocr_line' id='line_1_25' title="bbox 321 915 506 949; baseline 0 0"><span class='ocrx_word' id='word_1_101' title='bbox 321 923 350 949; x_wconf 91' lang='lat' dir='ltr'>et</span> <span class='ocrx_word' id='word_1_102' title='bbox 373 915 506 949; x_wconf 76' lang='lat' dir='ltr'>affectat.</span> 
     </span>
    </p>

    <p class='ocr_par' dir='ltr' id='par_1_7' title="bbox 319 963 1074 2151">
     <span class='ocr_line' id='line_1_26' title="bbox 370 963 1074 1012; baseline -0.001 -14"><span class='ocrx_word' id='word_1_103' title='bbox 370 964 390 1010; x_wconf 67' lang='lat' dir='ltr'>g</span> <span class='ocrx_word' id='word_1_104' title='bbox 417 966 450 998; x_wconf 73' lang='lat'>⁶2.</span> <span class='ocrx_word' id='word_1_105' title='bbox 474 964 581 1006; x_wconf 88' lang='lat' dir='ltr'>Quare</span> <span class='ocrx_word' id='word_1_106' title='bbox 605 977 660 1011; x_wconf 90' lang='lat' dir='ltr'>pro</span> <span class='ocrx_word' id='word_1_107' title='bbox 684 971 770 1012; x_wconf 81' lang='lat' dir='ltr'>parte</span> <span class='ocrx_word' id='word_1_108' title='bbox 799 963 871 998; x_wconf 91' lang='lat' dir='ltr'>dicti</span> <span class='ocrx_word' id='word_1_109' title='bbox 905 963 1074 998; x_wconf 88' lang='lat' dir='ltr'>cardinalis</span> 
     </span>
     <span class='ocr_line' id='line_1_27' title="bbox 322 1013 1072 1060; baseline 0 -13"><span class='ocrx_word' id='word_1_110' title='bbox 322 1013 415 1048; x_wconf 90' lang='lat' dir='ltr'>nobis</span> <span class='ocrx_word' id='word_1_111' title='bbox 438 1013 494 1048; x_wconf 84' lang='lat' dir='ltr'>fuit</span> <span class='ocrx_word' id='word_1_112' title='bbox 516 1014 677 1049; x_wconf 83' lang='lat' dir='ltr'>humiliter</span> <span class='ocrx_word' id='word_1_113' title='bbox 704 1013 929 1060; x_wconf 75' lang='lat' dir='ltr'>supplicatum,</span> <span class='ocrx_word' id='word_1_114' title='bbox 954 1021 1072 1048; x_wconf 89' lang='lat' dir='ltr'>utcum</span> 
     </span>
     <span class='ocr_line' id='line_1_28' title="bbox 322 1062 1072 1109; baseline 0 -12"><span class='ocrx_word' id='word_1_115' title='bbox 322 1063 407 1109; x_wconf 88' lang='lat' dir='ltr'>prior</span> <span class='ocrx_word' id='word_1_116' title='bbox 428 1064 583 1109; x_wconf 76' lang='lat' dir='ltr'>generalis</span> <span class='ocrx_word' id='word_1_117' title='bbox 602 1064 760 1098; x_wconf 87' lang='lat' dir='ltr'>dictorum</span> <span class='ocrx_word' id='word_1_118' title='bbox 785 1062 914 1097; x_wconf 85' lang='lat' dir='ltr'>fratrum</span> <span class='ocrx_word' id='word_1_119' title='bbox 939 1064 967 1097; x_wconf 88' lang='lat' dir='ltr'>in</span> <span class='ocrx_word' id='word_1_120' title='bbox 992 1063 1072 1097; x_wconf 90' lang='lat' dir='ltr'>dicta</span> 
     </span>
     <span class='ocr_line' id='line_1_29' title="bbox 322 1112 1071 1160; baseline -0.001 -13"><span class='ocrx_word' id='word_1_121' title='bbox 322 1112 407 1147; x_wconf 83' lang='lat' dir='ltr'>Urbe</span> <span class='ocrx_word' id='word_1_122' title='bbox 443 1114 483 1148; x_wconf 89' lang='lat' dir='ltr'>sit</span> <span class='ocrx_word' id='word_1_123' title='bbox 516 1126 682 1160; x_wconf 87' lang='lat' dir='ltr'>praesens,</span> <span class='ocrx_word' id='word_1_124' title='bbox 709 1120 738 1147; x_wconf 88' lang='lat' dir='ltr'>et</span> <span class='ocrx_word' id='word_1_125' title='bbox 772 1113 808 1146; x_wconf 90' lang='lat' dir='ltr'>ad</span> <span class='ocrx_word' id='word_1_126' title='bbox 845 1112 1071 1158; x_wconf 85' lang='lat' dir='ltr'>reparationem</span> 
     </span>
     <span class='ocr_line' id='line_1_30' title="bbox 321 1161 1073 1210; baseline -0.001 -14"><span class='ocrx_word' id='word_1_127' title='bbox 321 1163 424 1197; x_wconf 86' lang='lat' dir='ltr'>dictae</span> <span class='ocrx_word' id='word_1_128' title='bbox 439 1163 603 1198; x_wconf 86' lang='lat' dir='ltr'>Ecclesiae</span> <span class='ocrx_word' id='word_1_129' title='bbox 626 1171 767 1210; x_wconf 89' lang='lat' dir='ltr'>paratum</span> <span class='ocrx_word' id='word_1_130' title='bbox 787 1174 821 1196; x_wconf 93' lang='lat' dir='ltr'>se</span> <span class='ocrx_word' id='word_1_131' title='bbox 843 1161 953 1197; x_wconf 78' lang='lat' dir='ltr'>offerat</span> <span class='ocrx_word' id='word_1_132' title='bbox 978 1170 1073 1209; x_wconf 89' lang='lat' dir='ltr'>atque</span> 
     </span>
     <span class='ocr_line' id='line_1_31' title="bbox 322 1211 1073 1259; baseline 0 -13"><span class='ocrx_word' id='word_1_133' title='bbox 322 1221 516 1259; x_wconf 84' lang='lat' dir='ltr'>promptum,</span> <span class='ocrx_word' id='word_1_134' title='bbox 532 1212 702 1259; x_wconf 84' lang='lat' dir='ltr'>pluresque</span> <span class='ocrx_word' id='word_1_135' title='bbox 716 1211 909 1258; x_wconf 80' lang='lat' dir='ltr'>parochiales</span> <span class='ocrx_word' id='word_1_136' title='bbox 923 1211 1073 1246; x_wconf 66' lang='lat' dir='ltr'>Ecclesia}</span> 
     </span>
     <span class='ocr_line' id='line_1_32' title="bbox 320 1260 1073 1308; baseline -0.001 -13"><span class='ocrx_word' id='word_1_137' title='bbox 320 1262 358 1296; x_wconf 91' lang='lat' dir='ltr'>de</span> <span class='ocrx_word' id='word_1_138' title='bbox 380 1262 464 1297; x_wconf 83' lang='lat' dir='ltr'>dicta</span> <span class='ocrx_word' id='word_1_139' title='bbox 489 1262 574 1297; x_wconf 83' lang='lat' dir='ltr'>Urbe</span> <span class='ocrx_word' id='word_1_140' title='bbox 602 1274 657 1308; x_wconf 88' lang='lat' dir='ltr'>per</span> <span class='ocrx_word' id='word_1_141' title='bbox 680 1261 843 1307; x_wconf 76' lang='lat' dir='ltr'>religiosos</span> <span class='ocrx_word' id='word_1_142' title='bbox 870 1260 933 1295; x_wconf 93' lang='lat' dir='ltr'>sint</span> <span class='ocrx_word' id='word_1_143' title='bbox 964 1260 1073 1295; x_wconf 89' lang='lat' dir='ltr'>solitae</span> 
     </span>
     <span class='ocr_line' id='line_1_33' title="bbox 319 1309 1073 1358; baseline -0.003 -12"><span class='ocrx_word' id='word_1_144' title='bbox 319 1311 502 1358; x_wconf 82' lang='lat' dir='ltr'>gubernari,</span> <span class='ocrx_word' id='word_1_145' title='bbox 530 1311 643 1346; x_wconf 87' lang='lat' dir='ltr'>dictam</span> <span class='ocrx_word' id='word_1_146' title='bbox 676 1311 851 1345; x_wconf 85' lang='lat' dir='ltr'>Ecclesiam</span> <span class='ocrx_word' id='word_1_147' title='bbox 886 1310 923 1344; x_wconf 91' lang='lat' dir='ltr'>ad</span> <span class='ocrx_word' id='word_1_148' title='bbox 954 1309 1073 1344; x_wconf 89' lang='lat' dir='ltr'>buius-</span> 
     </span>
     <span class='ocr_line' id='line_1_34' title="bbox 321 1359 1072 1407; baseline -0.004 -12"><span class='ocrx_word' id='word_1_149' title='bbox 321 1361 403 1395; x_wconf 84' lang='lat' dir='ltr'>modi</span> <span class='ocrx_word' id='word_1_150' title='bbox 428 1361 593 1407; x_wconf 79' lang='lat' dir='ltr'>religiosos</span> <span class='ocrx_word' id='word_1_151' title='bbox 612 1360 784 1402; x_wconf 79' lang='lat' dir='ltr'>transferri,</span> <span class='ocrx_word' id='word_1_152' title='bbox 812 1367 842 1393; x_wconf 87' lang='lat' dir='ltr'>et</span> <span class='ocrx_word' id='word_1_153' title='bbox 863 1359 980 1393; x_wconf 85' lang='lat' dir='ltr'>ibidem</span> <span class='ocrx_word' id='word_1_154' title='bbox 1010 1359 1072 1393; x_wconf 89' lang='lat' dir='ltr'>fra-</span> 
     </span>
     <span class='ocr_line' id='line_1_35' title="bbox 321 1408 1070 1455; baseline -0.003 -10"><span class='ocrx_word' id='word_1_155' title='bbox 321 1421 384 1445; x_wconf 86' lang='lat' dir='ltr'>tres</span> <span class='ocrx_word' id='word_1_156' title='bbox 427 1410 524 1445; x_wconf 84' lang='lat' dir='ltr'>creari</span> <span class='ocrx_word' id='word_1_157' title='bbox 569 1418 599 1444; x_wconf 84' lang='lat' dir='ltr'>et</span> <span class='ocrx_word' id='word_1_158' title='bbox 635 1410 752 1443; x_wconf 82' lang='lat' dir='ltr'>institui</span> <span class='ocrx_word' id='word_1_159' title='bbox 796 1408 995 1455; x_wconf 88' lang='lat' dir='ltr'>praedictos,</span> <span class='ocrx_word' id='word_1_160' title='bbox 1032 1409 1070 1443; x_wconf 90' lang='lat' dir='ltr'>ita</span> 
     </span>
     <span class='ocr_line' id='line_1_36' title="bbox 319 1458 1074 1506; baseline -0.001 -13"><span class='ocrx_word' id='word_1_161' title='bbox 319 1459 416 1506; x_wconf 83' lang='lat' dir='ltr'>quod,</span> <span class='ocrx_word' id='word_1_162' title='bbox 445 1459 633 1494; x_wconf 83' lang='lat' dir='ltr'>cedentibus</span> <span class='ocrx_word' id='word_1_163' title='bbox 656 1460 702 1493; x_wconf 84' lang='lat' dir='ltr'>vel</span> <span class='ocrx_word' id='word_1_164' title='bbox 727 1458 955 1493; x_wconf 64' lang='lat' dir='ltr'>decedentibus</span> <span class='ocrx_word' id='word_1_165' title='bbox 981 1458 1074 1492; x_wconf 90' lang='lat' dir='ltr'>dictis</span> 
     </span>
     <span class='ocr_line' id='line_1_37' title="bbox 319 1507 1073 1555; baseline -0.001 -12"><span class='ocrx_word' id='word_1_166' title='bbox 319 1517 391 1544; x_wconf 89' lang='lat' dir='ltr'>octo</span> <span class='ocrx_word' id='word_1_167' title='bbox 425 1509 605 1549; x_wconf 87' lang='lat' dir='ltr'>canonicis,</span> <span class='ocrx_word' id='word_1_168' title='bbox 641 1521 677 1543; x_wconf 91' lang='lat' dir='ltr'>ac</span> <span class='ocrx_word' id='word_1_169' title='bbox 711 1509 778 1542; x_wconf 88' lang='lat' dir='ltr'>aliis</span> <span class='ocrx_word' id='word_1_170' title='bbox 818 1507 1010 1555; x_wconf 72' lang='lat' dir='ltr'>presbyteris</span> <span class='ocrx_word' id='word_1_171' title='bbox 1043 1517 1073 1542; x_wconf 81' lang='lat' dir='ltr'>et</span> 
     </span>
     <span class='ocr_line' id='line_1_38' title="bbox 320 1557 1071 1606; baseline 0 -15"><span class='ocrx_word' id='word_1_172' title='bbox 320 1559 442 1593; x_wconf 79' lang='lat' dir='ltr'>clericis</span> <span class='ocrx_word' id='word_1_173' title='bbox 479 1559 642 1606; x_wconf 79' lang='lat' dir='ltr'>perpetuis</span> <span class='ocrx_word' id='word_1_174' title='bbox 670 1558 867 1592; x_wconf 83' lang='lat' dir='ltr'>beneficiatis</span> <span class='ocrx_word' id='word_1_175' title='bbox 898 1559 928 1591; x_wconf 92' lang='lat' dir='ltr'>in</span> <span class='ocrx_word' id='word_1_176' title='bbox 961 1557 1071 1592; x_wconf 85' lang='lat' dir='ltr'>eadem</span> 
     </span>
     <span class='ocr_line' id='line_1_39' title="bbox 319 1608 1073 1654; baseline -0.003 -11"><span class='ocrx_word' id='word_1_177' title='bbox 319 1608 475 1652; x_wconf 79' lang='lat' dir='ltr'>Ecclesia,</span> <span class='ocrx_word' id='word_1_178' title='bbox 500 1610 545 1643; x_wconf 78' lang='lat' dir='ltr'>vel</span> <span class='ocrx_word' id='word_1_179' title='bbox 575 1620 649 1642; x_wconf 87' lang='lat' dir='ltr'>suos</span> <span class='ocrx_word' id='word_1_180' title='bbox 671 1608 888 1647; x_wconf 75' lang='lat' dir='ltr'>canonicatus,</span> <span class='ocrx_word' id='word_1_181' title='bbox 920 1608 1073 1654; x_wconf 72' lang='lat' dir='ltr'>praeben-</span> 
     </span>
     <span class='ocr_line' id='line_1_40' title="bbox 321 1657 1072 1704; baseline -0.001 -13"><span class='ocrx_word' id='word_1_182' title='bbox 321 1660 376 1693; x_wconf 87' lang='lat' dir='ltr'>das</span> <span class='ocrx_word' id='word_1_183' title='bbox 410 1671 445 1693; x_wconf 91' lang='lat' dir='ltr'>ac</span> <span class='ocrx_word' id='word_1_184' title='bbox 480 1658 579 1693; x_wconf 80' lang='lat' dir='ltr'>officia</span> <span class='ocrx_word' id='word_1_185' title='bbox 614 1657 854 1704; x_wconf 79' lang='lat' dir='ltr'>quomodolibet</span> <span class='ocrx_word' id='word_1_186' title='bbox 884 1657 1072 1691; x_wconf 86' lang='lat' dir='ltr'>dimittenti-</span> 
     </span>
     <span class='ocr_line' id='line_1_41' title="bbox 322 1707 1073 1753; baseline -0.004 -11"><span class='ocrx_word' id='word_1_187' title='bbox 322 1709 390 1749; x_wconf 92' lang='lat' dir='ltr'>bus,</span> <span class='ocrx_word' id='word_1_188' title='bbox 406 1709 540 1751; x_wconf 89' lang='lat' dir='ltr'>fructus,</span> <span class='ocrx_word' id='word_1_189' title='bbox 563 1707 706 1742; x_wconf 86' lang='lat' dir='ltr'>redditus</span> <span class='ocrx_word' id='word_1_190' title='bbox 720 1717 749 1741; x_wconf 88' lang='lat' dir='ltr'>et</span> <span class='ocrx_word' id='word_1_191' title='bbox 769 1716 940 1753; x_wconf 78' lang='lat' dir='ltr'>proventus</span> <span class='ocrx_word' id='word_1_192' title='bbox 960 1707 1073 1741; x_wconf 71' lang='lat' dir='ltr'>liuius-</span> 
     </span>
     <span class='ocr_line' id='line_1_42' title="bbox 322 1756 1073 1805; baseline -0.004 -12"><span class='ocrx_word' id='word_1_193' title='bbox 322 1758 406 1793; x_wconf 91' lang='lat' dir='ltr'>modi</span> <span class='ocrx_word' id='word_1_194' title='bbox 446 1758 709 1798; x_wconf 77' lang='lat' dir='ltr'>canonicatuum,</span> <span class='ocrx_word' id='word_1_195' title='bbox 752 1756 1001 1805; x_wconf 81' lang='lat' dir='ltr'>praebendarum</span> <span class='ocrx_word' id='word_1_196' title='bbox 1038 1769 1073 1791; x_wconf 91' lang='lat' dir='ltr'>ac</span> 
     </span>
     <span class='ocr_line' id='line_1_43' title="bbox 323 1807 1073 1854; baseline -0.001 -12"><span class='ocrx_word' id='word_1_197' title='bbox 323 1808 546 1842; x_wconf 82' lang='lat' dir='ltr'>beneficiorum</span> <span class='ocrx_word' id='word_1_198' title='bbox 563 1834 571 1850; x_wconf 85' lang='lat'>,</span> <span class='ocrx_word' id='word_1_199' title='bbox 620 1819 740 1842; x_wconf 88' lang='lat' dir='ltr'>necnon</span> <span class='ocrx_word' id='word_1_200' title='bbox 781 1807 999 1854; x_wconf 83' lang='lat' dir='ltr'>possessiones</span> <span class='ocrx_word' id='word_1_201' title='bbox 1044 1816 1073 1841; x_wconf 91' lang='lat' dir='ltr'>et</span> 
     </span>
     <span class='ocr_line' id='line_1_44' title="bbox 323 1856 1073 1904; baseline -0.003 -13"><span class='ocrx_word' id='word_1_202' title='bbox 323 1858 402 1891; x_wconf 88' lang='lat' dir='ltr'>bona</span> <span class='ocrx_word' id='word_1_203' title='bbox 442 1869 663 1904; x_wconf 87' lang='lat' dir='ltr'>quaecumque</span> <span class='ocrx_word' id='word_1_204' title='bbox 705 1856 742 1890; x_wconf 92' lang='lat' dir='ltr'>ad</span> <span class='ocrx_word' id='word_1_205' title='bbox 777 1856 878 1890; x_wconf 88' lang='lat' dir='ltr'>dictos</span> <span class='ocrx_word' id='word_1_206' title='bbox 905 1856 1073 1890; x_wconf 84' lang='lat' dir='ltr'>canonicos</span> 
     </span>
     <span class='ocr_line' id='line_1_45' title="bbox 323 1906 1072 1953; baseline -0.001 -14"><span class='ocrx_word' id='word_1_207' title='bbox 323 1915 352 1940; x_wconf 86' lang='lat' dir='ltr'>et</span> <span class='ocrx_word' id='word_1_208' title='bbox 382 1916 551 1953; x_wconf 88' lang='lat' dir='ltr'>perpetuos</span> <span class='ocrx_word' id='word_1_209' title='bbox 575 1906 779 1940; x_wconf 78' lang='lat' dir='ltr'>beneficiatos</span> <span class='ocrx_word' id='word_1_210' title='bbox 798 1906 918 1939; x_wconf 89' lang='lat' dir='ltr'>ratione</span> <span class='ocrx_word' id='word_1_211' title='bbox 941 1918 1072 1939; x_wconf 92' lang='lat' dir='ltr'>suorum</span> 
     </span>
     <span class='ocr_line' id='line_1_46' title="bbox 324 1955 1074 2002; baseline -0.001 -13"><span class='ocrx_word' id='word_1_212' title='bbox 324 1956 581 1995; x_wconf 86' lang='lat' dir='ltr'>canonicatuum,</span> <span class='ocrx_word' id='word_1_213' title='bbox 618 1955 868 2002; x_wconf 87' lang='lat' dir='ltr'>praebendarmn</span> <span class='ocrx_word' id='word_1_214' title='bbox 896 1967 931 1989; x_wconf 88' lang='lat' dir='ltr'>ac</span> <span class='ocrx_word' id='word_1_215' title='bbox 956 1955 1074 1988; x_wconf 81' lang='lat' dir='ltr'>benefi-</span> 
     </span>
     <span class='ocr_line' id='line_1_47' title="bbox 323 2004 1074 2052; baseline -0.001 -13"><span class='ocrx_word' id='word_1_216' title='bbox 323 2007 444 2040; x_wconf 87' lang='lat' dir='ltr'>ciorum</span> <span class='ocrx_word' id='word_1_217' title='bbox 476 2006 656 2039; x_wconf 86' lang='lat' dir='ltr'>huiusmodi</span> <span class='ocrx_word' id='word_1_218' title='bbox 686 2005 885 2051; x_wconf 80' lang='lat' dir='ltr'>pertinentia,</span> <span class='ocrx_word' id='word_1_219' title='bbox 907 2004 1074 2052; x_wconf 87' lang='lat' dir='ltr'>praedietis</span> 
     </span>
     <span class='ocr_line' id='line_1_48' title="bbox 324 2054 1073 2102; baseline -0.001 -13"><span class='ocrx_word' id='word_1_220' title='bbox 324 2055 470 2089; x_wconf 87' lang='lat' dir='ltr'>fratribus</span> <span class='ocrx_word' id='word_1_221' title='bbox 492 2063 523 2089; x_wconf 90' lang='lat' dir='ltr'>et</span> <span class='ocrx_word' id='word_1_222' title='bbox 546 2067 654 2088; x_wconf 89' lang='lat' dir='ltr'>eorum</span> <span class='ocrx_word' id='word_1_223' title='bbox 677 2054 789 2088; x_wconf 86' lang='lat' dir='ltr'>Ordini</span> <span class='ocrx_word' id='word_1_224' title='bbox 812 2055 1012 2102; x_wconf 80' lang='lat' dir='ltr'>applicentur</span> <span class='ocrx_word' id='word_1_225' title='bbox 1035 2054 1073 2088; x_wconf 89' lang='lat' dir='ltr'>de</span> 
     </span>
     <span class='ocr_line' id='line_1_49' title="bbox 326 2104 972 2151; baseline 0 -13"><span class='ocrx_word' id='word_1_226' title='bbox 326 2105 516 2150; x_wconf 79' lang='lat' dir='ltr'>benignitate</span> <span class='ocrx_word' id='word_1_227' title='bbox 538 2104 708 2151; x_wconf 79' lang='lat' dir='ltr'>apostolica</span> <span class='ocrx_word' id='word_1_228' title='bbox 738 2104 972 2138; x_wconf 79' lang='lat' dir='ltr'>mandaremus.</span> 
     </span>
    </p>

    <p class='ocr_par' dir='ltr' id='par_1_8' title="bbox 324 2153 1076 2699">
     <span class='ocr_line' id='line_1_50' title="bbox 373 2153 1073 2201; baseline -0.003 -13"><span class='ocrx_word' id='word_1_229' title='bbox 373 2154 435 2200; x_wconf 59' lang='lat'>§5-</span> <span class='ocrx_word' id='word_1_230' title='bbox 445 2154 508 2189; x_wconf 90' lang='lat' dir='ltr'>Nos</span> <span class='ocrx_word' id='word_1_231' title='bbox 524 2154 628 2201; x_wconf 88' lang='lat' dir='ltr'>itaque</span> <span class='ocrx_word' id='word_1_232' title='bbox 644 2153 823 2187; x_wconf 89' lang='lat' dir='ltr'>buiusmodi</span> <span class='ocrx_word' id='word_1_233' title='bbox 840 2154 1073 2201; x_wconf 87' lang='lat' dir='ltr'>supplicationi·</span> 
     </span>
     <span class='ocr_line' id='line_1_51' title="bbox 326 2204 1074 2251; baseline -0.001 -13"><span class='ocrx_word' id='word_1_234' title='bbox 326 2204 386 2238; x_wconf 90' lang='lat' dir='ltr'>bus</span> <span class='ocrx_word' id='word_1_235' title='bbox 404 2205 556 2243; x_wconf 82' lang='lat' dir='ltr'>inclinati,</span> <span class='ocrx_word' id='word_1_236' title='bbox 579 2204 760 2238; x_wconf 86' lang='lat' dir='ltr'>fraternitati</span> <span class='ocrx_word' id='word_1_237' title='bbox 779 2212 850 2237; x_wconf 88' lang='lat' dir='ltr'>tuae</span> <span class='ocrx_word' id='word_1_238' title='bbox 874 2215 928 2251; x_wconf 90' lang='lat' dir='ltr'>per</span> <span class='ocrx_word' id='word_1_239' title='bbox 947 2211 1074 2250; x_wconf 88' lang='lat' dir='ltr'>aposto-</span> 
     </span>
     <span class='ocr_line' id='line_1_52' title="bbox 326 2254 1072 2300; baseline -0.001 -12"><span class='ocrx_word' id='word_1_240' title='bbox 326 2255 382 2288; x_wconf 89' lang='lat' dir='ltr'>lica</span> <span class='ocrx_word' id='word_1_241' title='bbox 405 2254 519 2300; x_wconf 89' lang='lat' dir='ltr'>scripta</span> <span class='ocrx_word' id='word_1_242' title='bbox 543 2254 739 2293; x_wconf 80' lang='lat' dir='ltr'>mandamuS,</span> <span class='ocrx_word' id='word_1_243' title='bbox 773 2262 929 2300; x_wconf 84' lang='lat' dir='ltr'>quatenus</span> <span class='ocrx_word' id='word_1_244' title='bbox 957 2254 1072 2288; x_wconf 90' lang='lat' dir='ltr'>dictam</span> 
     </span>
     <span class='ocr_line' id='line_1_53' title="bbox 326 2303 1075 2350; baseline -0.001 -12"><span class='ocrx_word' id='word_1_245' title='bbox 326 2303 499 2338; x_wconf 88' lang='lat' dir='ltr'>Ecclesiam</span> <span class='ocrx_word' id='word_1_246' title='bbox 519 2304 702 2338; x_wconf 81' lang='lat' dir='ltr'>auctoritate.</span> <span class='ocrx_word' id='word_1_247' title='bbox 718 2303 887 2350; x_wconf 87' lang='lat' dir='ltr'>apostolica</span> <span class='ocrx_word' id='word_1_248' title='bbox 910 2303 946 2337; x_wconf 91' lang='lat' dir='ltr'>ad</span> <span class='ocrx_word' id='word_1_249' title='bbox 968 2303 1075 2337; x_wconf 83' lang='lat' dir='ltr'>liuius-</span> 
     </span>
     <span class='ocr_line' id='line_1_54' title="bbox 325 2352 1074 2399; baseline 0 -12"><span class='ocrx_word' id='word_1_250' title='bbox 325 2354 409 2387; x_wconf 88' lang='lat' dir='ltr'>modi</span> <span class='ocrx_word' id='word_1_251' title='bbox 441 2353 604 2399; x_wconf 83' lang='lat' dir='ltr'>religiosos</span> <span class='ocrx_word' id='word_1_252' title='bbox 631 2353 812 2393; x_wconf 78' lang='lat' dir='ltr'>transferas,</span> <span class='ocrx_word' id='word_1_253' title='bbox 839 2361 868 2387; x_wconf 91' lang='lat' dir='ltr'>et</span> <span class='ocrx_word' id='word_1_254' title='bbox 892 2352 1006 2386; x_wconf 89' lang='lat' dir='ltr'>ibidem</span> <span class='ocrx_word' id='word_1_255' title='bbox 1031 2361 1074 2387; x_wconf 89' lang='lat' dir='ltr'>tot</span> 
     </span>
     <span class='ocr_line' id='line_1_55' title="bbox 324 2402 1074 2437; baseline 0 0"><span class='ocrx_word' id='word_1_256' title='bbox 324 2416 360 2437; x_wconf 88' lang='lat' dir='ltr'>ex</span> <span class='ocrx_word' id='word_1_257' title='bbox 385 2403 566 2437; x_wconf 83' lang='lat' dir='ltr'>huiusmodi</span> <span class='ocrx_word' id='word_1_258' title='bbox 589 2403 736 2437; x_wconf 86' lang='lat' dir='ltr'>fratribus</span> <span class='ocrx_word' id='word_1_259' title='bbox 757 2402 928 2436; x_wconf 70' lang='lat' dir='ltr'>Servorum</span> <span class='ocrx_word' id='word_1_260' title='bbox 951 2402 1074 2437; x_wconf 68' lang='lat' dir='ltr'>Sanctze</span> 
     </span>
     <span class='ocr_line' id='line_1_56' title="bbox 324 2453 1072 2501; baseline -0.001 -14"><span class='ocrx_word' id='word_1_261' title='bbox 324 2453 454 2492; x_wconf 80' lang='lat' dir='ltr'>Mariae,</span> <span class='ocrx_word' id='word_1_262' title='bbox 477 2465 612 2501; x_wconf 87' lang='lat' dir='ltr'>quorum</span> <span class='ocrx_word' id='word_1_263' title='bbox 637 2466 718 2486; x_wconf 80' lang='lat' dir='ltr'>tinus</span> <span class='ocrx_word' id='word_1_264' title='bbox 741 2453 779 2486; x_wconf 88' lang='lat' dir='ltr'>sit</span> <span class='ocrx_word' id='word_1_265' title='bbox 798 2453 892 2499; x_wconf 88' lang='lat' dir='ltr'>prior,</span> <span class='ocrx_word' id='word_1_266' title='bbox 914 2460 945 2486; x_wconf 89' lang='lat' dir='ltr'>et</span> <span class='ocrx_word' id='word_1_267' title='bbox 967 2464 1072 2486; x_wconf 92' lang='lat' dir='ltr'>curam</span> 
     </span>
     <span class='ocr_line' id='line_1_57' title="bbox 325 2502 1075 2549; baseline 0 -13"><span class='ocrx_word' id='word_1_268' title='bbox 325 2503 499 2537; x_wconf 85' lang='lat' dir='ltr'>animarum</span> <span class='ocrx_word' id='word_1_269' title='bbox 528 2504 659 2537; x_wconf 90' lang='lat' dir='ltr'>aliorum</span> <span class='ocrx_word' id='word_1_270' title='bbox 691 2502 820 2536; x_wconf 82' lang='lat' dir='ltr'>fratrum</span> <span class='ocrx_word' id='word_1_271' title='bbox 855 2511 884 2536; x_wconf 92' lang='lat' dir='ltr'>et</span> <span class='ocrx_word' id='word_1_272' title='bbox 912 2502 1075 2549; x_wconf 85' lang='lat' dir='ltr'>parocbia-</span> 
     </span>
     <span class='ocr_line' id='line_1_58' title="bbox 327 2552 1075 2598; baseline 0.001 -13"><span class='ocrx_word' id='word_1_273' title='bbox 327 2565 438 2587; x_wconf 91' lang='lat' dir='ltr'>norum</span> <span class='ocrx_word' id='word_1_274' title='bbox 473 2553 575 2587; x_wconf 78' lang='lat' dir='ltr'>dictae.</span> <span class='ocrx_word' id='word_1_275' title='bbox 596 2553 756 2587; x_wconf 83' lang='lat' dir='ltr'>Ecclesiae</span> <span class='ocrx_word' id='word_1_276' title='bbox 785 2552 907 2594; x_wconf 77' lang='lat' dir='ltr'>babeat,</span> <span class='ocrx_word' id='word_1_277' title='bbox 942 2562 970 2587; x_wconf 79' lang='lat' dir='ltr'>et</span> <span class='ocrx_word' id='word_1_278' title='bbox 1000 2552 1075 2598; x_wconf 88' lang='lat' dir='ltr'>ipsis</span> 
     </span>
     <span class='ocr_line' id='line_1_59' title="bbox 325 2602 1076 2649; baseline 0.001 -14"><span class='ocrx_word' id='word_1_279' title='bbox 325 2603 522 2649; x_wconf 83' lang='lat' dir='ltr'>parochianis</span> <span class='ocrx_word' id='word_1_280' title='bbox 551 2603 704 2636; x_wconf 88' lang='lat' dir='ltr'>ministret</span> <span class='ocrx_word' id='word_1_281' title='bbox 731 2602 939 2636; x_wconf 81' lang='lat' dir='ltr'>ecclesiastica</span> <span class='ocrx_word' id='word_1_282' title='bbox 970 2614 1076 2636; x_wconf 89' lang='lat' dir='ltr'>sacra—</span> 
     </span>
     <span class='ocr_line' id='line_1_60' title="bbox 326 2652 1075 2699; baseline 0 -13"><span class='ocrx_word' id='word_1_283' title='bbox 326 2661 441 2692; x_wconf 83' lang='lat' dir='ltr'>menta,</span> <span class='ocrx_word' id='word_1_284' title='bbox 457 2652 572 2687; x_wconf 82' lang='lat' dir='ltr'>ibidem</span> <span class='ocrx_word' id='word_1_285' title='bbox 597 2653 754 2690; x_wconf 80' lang='lat' dir='ltr'>instituas,</span> <span class='ocrx_word' id='word_1_286' title='bbox 774 2660 851 2699; x_wconf 86' lang='lat' dir='ltr'>quot</span> <span class='ocrx_word' id='word_1_287' title='bbox 870 2664 906 2686; x_wconf 80' lang='lat' dir='ltr'>ex</span> <span class='ocrx_word' id='word_1_288' title='bbox 923 2652 1075 2686; x_wconf 86' lang='lat' dir='ltr'>fructibus</span> 
     </span>
    </p>
   </div>
   <div class='ocr_carea' id='block_1_7' title="bbox 1745 251 1807 283">
    <p class='ocr_par' dir='ltr' id='par_1_9' title="bbox 1745 251 1807 283">
     <span class='ocr_line' id='line_1_61' title="bbox 1745 251 1807 283; baseline 0 -1"><span class='ocrx_word' id='word_1_289' title='bbox 1745 251 1807 283; x_wconf 67' lang='lat'>591</span> 
     </span>
    </p>
   </div>
   <div class='ocr_carea' id='block_1_8' title="bbox 1114 316 1868 661">
    <p class='ocr_par' dir='ltr' id='par_1_10' title="bbox 1114 316 1868 661">
     <span class='ocr_line' id='line_1_62' title="bbox 1116 316 1864 365; baseline -0.004 -13"><span class='ocrx_word' id='word_1_290' title='bbox 1116 318 1283 365; x_wconf 83' lang='lat' dir='ltr'>praedictis</span> <span class='ocrx_word' id='word_1_291' title='bbox 1317 325 1463 363; x_wconf 90' lang='lat' dir='ltr'>poterunt</span> <span class='ocrx_word' id='word_1_292' title='bbox 1491 330 1630 363; x_wconf 80' lang='lat' dir='ltr'>congrue</span> <span class='ocrx_word' id='word_1_293' title='bbox 1659 316 1864 351; x_wconf 76' lang='lat' dir='ltr'>substentari:</span> 
     </span>
     <span class='ocr_line' id='line_1_63' title="bbox 1114 365 1866 413; baseline -0.003 -12"><span class='ocrx_word' id='word_1_294' title='bbox 1114 379 1149 401; x_wconf 89' lang='lat' dir='ltr'>ac</span> <span class='ocrx_word' id='word_1_295' title='bbox 1171 375 1290 401; x_wconf 86' lang='lat' dir='ltr'>statuas</span> <span class='ocrx_word' id='word_1_296' title='bbox 1304 367 1486 401; x_wconf 77' lang='lat' dir='ltr'>auctoritate</span> <span class='ocrx_word' id='word_1_297' title='bbox 1502 366 1659 413; x_wconf 79' lang='lat' dir='ltr'>praedicta</span> <span class='ocrx_word' id='word_1_298' title='bbox 1679 375 1709 401; x_wconf 85' lang='lat' dir='ltr'>et</span> <span class='ocrx_word' id='word_1_299' title='bbox 1728 365 1866 409; x_wconf 81' lang='lat' dir='ltr'>ordines,</span> 
     </span>
     <span class='ocr_line' id='line_1_64' title="bbox 1114 415 1866 464; baseline -0.004 -14"><span class='ocrx_word' id='word_1_300' title='bbox 1114 416 1197 464; x_wconf 87' lang='lat' dir='ltr'>quod</span> <span class='ocrx_word' id='word_1_301' title='bbox 1226 416 1413 450; x_wconf 86' lang='lat' dir='ltr'>cedentibus</span> <span class='ocrx_word' id='word_1_302' title='bbox 1436 417 1480 450; x_wconf 73' lang='lat' dir='ltr'>vol</span> <span class='ocrx_word' id='word_1_303' title='bbox 1505 415 1737 451; x_wconf 71' lang='lat' dir='ltr'>decedentibus</span> <span class='ocrx_word' id='word_1_304' title='bbox 1764 427 1866 450; x_wconf 86' lang='lat' dir='ltr'>cano—</span> 
     </span>
     <span class='ocr_line' id='line_1_65' title="bbox 1116 465 1868 512; baseline -0.004 -12"><span class='ocrx_word' id='word_1_305' title='bbox 1116 467 1195 501; x_wconf 90' lang='lat' dir='ltr'>nicis</span> <span class='ocrx_word' id='word_1_306' title='bbox 1226 474 1255 500; x_wconf 88' lang='lat' dir='ltr'>et</span> <span class='ocrx_word' id='word_1_307' title='bbox 1288 466 1481 500; x_wconf 85' lang='lat' dir='ltr'>beneficiatis</span> <span class='ocrx_word' id='word_1_308' title='bbox 1511 465 1692 512; x_wconf 80' lang='lat' dir='ltr'>praedictis,</span> <span class='ocrx_word' id='word_1_309' title='bbox 1717 465 1764 498; x_wconf 78' lang='lat' dir='ltr'>vcl</span> <span class='ocrx_word' id='word_1_310' title='bbox 1793 477 1868 499; x_wconf 85' lang='lat' dir='ltr'>snos</span> 
     </span>
     <span class='ocr_line' id='line_1_66' title="bbox 1114 515 1868 562; baseline -0.004 -12"><span class='ocrx_word' id='word_1_311' title='bbox 1114 516 1319 550; x_wconf 88' lang='lat' dir='ltr'>canonicatus</span> <span class='ocrx_word' id='word_1_312' title='bbox 1337 523 1365 549; x_wconf 88' lang='lat' dir='ltr'>et</span> <span class='ocrx_word' id='word_1_313' title='bbox 1387 515 1580 562; x_wconf 73' lang='lat' dir='ltr'>praebendas</span> <span class='ocrx_word' id='word_1_314' title='bbox 1600 527 1635 549; x_wconf 92' lang='lat' dir='ltr'>ac</span> <span class='ocrx_word' id='word_1_315' title='bbox 1652 515 1799 549; x_wconf 82' lang='lat' dir='ltr'>beneficia</span> <span class='ocrx_word' id='word_1_316' title='bbox 1819 527 1868 549; x_wconf 89' lang='lat' dir='ltr'>su-</span> 
     </span>
     <span class='ocr_line' id='line_1_67' title="bbox 1117 564 1868 612; baseline -0.005 -12"><span class='ocrx_word' id='word_1_317' title='bbox 1117 566 1254 612; x_wconf 85' lang='lat' dir='ltr'>pradicta</span> <span class='ocrx_word' id='word_1_318' title='bbox 1277 565 1515 612; x_wconf 86' lang='lat' dir='ltr'>quomodolibet</span> <span class='ocrx_word' id='word_1_319' title='bbox 1538 564 1782 604; x_wconf 87' lang='lat' dir='ltr'>dimittentibus,</span> <span class='ocrx_word' id='word_1_320' title='bbox 1802 564 1868 598; x_wconf 86' lang='lat' dir='ltr'>fru-</span> 
     </span>
     <span class='ocr_line' id='line_1_68' title="bbox 1115 615 1868 661; baseline -0.003 -12"><span class='ocrx_word' id='word_1_321' title='bbox 1115 623 1196 654; x_wconf 87' lang='lat' dir='ltr'>ctus,</span> <span class='ocrx_word' id='word_1_322' title='bbox 1226 615 1368 650; x_wconf 88' lang='lat' dir='ltr'>redditus</span> <span class='ocrx_word' id='word_1_323' title='bbox 1394 623 1423 648; x_wconf 91' lang='lat' dir='ltr'>et</span> <span class='ocrx_word' id='word_1_324' title='bbox 1457 622 1646 661; x_wconf 83' lang='lat' dir='ltr'>proventus,</span> <span class='ocrx_word' id='word_1_325' title='bbox 1674 625 1709 647; x_wconf 88' lang='lat' dir='ltr'>ac</span> <span class='ocrx_word' id='word_1_326' title='bbox 1740 625 1868 660; x_wconf 83' lang='lat' dir='ltr'>posses-</span> 
     </span>
    </p>
   </div>
   <div class='ocr_carea' id='block_1_9' title="bbox 1881 258 2062 286">
    <p class='ocr_par' dir='ltr' id='par_1_11' title="bbox 1881 258 2062 286">
     <span class='ocr_line' id='line_1_69' title="bbox 1881 258 2062 286; baseline -0.011 0"><span class='ocrx_word' id='word_1_327' title='bbox 1881 260 1930 286; x_wconf 76' lang='lat' dir='ltr'>An.</span> <span class='ocrx_word' id='word_1_328' title='bbox 1948 258 1976 284; x_wconf 80' lang='lat' dir='ltr'>C.</span> <span class='ocrx_word' id='word_1_329' title='bbox 1997 258 2062 285; x_wconf 62' lang='lat' dir='ltr'>¹38st</span> 
     </span>
    </p>
   </div>
   <div class='ocr_carea' id='block_1_10' title="bbox 1115 663 1891 711">
    <p class='ocr_par' dir='ltr' id='par_1_12' title="bbox 1115 663 1891 711">
     <span class='ocr_line' id='line_1_70' title="bbox 1115 663 1891 711; baseline -0.005 -11"><span class='ocrx_word' id='word_1_330' title='bbox 1115 666 1221 700; x_wconf 87' lang='lat' dir='ltr'>siones</span> <span class='ocrx_word' id='word_1_331' title='bbox 1249 673 1280 699; x_wconf 87' lang='lat' dir='ltr'>et</span> <span class='ocrx_word' id='word_1_332' title='bbox 1302 664 1383 698; x_wconf 89' lang='lat' dir='ltr'>bona</span> <span class='ocrx_word' id='word_1_333' title='bbox 1408 664 1543 711; x_wconf 81' lang='lat' dir='ltr'>praefata</span> <span class='ocrx_word' id='word_1_334' title='bbox 1573 663 1611 697; x_wconf 87' lang='lat' dir='ltr'>ad</span> <span class='ocrx_word' id='word_1_335' title='bbox 1640 664 1809 698; x_wconf 89' lang='lat' dir='ltr'>canonicos</span> <span class='ocrx_word' id='word_1_336' title='bbox 1836 671 1891 711; x_wconf 45' lang='lat' dir='ltr'>et.</span> 
     </span>
    </p>
   </div>
   <div class='ocr_carea' id='block_1_11' title="bbox 1115 713 1872 2547">
    <p class='ocr_par' dir='ltr' id='par_1_13' title="bbox 1115 713 1872 1903">
     <span class='ocr_line' id='line_1_71' title="bbox 1116 713 1868 761; baseline -0.004 -12"><span class='ocrx_word' id='word_1_337' title='bbox 1116 715 1318 750; x_wconf 84' lang='lat' dir='ltr'>beneficiatos</span> <span class='ocrx_word' id='word_1_338' title='bbox 1348 714 1525 761; x_wconf 88' lang='lat' dir='ltr'>praedictos</span> <span class='ocrx_word' id='word_1_339' title='bbox 1549 714 1668 747; x_wconf 87' lang='lat' dir='ltr'>ratione</span> <span class='ocrx_word' id='word_1_340' title='bbox 1699 713 1868 746; x_wconf 85' lang='lat' dir='ltr'>canonica-</span> 
     </span>
     <span class='ocr_line' id='line_1_72' title="bbox 1117 762 1866 811; baseline -0.005 -12"><span class='ocrx_word' id='word_1_341' title='bbox 1117 773 1203 799; x_wconf 91' lang='lat' dir='ltr'>tuum</span> <span class='ocrx_word' id='word_1_342' title='bbox 1240 773 1269 799; x_wconf 87' lang='lat' dir='ltr'>et</span> <span class='ocrx_word' id='word_1_343' title='bbox 1295 763 1546 811; x_wconf 87' lang='lat' dir='ltr'>praebendarum</span> <span class='ocrx_word' id='word_1_344' title='bbox 1575 775 1610 796; x_wconf 90' lang='lat' dir='ltr'>ac</span> <span class='ocrx_word' id='word_1_345' title='bbox 1638 762 1866 796; x_wconf 80' lang='lat' dir='ltr'>beneficiorum</span> 
     </span>
     <span class='ocr_line' id='line_1_73' title="bbox 1116 811 1867 861; baseline -0.005 -12"><span class='ocrx_word' id='word_1_346' title='bbox 1116 814 1295 849; x_wconf 90' lang='lat' dir='ltr'>huiusmodi</span> <span class='ocrx_word' id='word_1_347' title='bbox 1309 813 1507 861; x_wconf 87' lang='lat' dir='ltr'>pertinentia,</span> <span class='ocrx_word' id='word_1_348' title='bbox 1517 821 1548 846; x_wconf 91' lang='lat' dir='ltr'>nt</span> <span class='ocrx_word' id='word_1_349' title='bbox 1562 811 1867 859; x_wconf 71' lang='lat' dir='ltr'>prfel&#39;ertni·,etiamsi</span> 
     </span>
     <span class='ocr_line' id='line_1_74' title="bbox 1118 861 1868 911; baseline -0.007 -12"><span class='ocrx_word' id='word_1_350' title='bbox 1118 865 1174 911; x_wconf 88' lang='lat' dir='ltr'>ipsi</span> <span class='ocrx_word' id='word_1_351' title='bbox 1198 865 1404 899; x_wconf 86' lang='lat' dir='ltr'>canonicatus</span> <span class='ocrx_word' id='word_1_352' title='bbox 1431 871 1461 897; x_wconf 91' lang='lat' dir='ltr'>et</span> <span class='ocrx_word' id='word_1_353' title='bbox 1485 861 1683 909; x_wconf 87' lang='lat' dir='ltr'>praebendae</span> <span class='ocrx_word' id='word_1_354' title='bbox 1706 874 1741 895; x_wconf 92' lang='lat' dir='ltr'>ac</span> <span class='ocrx_word' id='word_1_355' title='bbox 1772 861 1868 895; x_wconf 90' lang='lat' dir='ltr'>bene-</span> 
     </span>
     <span class='ocr_line' id='line_1_75' title="bbox 1117 911 1869 961; baseline -0.007 -12"><span class='ocrx_word' id='word_1_356' title='bbox 1117 914 1184 949; x_wconf 85' lang='lat' dir='ltr'>ficia</span> <span class='ocrx_word' id='word_1_357' title='bbox 1207 915 1268 949; x_wconf 92' lang='lat' dir='ltr'>sint</span> <span class='ocrx_word' id='word_1_358' title='bbox 1291 913 1491 961; x_wconf 86' lang='lat' dir='ltr'>dispositioni</span> <span class='ocrx_word' id='word_1_359' title='bbox 1520 911 1711 958; x_wconf 86' lang='lat' dir='ltr'>apostolicae</span> <span class='ocrx_word' id='word_1_360' title='bbox 1734 922 1869 959; x_wconf 91' lang='lat' dir='ltr'>quomo-</span> 
     </span>
     <span class='ocr_line' id='line_1_76' title="bbox 1116 961 1869 1001; baseline -0.005 -3"><span class='ocrx_word' id='word_1_361' title='bbox 1116 964 1235 999; x_wconf 88' lang='lat' dir='ltr'>dolibet</span> <span class='ocrx_word' id='word_1_362' title='bbox 1280 970 1454 1001; x_wconf 82' lang='lat' dir='ltr'>reservata,</span> <span class='ocrx_word' id='word_1_363' title='bbox 1487 961 1607 996; x_wconf 89' lang='lat' dir='ltr'>eisdem</span> <span class='ocrx_word' id='word_1_364' title='bbox 1644 961 1792 996; x_wconf 86' lang='lat' dir='ltr'>fratribus</span> <span class='ocrx_word' id='word_1_365' title='bbox 1838 968 1869 994; x_wconf 89' lang='lat' dir='ltr'>et</span> 
     </span>
     <span class='ocr_line' id='line_1_77' title="bbox 1116 1010 1868 1058; baseline -0.005 -10"><span class='ocrx_word' id='word_1_366' title='bbox 1116 1026 1226 1048; x_wconf 89' lang='lat' dir='ltr'>eorum</span> <span class='ocrx_word' id='word_1_367' title='bbox 1254 1013 1367 1047; x_wconf 90' lang='lat' dir='ltr'>Ordini</span> <span class='ocrx_word' id='word_1_368' title='bbox 1399 1011 1600 1058; x_wconf 85' lang='lat' dir='ltr'>applicentur</span> <span class='ocrx_word' id='word_1_369' title='bbox 1634 1023 1671 1045; x_wconf 88' lang='lat' dir='ltr'>eo</span> <span class='ocrx_word' id='word_1_370' title='bbox 1708 1011 1785 1057; x_wconf 90' lang='lat' dir='ltr'>ipso.</span> <span class='ocrx_word' id='word_1_371' title='bbox 1822 1010 1868 1044; x_wconf 83' lang='lat' dir='ltr'>Ac</span> 
     </span>
     <span class='ocr_line' id='line_1_78' title="bbox 1117 1059 1868 1108; baseline -0.005 -10"><span class='ocrx_word' id='word_1_372' title='bbox 1117 1063 1325 1098; x_wconf 86' lang='lat' dir='ltr'>nihilominus</span> <span class='ocrx_word' id='word_1_373' title='bbox 1357 1062 1478 1097; x_wconf 84' lang='lat' dir='ltr'>eisdem</span> <span class='ocrx_word' id='word_1_374' title='bbox 1512 1061 1606 1108; x_wconf 89' lang='lat' dir='ltr'>priori</span> <span class='ocrx_word' id='word_1_375' title='bbox 1634 1068 1665 1095; x_wconf 89' lang='lat' dir='ltr'>et</span> <span class='ocrx_word' id='word_1_376' title='bbox 1695 1059 1868 1100; x_wconf 86' lang='lat' dir='ltr'>fratribus,</span> 
     </span>
     <span class='ocr_line' id='line_1_79' title="bbox 1117 1110 1868 1160; baseline -0.005 -13"><span class='ocrx_word' id='word_1_377' title='bbox 1117 1121 1186 1159; x_wconf 83' lang='lat' dir='ltr'>post</span> <span class='ocrx_word' id='word_1_378' title='bbox 1209 1125 1302 1160; x_wconf 88' lang='lat' dir='ltr'>quam</span> <span class='ocrx_word' id='word_1_379' title='bbox 1327 1113 1355 1145; x_wconf 93' lang='lat' dir='ltr'>in</span> <span class='ocrx_word' id='word_1_380' title='bbox 1380 1111 1461 1146; x_wconf 89' lang='lat' dir='ltr'>dicta</span> <span class='ocrx_word' id='word_1_381' title='bbox 1485 1110 1625 1145; x_wconf 89' lang='lat' dir='ltr'>Ecclesia</span> <span class='ocrx_word' id='word_1_382' title='bbox 1648 1110 1742 1144; x_wconf 88' lang='lat' dir='ltr'>creati</span> <span class='ocrx_word' id='word_1_383' title='bbox 1766 1118 1794 1143; x_wconf 90' lang='lat' dir='ltr'>et</span> <span class='ocrx_word' id='word_1_384' title='bbox 1819 1110 1868 1143; x_wconf 90' lang='lat' dir='ltr'>in-</span> 
     </span>
     <span class='ocr_line' id='line_1_80' title="bbox 1115 1159 1869 1205; baseline -0.007 -8"><span class='ocrx_word' id='word_1_385' title='bbox 1115 1163 1215 1197; x_wconf 88' lang='lat' dir='ltr'>stituti</span> <span class='ocrx_word' id='word_1_386' title='bbox 1248 1162 1379 1205; x_wconf 85' lang='lat' dir='ltr'>fuerint,</span> <span class='ocrx_word' id='word_1_387' title='bbox 1411 1162 1502 1195; x_wconf 88' lang='lat' dir='ltr'>etiam</span> <span class='ocrx_word' id='word_1_388' title='bbox 1538 1159 1659 1194; x_wconf 90' lang='lat' dir='ltr'>locandi</span> <span class='ocrx_word' id='word_1_389' title='bbox 1694 1169 1723 1193; x_wconf 88' lang='lat' dir='ltr'>et</span> <span class='ocrx_word' id='word_1_390' title='bbox 1759 1171 1869 1193; x_wconf 90' lang='lat' dir='ltr'>arren—</span> 
     </span>
     <span class='ocr_line' id='line_1_81' title="bbox 1116 1209 1868 1256; baseline -0.005 -10"><span class='ocrx_word' id='word_1_391' title='bbox 1116 1212 1210 1246; x_wconf 87' lang='lat' dir='ltr'>dandi</span> <span class='ocrx_word' id='word_1_392' title='bbox 1225 1214 1270 1255; x_wconf 86' lang='lat'>(1)</span> <span class='ocrx_word' id='word_1_393' title='bbox 1296 1211 1430 1251; x_wconf 90' lang='lat' dir='ltr'>fructus,</span> <span class='ocrx_word' id='word_1_394' title='bbox 1454 1209 1594 1244; x_wconf 90' lang='lat' dir='ltr'>redditus</span> <span class='ocrx_word' id='word_1_395' title='bbox 1623 1217 1652 1243; x_wconf 88' lang='lat' dir='ltr'>et</span> <span class='ocrx_word' id='word_1_396' title='bbox 1685 1217 1868 1256; x_wconf 83' lang='lat' dir='ltr'>proventus,</span> 
     </span>
     <span class='ocr_line' id='line_1_82' title="bbox 1116 1259 1870 1305; baseline -0.003 -11"><span class='ocrx_word' id='word_1_397' title='bbox 1116 1262 1180 1295; x_wconf 87' lang='lat' dir='ltr'>iura</span> <span class='ocrx_word' id='word_1_398' title='bbox 1197 1270 1226 1296; x_wconf 93' lang='lat' dir='ltr'>et</span> <span class='ocrx_word' id='word_1_399' title='bbox 1242 1261 1447 1295; x_wconf 87' lang='lat' dir='ltr'>obventiones</span> <span class='ocrx_word' id='word_1_400' title='bbox 1469 1259 1710 1294; x_wconf 87' lang='lat' dir='ltr'>canonicatuum</span> <span class='ocrx_word' id='word_1_401' title='bbox 1730 1266 1760 1292; x_wconf 84' lang='lat' dir='ltr'>et</span> <span class='ocrx_word' id='word_1_402' title='bbox 1785 1270 1870 1305; x_wconf 87' lang='lat' dir='ltr'>prae-</span> 
     </span>
     <span class='ocr_line' id='line_1_83' title="bbox 1116 1307 1868 1355; baseline -0.005 -10"><span class='ocrx_word' id='word_1_403' title='bbox 1116 1310 1289 1345; x_wconf 86' lang='lat' dir='ltr'>bendarum</span> <span class='ocrx_word' id='word_1_404' title='bbox 1305 1322 1341 1344; x_wconf 92' lang='lat' dir='ltr'>ac</span> <span class='ocrx_word' id='word_1_405' title='bbox 1355 1309 1581 1344; x_wconf 84' lang='lat' dir='ltr'>beneficiorum</span> <span class='ocrx_word' id='word_1_406' title='bbox 1598 1307 1828 1355; x_wconf 79' lang='lat' dir='ltr'>praedictorum</span> <span class='ocrx_word' id='word_1_407' title='bbox 1853 1319 1868 1341; x_wconf 87' lang='lat' dir='ltr'>a</span> 
     </span>
     <span class='ocr_line' id='line_1_84' title="bbox 1115 1357 1868 1404; baseline -0.004 -11"><span class='ocrx_word' id='word_1_408' title='bbox 1115 1360 1277 1393; x_wconf 82' lang='lat' dir='ltr'>canonicis</span> <span class='ocrx_word' id='word_1_409' title='bbox 1313 1368 1343 1393; x_wconf 89' lang='lat' dir='ltr'>et</span> <span class='ocrx_word' id='word_1_410' title='bbox 1381 1358 1577 1392; x_wconf 85' lang='lat' dir='ltr'>beneficiatis</span> <span class='ocrx_word' id='word_1_411' title='bbox 1612 1357 1784 1404; x_wconf 84' lang='lat' dir='ltr'>praedictis</span> <span class='ocrx_word' id='word_1_412' title='bbox 1818 1357 1868 1391; x_wconf 88' lang='lat' dir='ltr'>illa</span> 
     </span>
     <span class='ocr_line' id='line_1_85' title="bbox 1115 1407 1869 1455; baseline -0.003 -12"><span class='ocrx_word' id='word_1_413' title='bbox 1115 1408 1347 1449; x_wconf 90' lang='lat' dir='ltr'>obtinentibus,</span> <span class='ocrx_word' id='word_1_414' title='bbox 1374 1407 1515 1455; x_wconf 88' lang='lat' dir='ltr'>quandiu</span> <span class='ocrx_word' id='word_1_415' title='bbox 1557 1408 1615 1453; x_wconf 89' lang='lat' dir='ltr'>ipsi</span> <span class='ocrx_word' id='word_1_416' title='bbox 1652 1407 1797 1441; x_wconf 85' lang='lat' dir='ltr'>canonici</span> <span class='ocrx_word' id='word_1_417' title='bbox 1834 1418 1869 1441; x_wconf 90' lang='lat' dir='ltr'>ea</span> 
     </span>
     <span class='ocr_line' id='line_1_86' title="bbox 1115 1456 1870 1504; baseline -0.004 -12"><span class='ocrx_word' id='word_1_418' title='bbox 1115 1459 1326 1500; x_wconf 89' lang='lat' dir='ltr'>obtinuerint,</span> <span class='ocrx_word' id='word_1_419' title='bbox 1343 1470 1398 1504; x_wconf 87' lang='lat' dir='ltr'>pro</span> <span class='ocrx_word' id='word_1_420' title='bbox 1421 1465 1506 1491; x_wconf 83' lang='lat' dir='ltr'>certo</span> <span class='ocrx_word' id='word_1_421' title='bbox 1531 1457 1630 1503; x_wconf 86' lang='lat' dir='ltr'>pretio</span> <span class='ocrx_word' id='word_1_422' title='bbox 1652 1456 1795 1490; x_wconf 85' lang='lat' dir='ltr'>eiusdem</span> <span class='ocrx_word' id='word_1_423' title='bbox 1817 1468 1870 1489; x_wconf 84' lang='lat' dir='ltr'>ca-</span> 
     </span>
     <span class='ocr_line' id='line_1_87' title="bbox 1117 1505 1869 1552; baseline -0.004 -10"><span class='ocrx_word' id='word_1_424' title='bbox 1117 1509 1239 1543; x_wconf 88' lang='lat' dir='ltr'>nonicis</span> <span class='ocrx_word' id='word_1_425' title='bbox 1271 1516 1301 1541; x_wconf 81' lang='lat' dir='ltr'>et</span> <span class='ocrx_word' id='word_1_426' title='bbox 1325 1507 1519 1541; x_wconf 82' lang='lat' dir='ltr'>beneficiatis</span> <span class='ocrx_word' id='word_1_427' title='bbox 1547 1507 1710 1540; x_wconf 89' lang='lat' dir='ltr'>annuatim</span> <span class='ocrx_word' id='word_1_428' title='bbox 1747 1505 1869 1552; x_wconf 88' lang='lat' dir='ltr'>persol-</span> 
     </span>
     <span class='ocr_line' id='line_1_88' title="bbox 1116 1555 1869 1603; baseline -0.003 -11"><span class='ocrx_word' id='word_1_429' title='bbox 1116 1559 1237 1592; x_wconf 83' lang='lat' dir='ltr'>vendo:</span> <span class='ocrx_word' id='word_1_430' title='bbox 1272 1560 1312 1592; x_wconf 88' lang='lat' dir='ltr'>ita</span> <span class='ocrx_word' id='word_1_431' title='bbox 1339 1557 1425 1603; x_wconf 85' lang='lat' dir='ltr'>quod</span> <span class='ocrx_word' id='word_1_432' title='bbox 1461 1557 1485 1591; x_wconf 91' lang='lat' dir='ltr'>si</span> <span class='ocrx_word' id='word_1_433' title='bbox 1520 1555 1612 1590; x_wconf 89' lang='lat' dir='ltr'>dictis</span> <span class='ocrx_word' id='word_1_434' title='bbox 1646 1555 1807 1590; x_wconf 88' lang='lat' dir='ltr'>canonicis</span> <span class='ocrx_word' id='word_1_435' title='bbox 1841 1565 1869 1590; x_wconf 88' lang='lat' dir='ltr'>et</span> 
     </span>
     <span class='ocr_line' id='line_1_89' title="bbox 1117 1605 1869 1652; baseline -0.005 -10"><span class='ocrx_word' id='word_1_436' title='bbox 1117 1608 1310 1642; x_wconf 84' lang='lat' dir='ltr'>beneficiatis</span> <span class='ocrx_word' id='word_1_437' title='bbox 1344 1607 1491 1645; x_wconf 84' lang='lat' dir='ltr'>satisfiat,</span> <span class='ocrx_word' id='word_1_438' title='bbox 1525 1606 1583 1652; x_wconf 91' lang='lat' dir='ltr'>ipsi</span> <span class='ocrx_word' id='word_1_439' title='bbox 1612 1605 1649 1640; x_wconf 92' lang='lat' dir='ltr'>ad</span> <span class='ocrx_word' id='word_1_440' title='bbox 1686 1605 1869 1639; x_wconf 89' lang='lat' dir='ltr'>lmiusmodi</span> 
     </span>
     <span class='ocr_line' id='line_1_90' title="bbox 1117 1655 1869 1703; baseline -0.004 -12"><span class='ocrx_word' id='word_1_441' title='bbox 1117 1659 1320 1692; x_wconf 87' lang='lat' dir='ltr'>canonicatus</span> <span class='ocrx_word' id='word_1_442' title='bbox 1359 1666 1388 1690; x_wconf 85' lang='lat' dir='ltr'>et</span> <span class='ocrx_word' id='word_1_443' title='bbox 1423 1655 1620 1703; x_wconf 75' lang='lat' dir='ltr'>praebendas</span> <span class='ocrx_word' id='word_1_444' title='bbox 1652 1667 1688 1689; x_wconf 91' lang='lat' dir='ltr'>ac</span> <span class='ocrx_word' id='word_1_445' title='bbox 1718 1655 1869 1689; x_wconf 82' lang='lat' dir='ltr'>beneficia</span> 
     </span>
     <span class='ocr_line' id='line_1_91' title="bbox 1117 1704 1870 1752; baseline -0.004 -11"><span class='ocrx_word' id='word_1_446' title='bbox 1117 1708 1219 1742; x_wconf 90' lang='lat' dir='ltr'>redire</span> <span class='ocrx_word' id='word_1_447' title='bbox 1247 1720 1308 1741; x_wconf 91' lang='lat' dir='ltr'>non</span> <span class='ocrx_word' id='word_1_448' title='bbox 1340 1706 1474 1745; x_wconf 81' lang='lat' dir='ltr'>valeant,</span> <span class='ocrx_word' id='word_1_449' title='bbox 1497 1705 1683 1739; x_wconf 88' lang='lat' dir='ltr'>anctoritate</span> <span class='ocrx_word' id='word_1_450' title='bbox 1711 1704 1870 1752; x_wconf 88' lang='lat' dir='ltr'>praedicta</span> 
     </span>
     <span class='ocr_line' id='line_1_92' title="bbox 1116 1755 1872 1802; baseline -0.004 -11"><span class='ocrx_word' id='word_1_451' title='bbox 1116 1758 1271 1792; x_wconf 85' lang='lat' dir='ltr'>licentiam</span> <span class='ocrx_word' id='word_1_452' title='bbox 1288 1756 1445 1802; x_wconf 84' lang='lat' dir='ltr'>largiaris:</span> <span class='ocrx_word' id='word_1_453' title='bbox 1462 1755 1709 1789; x_wconf 87' lang='lat' dir='ltr'>contradictores</span> <span class='ocrx_word' id='word_1_454' title='bbox 1727 1767 1782 1801; x_wconf 90' lang='lat' dir='ltr'>per</span> <span class='ocrx_word' id='word_1_455' title='bbox 1796 1766 1872 1788; x_wconf 82' lang='lat' dir='ltr'>cen—</span> 
     </span>
     <span class='ocr_line' id='line_1_93' title="bbox 1115 1804 1869 1851; baseline -0.004 -10"><span class='ocrx_word' id='word_1_456' title='bbox 1115 1820 1219 1842; x_wconf 84' lang='lat' dir='ltr'>suram</span> <span class='ocrx_word' id='word_1_457' title='bbox 1254 1806 1512 1844; x_wconf 80' lang='lat' dir='ltr'>ecclesiasticam,</span> <span class='ocrx_word' id='word_1_458' title='bbox 1535 1804 1746 1851; x_wconf 87' lang='lat' dir='ltr'>appellatione</span> <span class='ocrx_word' id='word_1_459' title='bbox 1783 1812 1869 1851; x_wconf 92' lang='lat' dir='ltr'>post-</span> 
     </span>
     <span class='ocr_line' id='line_1_94' title="bbox 1118 1855 1497 1903; baseline -0.005 -13"><span class='ocrx_word' id='word_1_460' title='bbox 1118 1857 1229 1903; x_wconf 83' lang='lat' dir='ltr'>posita,</span> <span class='ocrx_word' id='word_1_461' title='bbox 1252 1855 1497 1902; x_wconf 84' lang='lat' dir='ltr'>compescendo.</span> 
     </span>
    </p>

    <p class='ocr_par' dir='ltr' id='par_1_14' title="bbox 1116 1903 1871 2547">
     <span class='ocr_line' id='line_1_95' title="bbox 1165 1903 1869 1950; baseline -0.004 -11"><span class='ocrx_word' id='word_1_462' title='bbox 1165 1911 1180 1949; x_wconf 55' lang='grc' dir='ltr'>ξς</span> <span class='ocrx_word' id='word_1_463' title='bbox 1207 1909 1240 1939; x_wconf 69' lang='lat'>4.</span> <span class='ocrx_word' id='word_1_464' title='bbox 1274 1905 1344 1939; x_wconf 86' lang='lat' dir='ltr'>Non</span> <span class='ocrx_word' id='word_1_465' title='bbox 1382 1904 1580 1938; x_wconf 85' lang='lat' dir='ltr'>obstantibus</span> <span class='ocrx_word' id='word_1_466' title='bbox 1611 1903 1869 1950; x_wconf 86' lang='lat' dir='ltr'>quibuscumque</span> 
     </span>
     <span class='ocr_line' id='line_1_96' title="bbox 1116 1953 1869 2000; baseline -0.001 -11"><span class='ocrx_word' id='word_1_467' title='bbox 1116 1954 1410 1997; x_wconf 86' lang='lat' dir='ltr'>constitutionibus,</span> <span class='ocrx_word' id='word_1_468' title='bbox 1434 1954 1603 2000; x_wconf 79' lang='lat' dir='ltr'>privilegiis</span> <span class='ocrx_word' id='word_1_469' title='bbox 1625 1966 1660 1987; x_wconf 89' lang='lat' dir='ltr'>ac</span> <span class='ocrx_word' id='word_1_470' title='bbox 1682 1953 1779 1986; x_wconf 91' lang='lat' dir='ltr'>literis</span> <span class='ocrx_word' id='word_1_471' title='bbox 1797 1965 1869 2000; x_wconf 88' lang='lat' dir='ltr'>apo-</span> 
     </span>
     <span class='ocr_line' id='line_1_97' title="bbox 1116 2003 1870 2045; baseline -0.004 -6"><span class='ocrx_word' id='word_1_472' title='bbox 1116 2006 1247 2045; x_wconf 83' lang='lat' dir='ltr'>stolicis,</span> <span class='ocrx_word' id='word_1_473' title='bbox 1278 2017 1400 2038; x_wconf 82' lang='lat' dir='ltr'>necnon</span> <span class='ocrx_word' id='word_1_474' title='bbox 1441 2005 1564 2037; x_wconf 83' lang='lat' dir='ltr'>statutis</span> <span class='ocrx_word' id='word_1_475' title='bbox 1594 2011 1623 2036; x_wconf 86' lang='lat' dir='ltr'>et</span> <span class='ocrx_word' id='word_1_476' title='bbox 1657 2003 1870 2037; x_wconf 87' lang='lat' dir='ltr'>consuetudi-</span> 
     </span>
     <span class='ocr_line' id='line_1_98' title="bbox 1117 2052 1868 2100; baseline -0.003 -11"><span class='ocrx_word' id='word_1_477' title='bbox 1117 2055 1209 2089; x_wconf 87' lang='lat' dir='ltr'>nibus</span> <span class='ocrx_word' id='word_1_478' title='bbox 1241 2054 1400 2089; x_wconf 87' lang='lat' dir='ltr'>Ecclesiae</span> <span class='ocrx_word' id='word_1_479' title='bbox 1422 2062 1452 2087; x_wconf 86' lang='lat' dir='ltr'>et</span> <span class='ocrx_word' id='word_1_480' title='bbox 1474 2053 1605 2087; x_wconf 78' lang='lat' dir='ltr'>Ordinis</span> <span class='ocrx_word' id='word_1_481' title='bbox 1638 2052 1868 2100; x_wconf 87' lang='lat' dir='ltr'>praedictorum</span> 
     </span>
     <span class='ocr_line' id='line_1_99' title="bbox 1116 2103 1869 2149; baseline -0.003 -11"><span class='ocrx_word' id='word_1_482' title='bbox 1116 2104 1292 2147; x_wconf 83' lang='lat' dir='ltr'>contrariis,</span> <span class='ocrx_word' id='word_1_483' title='bbox 1317 2105 1503 2143; x_wconf 77' lang='lat' dir='ltr'>iuramento,</span> <span class='ocrx_word' id='word_1_484' title='bbox 1526 2103 1765 2137; x_wconf 83' lang='lat' dir='ltr'>confirmatione</span> <span class='ocrx_word' id='word_1_485' title='bbox 1792 2114 1869 2149; x_wconf 87' lang='lat' dir='ltr'>apo—</span> 
     </span>
     <span class='ocr_line' id='line_1_100' title="bbox 1116 2151 1870 2200; baseline -0.004 -12"><span class='ocrx_word' id='word_1_486' title='bbox 1116 2155 1224 2188; x_wconf 88' lang='lat' dir='ltr'>stolica</span> <span class='ocrx_word' id='word_1_487' title='bbox 1261 2154 1305 2187; x_wconf 78' lang='lat' dir='ltr'>vel</span> <span class='ocrx_word' id='word_1_488' title='bbox 1330 2165 1529 2200; x_wconf 82' lang='lat' dir='ltr'>quacumque</span> <span class='ocrx_word' id='word_1_489' title='bbox 1557 2152 1702 2185; x_wconf 76' lang='lat' dir='ltr'>firmitate</span> <span class='ocrx_word' id='word_1_490' title='bbox 1730 2151 1789 2186; x_wconf 84' lang='lat' dir='ltr'>alia</span> <span class='ocrx_word' id='word_1_491' title='bbox 1819 2164 1870 2186; x_wconf 91' lang='lat' dir='ltr'>ro-</span> 
     </span>
     <span class='ocr_line' id='line_1_101' title="bbox 1117 2201 1869 2248; baseline -0.003 -10"><span class='ocrx_word' id='word_1_492' title='bbox 1117 2205 1246 2243; x_wconf 82' lang='lat' dir='ltr'>boratis,</span> <span class='ocrx_word' id='word_1_493' title='bbox 1269 2216 1324 2237; x_wconf 86' lang='lat' dir='ltr'>seu</span> <span class='ocrx_word' id='word_1_494' title='bbox 1348 2204 1372 2237; x_wconf 90' lang='lat' dir='ltr'>si</span> <span class='ocrx_word' id='word_1_495' title='bbox 1396 2204 1508 2247; x_wconf 77' lang='lat' dir='ltr'>aliqui,</span> <span class='ocrx_word' id='word_1_496' title='bbox 1530 2201 1702 2248; x_wconf 77' lang='lat' dir='ltr'>apostolica</span> <span class='ocrx_word' id='word_1_497' title='bbox 1738 2202 1784 2235; x_wconf 90' lang='lat' dir='ltr'>vel</span> <span class='ocrx_word' id='word_1_498' title='bbox 1810 2202 1869 2236; x_wconf 87' lang='lat' dir='ltr'>alia</span> 
     </span>
     <span class='ocr_line' id='line_1_102' title="bbox 1117 2251 1868 2301; baseline -0.004 -12"><span class='ocrx_word' id='word_1_499' title='bbox 1117 2255 1225 2301; x_wconf 69' lang='lat' dir='ltr'>quavis</span> <span class='ocrx_word' id='word_1_500' title='bbox 1261 2254 1458 2293; x_wconf 78' lang='lat' dir='ltr'>auctoritate,</span> <span class='ocrx_word' id='word_1_501' title='bbox 1482 2253 1511 2286; x_wconf 89' lang='lat' dir='ltr'>in</span> <span class='ocrx_word' id='word_1_502' title='bbox 1535 2252 1645 2286; x_wconf 81' lang='lat' dir='ltr'>cadem</span> <span class='ocrx_word' id='word_1_503' title='bbox 1675 2251 1814 2286; x_wconf 88' lang='lat' dir='ltr'>Ecclesia</span> <span class='ocrx_word' id='word_1_504' title='bbox 1839 2252 1868 2286; x_wconf 90' lang='lat' dir='ltr'>in</span> 
     </span>
     <span class='ocr_line' id='line_1_103' title="bbox 1116 2301 1871 2348; baseline -0.004 -10"><span class='ocrx_word' id='word_1_505' title='bbox 1116 2305 1285 2339; x_wconf 85' lang='lat' dir='ltr'>canonicos</span> <span class='ocrx_word' id='word_1_506' title='bbox 1319 2304 1382 2337; x_wconf 86' lang='lat' dir='ltr'>sint</span> <span class='ocrx_word' id='word_1_507' title='bbox 1411 2303 1527 2348; x_wconf 84' lang='lat' dir='ltr'>recepti</span> <span class='ocrx_word' id='word_1_508' title='bbox 1553 2301 1599 2335; x_wconf 90' lang='lat' dir='ltr'>vel</span> <span class='ocrx_word' id='word_1_509' title='bbox 1625 2310 1656 2335; x_wconf 94' lang='lat' dir='ltr'>nt</span> <span class='ocrx_word' id='word_1_510' title='bbox 1681 2302 1871 2348; x_wconf 88' lang='lat' dir='ltr'>recipiantur</span> 
     </span>
     <span class='ocr_line' id='line_1_104' title="bbox 1118 2351 1868 2398; baseline -0.005 -10"><span class='ocrx_word' id='word_1_511' title='bbox 1118 2355 1273 2394; x_wconf 88' lang='lat' dir='ltr'>insistant,</span> <span class='ocrx_word' id='word_1_512' title='bbox 1295 2365 1349 2387; x_wconf 89' lang='lat' dir='ltr'>sen</span> <span class='ocrx_word' id='word_1_513' title='bbox 1374 2353 1398 2386; x_wconf 87' lang='lat' dir='ltr'>si</span> <span class='ocrx_word' id='word_1_514' title='bbox 1421 2364 1517 2398; x_wconf 84' lang='lat' dir='ltr'>super</span> <span class='ocrx_word' id='word_1_515' title='bbox 1554 2352 1787 2398; x_wconf 70' lang='lat' dir='ltr'>provisionibus</span> <span class='ocrx_word' id='word_1_516' title='bbox 1808 2351 1868 2385; x_wconf 91' lang='lat' dir='ltr'>sibi</span> 
     </span>
     <span class='ocr_line' id='line_1_105' title="bbox 1119 2400 1868 2438; baseline -0.004 0"><span class='ocrx_word' id='word_1_517' title='bbox 1119 2404 1269 2438; x_wconf 84' lang='lat' dir='ltr'>faciendis</span> <span class='ocrx_word' id='word_1_518' title='bbox 1304 2402 1344 2437; x_wconf 89' lang='lat' dir='ltr'>de</span> <span class='ocrx_word' id='word_1_519' title='bbox 1367 2401 1548 2436; x_wconf 81' lang='lat' dir='ltr'>huiusmodi</span> <span class='ocrx_word' id='word_1_520' title='bbox 1577 2400 1817 2435; x_wconf 81' lang='lat' dir='ltr'>canonicatibus</span> <span class='ocrx_word' id='word_1_521' title='bbox 1839 2409 1868 2435; x_wconf 92' lang='lat' dir='ltr'>et</span> 
     </span>
     <span class='ocr_line' id='line_1_106' title="bbox 1118 2450 1869 2500; baseline -0.005 -12"><span class='ocrx_word' id='word_1_522' title='bbox 1118 2453 1305 2500; x_wconf 84' lang='lat' dir='ltr'>praebendis</span> <span class='ocrx_word' id='word_1_523' title='bbox 1341 2453 1439 2499; x_wconf 89' lang='lat' dir='ltr'>ipsius</span> <span class='ocrx_word' id='word_1_524' title='bbox 1463 2451 1625 2485; x_wconf 87' lang='lat' dir='ltr'>Ecclesiae</span> <span class='ocrx_word' id='word_1_525' title='bbox 1646 2450 1800 2498; x_wconf 87' lang='lat' dir='ltr'>speciales</span> <span class='ocrx_word' id='word_1_526' title='bbox 1823 2450 1869 2484; x_wconf 89' lang='lat' dir='ltr'>vel</span> 
     </span>
     <span class='ocr_line' id='line_1_107' title="bbox 1117 2500 1871 2547; baseline -0.007 -9"><span class='ocrx_word' id='word_1_527' title='bbox 1117 2504 1186 2538; x_wconf 90' lang='lat' dir='ltr'>aliis</span> <span class='ocrx_word' id='word_1_528' title='bbox 1210 2502 1370 2537; x_wconf 81' lang='lat' dir='ltr'>beneficiis</span> <span class='ocrx_word' id='word_1_529' title='bbox 1405 2501 1627 2535; x_wconf 80' lang='lat' dir='ltr'>ecclesiasticis</span> <span class='ocrx_word' id='word_1_530' title='bbox 1656 2502 1684 2534; x_wconf 91' lang='lat' dir='ltr'>in</span> <span class='ocrx_word' id='word_1_531' title='bbox 1709 2500 1769 2534; x_wconf 87' lang='lat' dir='ltr'>illis</span> <span class='ocrx_word' id='word_1_532' title='bbox 1797 2513 1871 2547; x_wconf 88' lang='lat' dir='ltr'>par-</span> 
     </span>
    </p>
   </div>
   <div class='ocr_carea' id='block_1_12' title="bbox 1116 2572 1871 2699">
    <p class='ocr_par' dir='ltr' id='par_1_15' title="bbox 1116 2572 1871 2699">
     <span class='ocr_line' id='line_1_108' title="bbox 1152 2572 1869 2609; baseline -0.004 -9"><span class='ocrx_word' id='word_1_533' title='bbox 1152 2574 1192 2609; x_wconf 81' lang='lat' dir='ltr'>(l)</span> <span class='ocrx_word' id='word_1_534' title='bbox 1209 2576 1376 2605; x_wconf 68' lang='lat' dir='ltr'>Arremlure,</span> <span class='ocrx_word' id='word_1_535' title='bbox 1393 2576 1549 2604; x_wconf 66' lang='lat' dir='ltr'>arremaro,</span> <span class='ocrx_word' id='word_1_536' title='bbox 1566 2572 1598 2598; x_wconf 86' lang='lat' dir='ltr'>ad</span> <span class='ocrx_word' id='word_1_537' title='bbox 1625 2579 1734 2598; x_wconf 87' lang='lat' dir='ltr'>censum</span> <span class='ocrx_word' id='word_1_538' title='bbox 1760 2579 1869 2605; x_wconf 83' lang='lat' dir='ltr'>ponere,</span> 
     </span>
     <span class='ocr_line' id='line_1_109' title="bbox 1116 2616 1871 2652; baseline -0.005 -6"><span class='ocrx_word' id='word_1_539' title='bbox 1116 2620 1148 2646; x_wconf 90' lang='lat' dir='ltr'>ad</span> <span class='ocrx_word' id='word_1_540' title='bbox 1165 2627 1273 2646; x_wconf 79' lang='lat' dir='ltr'>censum</span> <span class='ocrx_word' id='word_1_541' title='bbox 1287 2626 1405 2645; x_wconf 80' lang='lat' dir='ltr'>annuum</span> <span class='ocrx_word' id='word_1_542' title='bbox 1424 2618 1463 2644; x_wconf 85' lang='lat' dir='ltr'>vel</span> <span class='ocrx_word' id='word_1_543' title='bbox 1480 2617 1511 2644; x_wconf 84' lang='lat' dir='ltr'>ad</span> <span class='ocrx_word' id='word_1_544' title='bbox 1524 2617 1720 2652; x_wconf 80' lang='lat' dir='ltr'>emphyteusim</span> <span class='ocrx_word' id='word_1_545' title='bbox 1732 2616 1871 2651; x_wconf 83' lang='lat' dir='ltr'>praedium</span> 
     </span>
     <span class='ocr_line' id='line_1_110' title="bbox 1117 2664 1374 2699; baseline -0.004 -8"><span class='ocrx_word' id='word_1_546' title='bbox 1117 2666 1203 2692; x_wconf 81' lang='lat' dir='ltr'>locare</span> <span class='ocrx_word' id='word_1_547' title='bbox 1219 2664 1374 2699; x_wconf 72' lang='lat' dir='ltr'>(Ducange).</span> 
     </span>
    </p>
   </div>
   <div class='ocr_carea' id='block_1_13' title="bbox 1884 1913 2069 1971">
    <p class='ocr_par' dir='ltr' id='par_1_16' title="bbox 1884 1913 2069 1971">
     <span class='ocr_line' id='line_1_111' title="bbox 1891 1913 2069 1936; baseline 0.011 -2"><span class='ocrx_word' id='word_1_548' title='bbox 1891 1913 2021 1934; x_wconf 69' lang='lat' dir='ltr'>obstantium</span> <span class='ocrx_word' id='word_1_549' title='bbox 2034 1916 2069 1936; x_wconf 80' lang='lat' dir='ltr'>dc-</span> 
     </span>
     <span class='ocr_line' id='line_1_112' title="bbox 1884 1949 1973 1971; baseline -0.011 -5"><span class='ocrx_word' id='word_1_550' title='bbox 1884 1949 1973 1971; x_wconf 72' lang='lat' dir='ltr'>rogatio.</span> 
     </span>
    </p>
   </div>
  </div>
 </body>
</html>
