2274 3265
125 262 174 289 An,
194 263 305 290 0155&

925 264 1136 287 iNNOCENTlus
1159 264 1191 286 Vl
1213 264 1260 286 PP.

1745 253 1816 285 515

320 326 350 353 et
374 326 496 353 nostros
511 318 622 359 editas,
641 331 704 353 non
733 319 919 354 verebantur
941 318 1071 353 (liversis
1112 318 1233 352 sionem
1258 317 1304 351 vel
1333 318 1582 364 suppositionem
1607 317 1768 365 aliquibus
1789 318 1866 353 civi-

320 368 469 414 quaesitis
485 368 643 403 coloribus
660 376 776 409 tenere,
805 380 971 415 occupare,
1000 367 1067 401 sibi-

320 429 381 463 qiie
405 418 434 450 in
458 417 577 452 eisdem
604 418 791 460 dominium,
819 417 1068 464 superioritatem

320 474 348 499 et
366 467 633 512 praeeminentiam
648 467 816 508 vindicare,
831 474 979 514 perpetua
998 478 1072 500 con-

320 516 482 550 stitutione
516 516 658 554 saucivit,
695 524 726 549 iit
762 515 844 550 nulla
879 515 988 550 civitas
1025 515 1069 549 rel

319 566 541 603 communitas,
565 564 715 611 nullaque
733 564 901 611 singularis
925 576 1069 610 persona,

318 615 547 660 cuiuscumque
577 614 771 648 conditionis
794 613 839 648 vel
871 623 969 649 status
1004 614 1070 647 exi-

318 671 424 706 steret,
447 664 597 710 deinceps
638 664 667 696 in
691 662 851 710 aliquibus
880 662 1068 702 civitatibus,

318 713 427 746 castris
461 724 514 747 seu
557 712 638 745 villis
679 713 778 758 ipsius
811 712 994 746 Pati-imouii
1031 712 1067 745 ad

318 761 486 807 praefatam
511 761 685 795 Romanam
715 761 890 796 Ecclesiam
921 768 1068 807 spectan-

317 810 401 844 tibus
423 809 612 852 dominium,
640 811 915 857 superioritatem,
948 811 1068 857 capita-

317 869 443 893 neatuni
462 887 470 901 ,
516 860 763 898 advocationem,
794 860 1041 894 iurisdictionem
1058 887 1066 902 ,

316 920 369 943 seu
398 908 533 955 aliquam
566 909 807 955 praesidentiam
839 922 893 943 seu
924 910 1067 956 praeemi-

316 958 465 1000 nentium,
505 966 664 1003 praetextu
689 959 919 1004 cuiuscumque
952 958 1067 992 vendi-

317 1007 423 1048 tionis,
462 1007 697 1045 submissionis,
735 1007 1066 1046 recommendationis,

314 1056 541 1095 concessionis,
587 1056 820 1101 recognitionis,
849 1056 1067 1102 obligationis.

314 1112 494 1139 contractus
518 1105 564 1139 vel
590 1106 669 1151 pacti
696 1113 745 1139 aut
773 1106 911 1139 cuiusvis
937 1106 1067 1140 alterius

314 1154 507 1194 commercii,
531 1155 648 1201 absque
672 1156 855 1188 auctoritate
872 1154 965 1189 Sedis
980 1155 1068 1201 Apo-

314 1204 440 1237 stolicae
464 1203 607 1249 speciali,
630 1203 770 1250 recipere
789 1204 928 1243 auderet,
946 1204 991 1237 vel
1008 1204 1066 1237 sibi

313 1253 502 1295 dominium,
538 1253 795 1299 praesidentiam,
836 1253 1065 1299 eapitaiieatuin

312 1314 367 1335 seu
385 1301 631 1336 iurisdictionem
647 1302 676 1335 in
695 1302 861 1347 praedictis
876 1301 1066 1345 civitatibus,

311 1352 421 1385 castris
448 1359 478 1385 et
502 1351 592 1390 villis,
615 1363 651 1385 ex
678 1351 788 1397 quavis
821 1351 987 1385 occasione
1011 1363 1065 1385 seu

310 1413 402 1434 causa
435 1400 675 1446 quomodolibet
703 1400 882 1436 vindicare:
917 1400 1067 1447 quodque

310 1451 452 1484 civitates
480 1458 509 1484 et
533 1449 710 1496 singulares
734 1462 897 1495 personae,
919 1450 1067 1484 submis-

311 1501 427 1542 siones,
446 1499 682 1546 suppositiones
700 1507 729 1534 et
748 1499 959 1534 subiectiones
978 1512 1068 1546 quus-

310 1561 449 1595 cumque
478 1557 554 1583 tunc
578 1550 608 1583 in
644 1561 697 1582 eas
728 1548 825 1583 factas
855 1557 884 1582 et
913 1559 1067 1595 receptas,

310 1611 364 1633 seu
390 1598 428 1633 de
451 1598 544 1642 facto,
562 1611 633 1633 cuin
657 1598 695 1632 de
719 1599 786 1632 iure
811 1610 872 1632 non
910 1606 1066 1638 tenerent,

310 1648 547 1695 quomodolibet
575 1656 752 1686 attentatas,
784 1648 944 1682 dimittere
979 1658 1067 1683 tene-

313 1706 431 1740 rentur,
456 1710 512 1732 uec
535 1698 687 1736 civitates,
715 1705 813 1731 castra
831 1710 886 1732 seu
906 1697 972 1732 loca
996 1699 1067 1738 alia,

312 1761 392 1795 quae
414 1760 447 1782 se
464 1748 522 1789 eis,
547 1755 577 1781 ut
596 1747 816 1793 praemittitur,
841 1746 1067 1786 submiserant,

313 1797 358 1831 vel
395 1796 631 1843 quomodolibet
664 1795 877 1838 subiecerant,
906 1805 1066 1843 praetextu

313 1846 538 1881 submissionis
562 1845 606 1879 vel
635 1845 841 1880 subiectionis
863 1846 996 1880 alicuius
1021 1846 1066 1880 vel

313 1896 452 1930 cuiusvis
467 1903 647 1929 contractus
662 1894 752 1928 titulo
769 1895 906 1928 valerent
923 1896 1066 1929 retinere:

315 1945 463 1991 nullaque
485 1944 672 1978 universitas
690 1956 743 1978 scii
765 1944 977 1978 communitas
992 1945 1069 1978 civi-

315 1994 397 2033 tatis,
420 1993 510 2027 castri
534 2005 588 2027 sen
612 1993 702 2027 villae
725 1992 885 2026 Ecclesiae
909 1993 1068 2028 Romanae

315 2041 454 2077 subiecta
492 2043 522 2075 in
560 2042 651 2076 terris
681 2042 865 2076 Patriinonii
901 2043 1068 2077 constituta

315 2091 407 2125 alicui
451 2091 645 2125 universitati
680 2103 733 2125 seu
768 2092 984 2125 communitati
1024 2093 1067 2126 vel

317 2141 455 2186 privatae
495 2152 648 2187 personae
686 2141 916 2187 cuiuscumque
952 2141 1067 2175 condi-

316 2190 409 2223 tionis
435 2197 487 2224 aut
512 2197 610 2224 status
643 2190 800 2229 existeret,
837 2202 870 2224 se
904 2190 1069 2233 subiicere,

316 2239 502 2273 submittere
525 2251 579 2273 seu
611 2251 792 2286 supponere
829 2239 964 2281 valeret,
991 2252 1071 2274 cou-

317 2287 476 2322 stituendo
493 2316 500 2330 ,
531 2288 784 2334 recognoscendo
816 2301 869 2322 seu
895 2288 1069 2334 profitendo

317 2349 349 2371 se
371 2337 502 2372 subesse
526 2338 618 2371 alicui
643 2338 836 2372 universitati
862 2337 908 2372 vel
934 2338 1069 2384 privatae

319 2398 482 2431 personae,
505 2398 560 2420 seu
580 2388 617 2420 ad
641 2387 769 2421 eosdem
793 2399 887 2433 super
902 2387 962 2420 illis
989 2396 1018 2421 et
1039 2388 1067 2421 in

317 2436 406 2480 ipsis,
428 2448 463 2470 ac
498 2437 527 2469 in
560 2435 651 2469 dictis
679 2436 867 2475 civitatibus,
894 2437 1004 2470 castris
1040 2445 1069 2471 et

317 2484 397 2518 villis
424 2485 561 2531 aliquam
586 2485 855 2525 iurisdictionem,
882 2485 1068 2522 dominium

317 2534 544 2580 capitaneatum
568 2546 622 2568 seu
645 2534 790 2581 quamvis
812 2534 902 2568 aliam
923 2536 1070 2581 praeemi-

317 2584 455 2617 nentiam
480 2584 654 2630 pertinere:
685 2592 712 2617 et
746 2584 770 2617 si
807 2596 888 2630 quae
916 2584 1069 2629 civitates,

317 2640 415 2666 castra
447 2633 493 2667 vel
517 2632 582 2667 loca
606 2641 681 2668 tunc
704 2633 742 2667 de
773 2633 853 2668 facto
877 2633 913 2668 ad
933 2633 1070 2669 submis-

1111 366 1227 401 tatibus
1243 367 1289 401 vel
1309 367 1435 413 privatis
1456 368 1597 412 personis
1616 366 1655 401 de
1674 379 1708 401 se
1730 366 1842 402 factam
1857 395 1866 410 ,

1113 416 1311 459 venditionis,
1335 415 1514 450 donationis
1530 416 1574 450 vel
1585 416 1723 451 cuiusvis
1739 416 1867 451 alterius

1110 473 1290 499 contractus
1313 465 1417 499 colore
1446 464 1491 499 vel
1520 464 1612 499 titulo
1636 473 1865 512 processerant,

1113 514 1174 554 1113,
1198 514 1340 560 quamvis
1368 514 1406 547 de
1436 515 1503 548 iure
1526 526 1587 548 non
1614 514 1762 554 valerent,
1784 527 1865 562 qua-

1111 570 1202 598 tenus
1224 563 1263 597 de
1295 563 1375 597 facto
1410 571 1647 608 processerant,
1675 563 1798 598 realiter
1835 572 1863 599 et

1110 612 1316 647 effectualiter
1341 624 1485 646 revocare
1513 611 1690 652 studeiQent
1719 624 1777 647 uec
1804 612 1865 647 illis

1111 673 1247 716 unquam
1274 669 1445 701 uterentur,
1483 673 1540 695 nec
1577 660 1690 696 virtute
1725 661 1864 696 submis-

1110 723 1208 745 sionis
1230 710 1411 745 huiusmodi
1437 710 1482 744 vel
1517 709 1592 744 alias
1627 710 1709 753 illis,
1749 710 1864 757 quibus

1110 760 1221 806 quovis
1245 760 1336 794 titulo
1360 759 1404 793 vel
1429 759 1534 794 colore
1563 771 1596 793 se
1631 759 1863 799 submiserant,

1111 809 1291 844 nullatenus
1313 809 1490 848 obedirent,
1514 817 1660 855 parerent
1689 807 1736 843 vel
1760 809 1864 844 inteu-

1109 858 1234 893 derent:
1263 859 1454 894 contrarium
1483 870 1557 892 vero
1579 857 1729 893 facientes
1747 857 1864 894 directe

1110 908 1157 942 vel
1182 909 1333 943 indirecte
1358 920 1412 955 per
1433 920 1466 942 se
1489 906 1537 942 vel
1565 907 1654 947 alios,
1681 916 1741 942 tam
1766 907 1808 942 illi
1833 917 1861 943 et

1109 969 1216 992 eorum
1240 958 1369 1004 singuli,
1392 958 1444 1004 qui
1468 957 1497 990 in
1522 956 1716 996 civitatibus,
1753 958 1864 991 castris

1109 1014 1160 1040 aut
1187 1007 1268 1041 villis
1294 1007 1436 1041 eiusdem
1464 1005 1648 1040 Patrimonii
1677 1006 1724 1040 vel
1752 1017 1861 1040 eorum

1109 1056 1212 1102 aliquo
1241 1055 1422 1090 huiusmodi
1451 1055 1648 1098 dominium,
1687 1056 1862 1109 superiori-

1110 1112 1215 1147 tatem,
1250 1106 1493 1152 capitaneatum,
1526 1103 1776 1144 advocationem,
1814 1117 1864 1139 iu-

1111 1154 1350 1207 iisilictiouem,
1387 1165 1622 1200 quamcumque
1654 1153 1862 1199 praeeminen-

1110 1203 1182 1236 tiam
1198 1215 1251 1237 seii
1269 1203 1513 1249 praesidentiam
1534 1202 1601 1236 siue
1624 1201 1748 1237 licentia
1770 1201 1864 1237 Sedis

1108 1251 1310 1298 Apostolicae
1326 1252 1452 1298 speciali
1469 1251 1643 1298 reciperent
1662 1251 1692 1285 in
1709 1251 1864 1295 futurum,

1109 1308 1138 1334 et
1171 1301 1224 1347 qui
1265 1309 1340 1335 tunc
1381 1313 1417 1334 ex
1452 1312 1654 1347 quocumque
1701 1307 1862 1335 contractu

1110 1349 1155 1384 vel
1190 1350 1381 1406 obligatione
1429 1358 1624 1396 receperant,
1664 1361 1718 1384 seu
1753 1351 1863 1396 quavis

1110 1401 1314 1454 usurpatione
1341 1398 1584 1446 quomodolibet
1618 1408 1864 1446 occupaverant,

1110 1462 1167 1483 11151
1192 1449 1236 1483 sic
1259 1456 1413 1504 occupata
1426 1456 1456 1483 et
1479 1455 1603 1495 recepta
1627 1448 1708 1483 infra
1726 1448 1863 1484 duorum

1110 1499 1267 1533 mensium
1296 1499 1453 1545 spatium,
1488 1506 1653 1545 postquam
1681 1498 1865 1534 constitutio

1110 1549 1175 1595 ipsa
1200 1548 1236 1582 ad
1273 1560 1381 1582 eorum
1412 1547 1554 1583 notitiam
1592 1548 1786 1593 pervenisset
1817 1548 1865 1583 vel

1111 1610 1164 1645 per
1179 1610 1234 1632 eos
1248 1605 1343 1632 staret
1372 1597 1545 1643 quominus
1557 1596 1672 1631 valeret
1690 1597 1866 1644 pervenire,

1109 1647 1284 1681 dominium
1315 1659 1369 1681 seu
1401 1646 1643 1694 praesidentiam
1660 1674 1669 1691 ,
1693 1647 1866 1694 superiori-

1110 1704 1215 1737 tatem,
1227 1696 1472 1744 capitaneatum,
1490 1696 1741 1731 iurisdictionem
1753 1709 1866 1744 quam-

1109 1759 1247 1793 cumque
1289 1759 1344 1780 seu
1384 1746 1652 1792 praeeminentiam
1681 1746 1862 1782 huiusmodi

1109 1796 1232 1830 realiter
1259 1796 1451 1830 dimitterent
1479 1808 1550 1830 cum
1570 1796 1683 1831 effectu
1713 1797 1764 1832 illa
1780 1797 1866 1833 nullo

1110 1858 1249 1892 unquam
1280 1853 1420 1892 tempore
1444 1845 1563 1892 absque
1591 1847 1692 1892 ipsius
1713 1846 1806 1883 Sedis
1828 1847 1867 1882 li-

1109 1896 1210 1929 centia
1239 1894 1444 1940 resumpturi,
1471 1907 1565 1942 quam
1586 1895 1627 1929 illi
1655 1896 1709 1943 qui
1738 1909 1772 1931 se
1797 1896 1865 1931 sul)-

1109 1944 1280 1982 mitterent,
1310 1952 1528 1990 supponerent
1567 1957 1622 1979 seu
1650 1945 1865 1986 subiicerent,

1111 2001 1143 2026 nt
1167 1993 1350 2040 praesertur,
1379 1993 1471 2027 simili
1502 1993 1607 2038 modo,
1634 1994 1866 2043 cuiuscumque

1110 2042 1291 2096 dignitatis,
1319 2050 1435 2083 status,
1458 2042 1578 2077 ordinis
1601 2042 1647 2077 vel
1675 2044 1866 2079 conditionis

1109 2092 1290 2135 existerent,
1313 2092 1489 2138 singulares
1503 2104 1656 2139 personae
1674 2094 1864 2129 sententiani

1109 2150 1449 2176 excommunicationis
1472 2150 1679 2181 incurrerent,
1702 2154 1738 2177 ac
1764 2150 1865 2178 terrae

1110 2191 1250 2236 ipsorum
1275 2190 1468 2237 ubicumque
1496 2191 1608 2235 forent,
1631 2191 1699 2238 ipso
1718 2191 1799 2227 facto
1814 2193 1865 2227 in-

1110 2239 1240 2274 terdicto
1262 2239 1474 2275 ecclesiastico
1493 2240 1702 2280 subiacerent,
1724 2242 1865 2277 civitates

1109 2298 1160 2322 3111
1176 2297 1276 2323 castra
1291 2297 1321 2323 et
1344 2289 1446 2328 villae,
1467 2302 1547 2336 quae
1569 2297 1698 2325 extunc
1720 2291 1750 2325 in
1774 2299 1864 2326 antea

1110 2350 1142 2372 se
1165 2338 1398 2382 submitterent,
1421 2347 1638 2385 supponerent
1660 2351 1715 2374 seu
1751 2339 1864 2375 subia-

1110 2395 1228 2427 cerent,
1258 2395 1288 2421 et
1315 2400 1395 2434 qnae
1423 2388 1691 2427 submissionem,
1714 2390 1864 2436 supposi-

1111 2436 1229 2470 tionem
1257 2449 1311 2471 seu
1345 2436 1574 2472 subiectionem
1604 2437 1786 2472 huiusmodi
1814 2451 1864 2473 re-

1110 2485 1250 2532 ciperent
1275 2498 1331 2520 seu
1351 2485 1588 2541 quomodolibet
1607 2495 1813 2533 occuparent,
1832 2496 1864 2523 et

1881 262 1932 287 An.
1949 259 1979 287 C.
1996 260 2061 287 istm

1110 2547 1191 2582 quae
1214 2547 1247 2570 se
1271 2544 1346 2570 tunc
1368 2536 1479 2582 quovis
1507 2535 1611 2570 colore
1635 2535 1680 2569 vel
1708 2536 1811 2581 titulo,
1830 2545 1862 2571 iit
1885 2539 2064 2560 *mmmm

1878 2575 1935 2597 dom

1979 2580 2062 2601 poenae

1111 2584 1332 2640 praemittitur
1359 2584 1571 2620 submiserant
1593 2592 1623 2618 et
1650 2585 1862 2631 subiecerant,
1877 2608 1952 2626 00ss
1985 2606 2062 2626 mh.

1110 2646 1145 2668 ac
1172 2634 1323 2675 civitates
1351 2646 1431 2681 quae
1453 2634 1572 2669 submi
1562 2634 1681 2670 siones
1702 2642 1732 2670 et
1754 2635 1862 2671 subie-
1877 2635 1968 2656 'mm
