2274 3265
94 267 186 293 An.C.
207 267 273 293 1518

797 265 933 288 roal-{nas
957 264 1013 286 xxi
1037 253 1140 291 (dictus
1164 262 1243 294 xxii)
1265 263 1312 284 rw.

617 320 699 354 Xlll.

287 403 458 436 Damnatio
471 409 564 436 sectae
579 402 794 440 Bizoclwrum,
813 401 1029 445 Begm'norum,

336 461 584 499 Fratt'callorum,
603 460 856 503 Pseudefratrum
874 459 909 492 S.
931 458 1030 490 Fran-

333 520 407 553 cisci
425 520 461 553 de
482 519 609 553 Assisio.

549 594 760 627 SUMMARIUM

285 665 472 696 Prooemium.
493 681 532 687 —
564 664 588 693 1.
609 662 742 700 Elogiuni
770 661 882 691 ordinis
906 661 1029 691 Franci—

324 718 490 740 scanorutn.
504 725 542 730 —
560 707 586 737 2.
602 706 672 736 Eius
689 707 823 736 decorem
842 706 946 745 perditi
966 706 1031 745 qui-

323 755 389 784 dam
419 753 552 783 homines
575 751 749 781 obnubilare
776 755 922 789 sata-guum
944 768 981 772 —
1003 750 1029 780 3.

322 798 358 828 Se
381 798 529 828 dumtaxat
546 795 575 826 S.
598 795 746 825 Francisci
771 796 900 833 regulam
925 794 1028 824 obser-

322 851 388 872 vare
410 840 586 871 dictitantes:
609 857 648 861 —
664 840 691 869 4.
714 839 770 869 Eos
797 839 957 878 reprimere
980 849 1030 869 cu-

322 886 396 915 ravit
421 884 555 914 Clemens
582 884 628 914 lV:
657 901 695 906 —
723 885 750 913 5.
773 884 808 913 At
834 893 931 913 coram
965 883 1029 914 Cle-

322 933 417 960 mente
435 929 458 958 V
476 938 565 958 novas
584 929 721 968 querelas
741 937 931 968 proposuere:
949 945 988 950 —-
1002 929 1029 958 6.

320 974 370 1003 His
389 983 456 1003 vero
470 974 505 1003 de
527 973 676 1003 Pontificis
697 973 832 1003 mandato
848 973 1029 1009 examinatis,

318 1018 384 1047 illos
404 1018 467 1047 suis
490 1017 695 1056 superioribus
722 1018 812 1047 voluit
837 1017 966 1053 obedire,
992 1019 1029 1047 li-

321 1071 446 1101 nemque
468 1061 600 1101 querelis
619 1062 697 1092 fecit:
713 1079 750 1083 —
769 1063 794 1091 7.
808 1061 1030 1100 Nonnullosque

319 1107 472 1145 delegavit,
490 1107 540 1145 qui
556 1116 606 1137 eos
625 1107 660 1136 ad
679 1107 877 1136 obediendum
897 1107 1030 1145 superio-

318 1150 402 1180 ribus
433 1151 653 1189 compellerent.
675 1168 713 1172 —
729 1151 755 1180 8.
788 1151 818 1180 ln
840 1156 1028 1180 contumaces

318 1195 460 1234 quosdam
481 1195 588 1233 prolata
609 1195 881 1224 excommunicatio.
899 1212 938 1217 --
952 1195 980 1225 Ο.
995 1195 1029 1225 111

319 1248 385 1268 vero
402 1239 430 1268 in
441 1238 572 1268 Siciliam
587 1239 759 1268 secedentes
776 1248 881 1268 norum
895 1239 1027 1268 ordinem

317 1284 471 1313 instituere
487 1283 580 1312 moliti
596 1287 673 1319 sunt,
690 1283 735 1312 cui
752 1287 911 1321 apostatam
928 1292 1031 1321 quem-

316 1328 382 1357 dam
402 1326 581 1366 praefecere.
600 1344 640 1349 —
665 1328 711 1357 10.
730 1326 940 1361 Provinciales‚
963 1337 1030 1357 cae-

317 1376 454 1410 terosque
485 1371 639 1409 elegerunt
672 1371 841 1407 ministros,
877 1381 1028 1410 novosque

316 1420 505 1445 construxere
537 1420 707 1445 conventus.
738 1432 777 1437 —
813 1416 858 1444 11.
890 1415 1026 1445 Habitum

315 1464 477 1489 mutarunt.
492 1476 532 1482 —
547 1460 593 1497 12,
612 1460 658 1490 13.
684 1459 715 1489 111
734 1460 841 1489 multos
860 1460 928 1490 inde
947 1470 1029 1490 erro-

316 1514 364 1533 res
387 1504 462 1543 lapsi
489 1509 569 1534 sunt.
596 1521 635 1525 —
663 1505 709 1534 tt.
733 1504 810 1533 Duas
842 1505 956 1543 lingunt
976 1505 1030 1535 Ec-

316 1549 435 1578 clesias.
459 1566 498 1571 —
517 1549 562 1578 115.
586 1548 762 1579 Huiusmodi
780 1558 863 1579 error
885 1550 1027 1589 reproba-

316 1597 371 1622 tur.
394 1609 432 1615 —
455 1593 501 1630 16,
523 1594 570 1623 17.
594 1592 776 1628 Sacerdotes,
796 1598 910 1632 praeter
932 1595 1027 1634 ipsos,

314 1646 414 1666 carere
436 1636 574 1667 facultate
598 1638 823 1668 administrandi
843 1644 1026 1669 sacramenta

313 1686 512 1721 propugnant:
539 1682 589 1721 qui
618 1691 699 1712 error
730 1682 885 1712 refellitur.
917 1701 955 1705 —
980 1685 1027 1721 18,

314 1727 360 1755 19.
382 1725 499 1756 Tertius
520 1735 618 1756 error:
644 1728 841 1757 iuramentum
863 1738 876 1757 a
907 1734 1025 1767 peccato

312 1780 370 1799 non
389 1779 455 1800 esse
478 1772 657 1809 seiunctum,
675 1773 753 1811 quod
773 1773 972 1811 impugnatur.
987 1792 1026 1796 —

311 1815 358 1851 20,
379 1815 426 1844 21.
447 1815 575 1851 Quartus
603 1825 702 1846 error:
731 1819 898 1848 sacerdotes
914 1820 942 1848 in
959 1829 1027 1859 pec-

310 1865 374 1890 cato
406 1862 582 1890 constitutos
609 1871 667 1891 non
692 1872 778 1901 posse
810 1865 957 1894 conlicere
980 1865 1024 1894 vel

311 1905 445 1934 conferre
472 1911 667 1936 sacramenta.
689 1924 726 1928 ——
759 1907 806 1943 22,
829 1908 876 1938 23.
900 1908 1025 1944 Quintus

309 1965 405 1985 error:
431 1956 621 1996 Evangelinm
642 1959 672 1987 in
699 1968 731 1988 se
750 1960 829 1989 solus
853 1969 919 1990 esse
938 1970 1022 1990 coni-

311 2008 431 2046 pletum.
449 2025 488 2030 —
509 2009 556 2038 24.
578 2009 684 2038 Multos
708 2009 782 2039 alios
802 2015 952 2040 sectantur
974 2020 1023 2040 er-

310 2068 391 2088 rores
413 2064 441 2089 et
473 2060 651 2098 praedicant.
677 2077 716 2081 —
737 2060 784 2090 25.
813 2060 962 2090 llortatuni
993 2071 1024 2091 se

309 2108 442 2138 Pontifex
464 2109 504 2138 ait
536 2108 629 2139 fuisse
663 2110 782 2139 Siciliae
810 2119 923 2148 regem,
956 2111 1046 2141 illos*

310 2162 341 2186 ut
358 2158 540 2196 reprimeret,
558 2167 720 2197 eorumque
739 2160 943 2198 superioribus
968 2166 1025 2190 tra-

309 2207 391 2237 deret
417 2208 618 2245 corrigendos:
640 2225 679 2230 —
711 2208 757 2237 213.
787 2210 870 2244 Quod
898 2209 934 2239 ab
958 2210 1022 2248 ipso

310 2266 377 2295 rege
399 2257 589 2297 completum.
612 2275 652 2280 -—
679 2258 725 2287 ⁶27.
748 2258 793 2288 1111
821 2268 886 2288 vero
914 2259 943 2289 111
973 2260 1021 2289 di-

310 2315 392 2336 versa
418 2306 479 2336 loca
503 2307 697 2345 aufugerunt:
721 2324 759 2329 —
777 2308 823 2337 28.
842 2308 898 2338 14105
922 2309 1020 2348 itaque

310 2355 419 2394 ubique
437 2356 502 2394 capi
514 2357 700 2396 praecipitur,
712 2357 835 2397 suisque
848 2358 922 2388 tradi
933 2368 1021 2397 supe-

309 2405 436 2435 rioribus
456 2407 629 2445 puniendos:
647 2423 685 2429 —
703 2407 749 2437 20.
768 2407 810 2437 Ah
830 2408 926 2447 iisque
946 2408 1019 2439 facta

309 2455 404 2485 onmia
425 2460 453 2485 et
471 2461 580 2494 patrata
606 2462 769 2487 cassantur.
786 2475 825 2480 —
843 2459 889 2489 30.
908 2459 946 2488 De
963 2460 1018 2490 fide

310 2503 395 2533 etiam
419 2505 577 2534 examinari
601 2514 660 2540 eoS‚
684 2510 712 2535 et
734 2506 896 2545 culpabiles
920 2509 1018 2547 puniri

310 2554 475 2584 mandatur.
492 2570 530 2576 —-
546 2555 591 2585 31.
605 2554 755 2585 ludicibus
772 2560 871 2586 contra
888 2566 938 2587 eos
955 2566 1019 2595 pro-

310 2603 433 2633 cedendi
456 2603 593 2634 attributa
614 2604 747 2634 facultas.
765 2621 804 2627 —-
821 2605 869 2635 32.
893 2605 1019 2636 Obstan-

311 2652 382 2682 tium
406 2652 564 2691 derogatio.

1698 249 1763 282 ‘26¹

1072 321 1182 349 loannes
1201 319 1342 355 opiscopus
1358 326 1454 348 servus
1469 326 1609 349 sorvorum
1631 319 1686 352 Det.
1706 325 1818 348 venen·

1117 364 1215 393 bilibus
1234 363 1379 397 fratribus.
1410 365 1585 400 patriarchis.
1611 363 1819 400 archiepiscopts

1116 411 1146 439 et
1164 409 1306 445 episcopis
1325 416 1355 437 ac
1374 409 1482 438 dilectis
1500 410 1565 438 filiis
1584 409 1691 442 electis.
1705 410 1739 437 ad
1753 415 1818 445 quos

1115 454 1215 483 literae
1230 455 1301 483 istae
1320 455 1503 489 pervenerint.
1523 455 1642 484 salutem
1660 455 1689 484 ot
1708 455 1819 490 aposto-

1114 500 1195 528 licam
1216 498 1439 527 benedictionem.

1120 557 1296 594 Gloriosam
1336 557 1509 592 Ecclesiam
1552 570 1614 593 non
1650 557 1816 593 habentem

1072 608 1226 643 maculam
1250 616 1303 642 aut
1325 619 1452 654 rugam,
1480 620 1572 654 quam
1596 606 1742 643 Christus
1766 608 1817 642 di-

1072 659 1164 702 lexit,
1196 670 1250 705 pro
1282 670 1342 704 qua
1379 657 1583 704 semetipsum
1612 657 1761 701 tradidit,
1785 666 1818 691 ut

1072 709 1170 755 ipsam
1187 707 1407 747 sanctificaret,
1431 706 1588 740 mundans
1606 718 1673 741 eam
1697 706 1818 742 lavacro

1071 770 1168 805 aquae
1206 757 1235 791 in
1269 756 1362 791 verbo
1400 757 1503 796 vitae,
1539 755 1636 790 David
1668 756 1818 803 propheta

1071 808 1193 842 cunctis
1217 806 1383 854 praelatam
1409 805 1580 852 gentibus,
1602 806 1714 853 spiritu
1738 818 1818 841 reve-

1072 857 1153 892 lante
1179 857 1339 903 cognovit,
1365 865 1396 891 et
1421 854 1623 902 splendorem
1651 863 1751 890 tantae
1777 855 1819 890 di-

1071 906 1197 952 gnitatis
1227 905 1396 949 admirans,
1419 905 1502 940 illam
1530 904 1590 940 sub
1612 904 1819 940 similitudine

1072 956 1183 1002 regalis
1198 954 1312 1001 fastigii
1326 955 1550 990 demonstravit
1568 954 1690 990 dicens:
1714 955 1819 990 Astitit

1073 1006 1177 1051 regina
1200 1017 1214 1039 a
1248 1005 1364 1039 dextris
1387 1004 1448 1039 tuis
1470 1005 1499 1039 in
1523 1005 1637 1039 vestitu
1659 1003 1818 1044 deaurato,

1071 1055 1263 1090 circumdata
1280 1055 1438 1097 varietate,
1460 1054 1607 1088 nimirum
1624 1054 1688 1101 ipsa
1702 1053 1817 1089 Christi

1071 1117 1185 1151 sponsa
1209 1104 1294 1150 virgo
1316 1103 1413 1138 Mater
1435 1103 1588 1147 Ecclesia,
1610 1103 1682 1151 (11113
1705 1103 1818 1151 inclyto

1071 1154 1161 1200 capiti
1184 1167 1243 1188 suo
1269 1154 1406 1188 Domino
1438 1153 1508 1188 Iesu
1532 1153 1658 1188 Christo
1685 1153 1818 1188 inviola-

1072 1202 1142 1237 bilis
1164 1203 1235 1237 fidei
1266 1202 1388 1249 glutino
1415 1202 1592 1249 copulatur,
1618 1210 1648 1237 et
1673 1203 1741 1238 eius
1757 1202 1818 1237 im-

1073 1253 1158 1298 perio
1186 1265 1281 1298 prona
1304 1251 1484 1286 obeditione
1506 1251 1728 1292 substernitur,
1745 1264 1818 1286 cum

1070 1301 1126 1336 Illo
1146 1314 1242 1336 unum
1266 1301 1374 1336 effecta
1389 1309 1450 1336 tarn
1466 1301 1720 1349 incomparabilis
1734 1302 1821 1336 unio-

1072 1351 1138 1395 nis,
1165 1351 1277 1386 merito
1312 1350 1409 1385 rebus
1440 1351 1590 1385 omnibus
1624 1363 1711 1386 more
1733 1351 1819 1397 regio

1071 1401 1273 1447 principatur.
1307 1399 1396 1441 Quae
1435 1399 1511 1434 dum
1541 1400 1591 1447 pia
1636 1412 1672 1435 ac
1707 1400 1818 1435 devota

1070 1450 1222 1496 religione
1239 1458 1361 1484 terrena
1374 1449 1518 1496 despicit,
1530 1450 1677 1485 caelestia
1691 1450 1818 1497 appetit,

1070 1512 1163 1534 omne
1185 1500 1347 1534 sinistrum
1363 1511 1522 1546 premens,
1541 1512 1555 1534 a
1569 1499 1687 1534 dextris
1710 1500 1818 1547 sponsi

1069 1549 1203 1596 gloriosa
1233 1549 1391 1584 consistit:
1420 1556 1450 1583 ct
1472 1550 1546 1597 quia
1568 1549 1712 1596 geminae
1738 1549 1820 1585 cari-

1070 1600 1140 1634 tatis
1161 1599 1330 1646 splendore
1357 1598 1442 1633 0111111
1471 1611 1508 1635 ex
1531 1607 1618 1646 parte
1642 1599 1761 1639 rutilat,
1788 1599 1817 1633 in

1071 1649 1181 1683 vestitu
1220 1661 1315 1683 aureo
1348 1649 1441 1683 etiam
1469 1648 1619 1696 angelicis
1652 1648 1818 1694 spiritibus

1069 1698 1249 1733 admiranda
1274 1706 1430 1734 coruscat.
1453 1697 1553 1734 Cuius
1577 1698 1817 1733 inaestimabilis

1068 1748 1174 1793 decor,
1201 1748 1272 1795 quia
1296 1749 1379 1784 13110
1408 1748 1530 1783 vivendi
1551 1760 1679 1794 genere,
1707 1748 1737 1782 in
1757 1761 1815 1783 una

1069 1807 1171 1832 tamen
1198 1799 1324 1833 caritate
1352 1797 1515 1846 perficitur
1542 1798 1629 1846 quasi
1659 1798 1697 1833 de
1720 1799 1816 1833 vestis

1069 1848 1298 1895 pulcherrimae
1322 1849 1466 1884 varietate
1490 1849 1630 1883 laetatur.

1116 1898 1136 1944 ἓ
1160 1902 1189 1932 1.
1213 1897 1247 1932 Iu
1272 1898 1331 1933 boc
1350 1898 1444 1945 igitur
1467 1898 1654 1933 vestimento
1677 1906 1738 1933 tarn
1761 1898 1816 1932 mi-

1068 1948 1155 1982 rabili
1175 1949 1323 1983 varietate
1338 1948 1497 1989 distincto,
1509 1947 1667 1983 Minorum
1684 1947 1813 1983 fratrum

1046 2006 1047 2014 ¹
1067 2010 1155 2032 sacer
1176 1997 1265 2042 ordo,
1288 1998 1327 2032 ab
1342 1999 1411 2046 ipso
1428 2010 1502 2033 suae
1519 1998 1710 2032 fundationis
1723 2010 1814 2033 exor-

1066 2047 1129 2092 dio,
1156 2048 1229 2083 almi
1259 2048 1448 2083 confessoris
1470 2049 1506 2083 B.
1530 2047 1689 2083 Francisci
1720 2061 1815 2095 regu-

1066 2098 1118 2132 lari
1149 2098 1313 2133 traditione
1347 2107 1376 2133 et
1402 2098 1603 2145 Apostolicae
1634 2097 1726 2133 Sedis
1758 2110 1814 2132 au-

1065 2148 1206 2183 ctoritate
1238 2156 1332 2195 atque
1352 2148 1588 2183 confirmatione
1605 2147 1812 2182 indissolubili

1064 2198 1198 2245 quadani
1230 2206 1350 2233 textura
1385 2210 1569 2236 connexus,
1606 2196 1665 2231 fide
1688 2196 1812 2241 clarus,

1064 2260 1118 2294 spe
1144 2248 1284 2291 validus,
1306 2247 1433 2282 caritate
1455 2246 1613 2294 profusuS,
1637 2246 1813 2281 humilitate

1065 2298 1225 2344 placidus,
1253 2297 1434 2332 obeditione
1461 2297 1603 2336 devotus,
1632 2297 1714 2331 velut
1745 2297 1812 2331 sin-

1063 2348 1169 2392 gulare
1200 2347 1287 2382 iubar
1314 2347 1498 2386 sanctitatis,
1526 2346 1669 2393 exemplo
1695 2359 1730 2381 ac
1753 2347 1811 2381 do·-

1063 2398 1179 2433 ctrinae
1201 2397 1296 2432 verbo
1325 2408 1380 2443 per
1404 2396 1585 2431 universum
1609 2395 1715 2430 orbem
1750 2396 1810 2431 cla-

1064 2448 1134 2490 ruit,
1157 2455 1186 2482 et
1213 2446 1424 2481 ecclesiastico
1447 2446 1551 2481 decori
1572 2445 1706 2480 multum
1730 2446 1810 2480 utili-

1062 2498 1132 2532 tatis
1161 2505 1189 2532 et
1214 2496 1383 2543 plurimum
1412 2495 1543 2544 inclytae
1565 2495 1731 2530 alacritatis
1766 2496 1810 2530 in-

1062 2548 1154 2581 vexit.

1109 2598 1128 2643 g
1150 2599 1181 2630 2.
1211 2596 1326 2630 Verum
1346 2595 1416 2642 quia
1440 2594 1568 2630 humani
1590 2595 1714 2641 generis
1741 2594 1808 2629 1111-

1060 2646 1172 2687 micus,
1189 2645 1239 2680 ubi
1258 2646 1408 2680 virtutum
1431 2652 1555 2692 segetes
1583 2644 1710 2681 uberius
1725 2644 1808 2681 videt

1833 257 1883 283 An.
1897 258 1925 281 (ἶ.
1945 256 2012 282 ¹318

1860 569 1980 589 Pron-mmm

1844 1918 1934 1944 Elegiuni
1953 1922 2011 1940 ordi-

1829 1952 1862 1970 nis
1888 1949 2010 1971 francisca-

1830 1989 1911 2003 ΙΙΟΙῚΙΠΙ.
