2274 3265
136 252 184 278 An,
205 252 232 277 C.
253 253 318 278 1572

144 801 261 822 Pubtwnto
279 802 317 822 lia-

132 838 175 852 rum
201 833 316 853 literarum

162 1542 279 1563 clausulae,

943 247 1128 269 Gitssflonttts
1157 247 1189 268 xl
1220 247 1266 269 Pi.

333 316 396 339 non
414 304 541 350 scriptis
563 303 730 338 contrariis
745 302 1014 349 quibuscumque
1032 314 1086 348 pci

332 366 413 401 quae
439 361 547 388 contra
582 353 750 399 praemissa
775 351 819 386 vtl
848 364 956 386 eorum
982 351 1084 397 aliqua

332 417 386 438 seu
403 403 529 449 aliquod
548 411 677 448 possent
692 401 929 456 quomodolibet
945 413 977 435 se
992 400 1084 439 tueri,

331 466 410 500 quae
432 452 536 500 quoad
562 452 621 486 hoc
647 464 828 494 cassamus,
861 451 1019 485 irritamus
1050 461 1085 483 ac

331 503 473 538 tollimus
500 511 528 537 et
557 500 675 535 viribus
699 512 886 535 vacuamus:
913 512 967 534 eos
990 499 1084 533 insu—

333 565 408 598 per,
436 552 488 599 qui
518 551 698 585 huiusmodi
739 549 911 584 sententiis
939 561 1085 595 pernas

332 603 408 636 latas
441 600 654 643 incurrerint,
683 599 799 643 nullus,
827 599 886 633 nisi
924 598 1083 632 dumtaxat

332 651 495 686 Romanus
517 649 694 693 Pontifex‚·
689 648 849 683 absolvere
869 647 978 685 valeffiit
995 660 1085 694 prte-

332 710 473 746 tcrquam
503 700 532 733 in
554 698 662 733 mortis
684 698 814 732 articulo
835 697 1033 732 constitutos.

380 756 395 793 g
427 753 479 783 it.
509 748 549 783 [lt
564 756 669 783 autern
696 747 877 782 huiusmodi
900 747 996 781 nostri
1016 759 1084 793 pro-

331 812 440 833 tessus
473 798 510 832 ad
534 810 737 832 communem
769 797 912 831 omnium
942 796 1082 830 notitiam

330 848 539 887 deducantur
562 855 663 882 cartas
685 847 749 881 site
777 846 976 881 membranas
1005 858 1085 892 pro—

329 910 437 932 cessus
465 897 666 932 continentes
703 896 830 931 eosdem
868 896 995 930 maioris
1030 907 1077 929 cc-

330 947 446 981 clesiae
487 946 719 980 Avenionensis
753 946 889 993 appendi
927 945 972 979 vel
1002 944 1082 990 afligi

329 997 417 1030 ostiis
432 996 478 1030 vel
495 994 792 1042 superliminaribus
817 995 979 1034 faciemus,
1003 1007 1084 1041 quae

330 1058 496 1100 processus
534 1058 601 1091 ipso
636 1057 694 1079 suo
725 1044 813 1091 qnasi
843 1056 958 1078 sonoro
992 1056 1082 1098 piae-

329 1095 420 1130 conio
442 1103 471 1129 et
484 1095 601 1149 *patulo
625 1094 737 1129 inditio
761 1093 1083 1149 publicab11111711tit,

329 1157 409 1191 quos
433 1145 490 1191 ipsi
521 1156 689 1190 processus
726 1143 928 1188 contigerint
965 1142 1082 1176 nullam

330 1194 451 1240 possint
465 1193 702 1229 excusationem
720 1192 925 1239 praetendere
942 1192 1003 1226 iel
998 1203 1084 1237 igno-

330 1245 461 1277 rantiam
489 1243 637 1289 allegare,
661 1242 744 1288 quod
781 1241 817 1276 ad
841 1253 895 1275 eos
924 1253 986 1274 non
1012 1253 1084 1287 pcr-

330 1293 490 1335 x‘enerint,
518 1294 562 1327 vel
586 1291 671 1339 quod
696 1291 909 1336 ignoraverint
932 1290 1083 1330 eosdem;

329 1355 400 1376 cum
425 1354 487 1376 non
511 1342 551 1376 sit
575 1340 755 1381 verisimile,
775 1339 880 1387 quoad
904 1351 958 1374 eos
981 1351 1083 1374 rema-

329 1403 402 1425 nere
426 1391 622 1437 incognitum
647 1390 692 1423 vel
713 1390 888 1433 occultum⁷
915 1389 1000 1435 quod
1022 1397 1082 1422 tam

329 1448 472 1486 patenter
499 1440 648 1474 omnibus
678 1439 869 1486 publicatur.

376 1494 391 1533 ξ
408 1491 461 1523 1⁶2.
479 1488 565 1523 Nulli
581 1501 657 1535 ergo
668 1488 798 1523 omnino
810 1487 975 1522 hominum
993 1488 1083 1522 liceat

329 1540 409 1574 hauc
432 1538 579 1586 paginam
595 1547 722 1573 nostrae
738 1537 1083 1572 excommunicationis

327 1597 357 1623 et
378 1587 716 1628 anathematizationis,
745 1587 942 1630 cassationis,
978 1587 1083 1621 irrita-

327 1638 432 1679 tionis,
460 1638 685 1673 annullationis
707 1646 737 1672 et
761 1637 955 1672 vacuationis
978 1636 1084 1671 infrin-

328 1700 404 1733 gere
429 1695 484 1722 ecc.

376 1737 490 1772 Datum
514 1736 678 1771 Avenione
701 1736 730 1770 in
754 1735 867 1782 palatio
886 1743 992 1770 nostro
1012 1748 1084 1782 apo-

327 1786 450 1830 stolico,
467 1787 495 1820 in
511 1786 561 1820 die
577 1786 705 1820 Coenae
719 1785 860 1829 Domini,
882 1785 1083 1832 pontificatus

329 1836 425 1871 nostri
453 1848 537 1870 anno
565 1835 718 1870 secundo.

377 1889 438 1918 Dat.
456 1889 503 1919 die
526 1889 564 1918 ⁵25
582 1888 679 1918 martii
702 1888 788 1924 1372,
809 1892 888 1927 pont.
908 1897 985 1917 anno
1004 1897 1032 1918 11.

678 1997 759 2031 vlit.

327 2057 481 2090 Saraceni
502 2057 544 2089 ad
567 2057 766 2090 christianam
785 2057 875 2101 fidem
899 2057 1035 2089 conversi
1057 2064 1082 2089 el

375 2107 418 2139 ad
437 2118 541 2139 eornm
563 2114 673 2139 sectam
696 2107 861 2143 redeunte&
880 2113 905 2138 et
922 2106 1084 2139 christiani

376 2157 418 2188 ad
440 2157 524 2189 illam
543 2163 742 2199 transeuntes,
757 2167 919 2199 eorumque
934 2156 1081 2198 fautores,

377 2206 416 2238 ab
451 2206 686 2248 inquisitoribus
719 2206 884 2238 haereticae
918 2205 1082 2249 pravitatis

374 2262 560 2299 partiantur.

596 2310 809 2341 SUMMARlUM

329 2365 352 2394 1.
377 2365 451 2399 Quid
480 2374 600 2394 causam
632 2365 699 2393 huic
723 2364 924 2393 constitutioni
957 2364 1080 2393 dederit.

366 2421 405 2426 —
427 2405 455 2439 ⁶2,
477 2405 504 2434 3.
527 2404 645 2434 Sanctio
669 2406 715 2441 (de
734 2414 784 2443 qna
803 2405 829 2433 ιἰι
850 2405 983 2441 rubrica).

552 2471 699 2506 Gregorius
720 2471 791 2506 Papa
811 2471 856 2503 Xl,

417 2516 628 2551 inquisitoribus
655 2515 812 2544 haereticae
831 2516 991 2551 pravitatis.

375 2579 395 2625 g
423 2581 448 2612 l.
478 2578 661 2613 Admodum
687 2579 829 2613 dolenter
851 2579 1032 2614 audivimus
1053 2587 1082 2613 et

327 2640 492 2663 narramus
506 2628 589 2676 quod
614 2641 676 2663 nou
694 2629 795 2663 solum
819 2629 947 2676 quidam
970 2629 1008 2663 de
1029 2641 1079 2664 sa-

1758 237 1821 269 541

1128 302 1267 336 racenica
1304 301 1462 347 impietate
1497 301 1534 335 ad
1554 301 1754 335 christianam
1784 301 1876 336 iidem

1127 350 1270 385 conversi
1294 350 1331 384 ad
1356 350 1499 384 camdem
1522 358 1596 384 sunt
1620 350 1812 397 impietatem
1829 362 1878 385 rc-

1128 400 1235 443 versi,
1264 412 1371 434 verum
1403 400 1498 434 etiam
1531 400 1754 447 quamplurimi
1790 400 1878 434 chri-

1126 449 1229 488 stiani,
1249 450 1408 483 veritatem
1433 449 1504 484 fidei
1519 450 1726 495 abnegantes,
1748 461 1782 484 se
1795 449 1880 484 dam-

1128 499 1272 533 nabiliter
1295 498 1332 533 ad
1359 499 1577 543 Agarenorum
1595 499 1758 546 perfidiam
1777 507 1879 533 trans-

1128 549 1283 589 inter-nnn
1324 548 1407 595 quod
1449 556 1534 582 tanto
1571 549 1670 594 magis
1709 548 1878 595 reprobum

1127 598 1191 633 fore
1213 599 1429 644 cognoscitur,
1457 605 1575 644 quanto
1603 610 1639 631 cx
1665 597 1725 632 hoe
1760 596 1878 632 Christi

1127 660 1240 681 nomen
1285 647 1520 682 sanctissimum
1559 646 1693 694 quadam
1735 646 1878 682 familiari

1127 697 1297 732 hostilitate
1316 697 1460 732 securius
1483 696 1732 743 blasphematur.

1175 747 1195 794 S
1216 749 1250 780 ⁶2.
1277 746 1358 781 Cum
1379 755 1482 781 autem
1505 745 1579 780 huic
1600 745 1678 792 pesti
1705 745 1876 780 damnabili

1126 797 1273 842 congruis
1295 806 1323 831 et
1348 796 1469 830 festinis
1504 795 1613 829 deccat
1649 794 1797 830 remediis
1822 795 1880 829 ob-

1127 847 1220 886 viare,
1249 846 1442 880 universitati
1474 853 1594 880 vestrae
1620 857 1676 892 per
1706 844 1878 892 apostolica

1125 895 1239 942 scripta
1255 895 1622 942 mandamus,quatenus
1638 894 1715 928 infra
1729 894 1880 929 terminos

1127 944 1216 979 vobis
1238 946 1276 979 ad
1298 944 1521 992 inquirendum
1552 952 1660 978 contra
1693 943 1879 984 haereticos,

1125 995 1309 1029 auctoritate
1337 994 1432 1029 Sedis
1464 993 1665 1040 Apostolicae
1687 993 1880 1039 designatos,

1125 1056 1222 1091 super
1250 1044 1453 1090 praemissis.
1482 1052 1542 1078 tam
1580 1055 1635 1090 per
1667 1042 1879 1083 christianos,

1126 1106 1219 1140 quam
1243 1094 1337 1128 etiam
1364 1105 1419 1140 per
1440 1092 1615 1127 Saracenos
1639 1092 1719 1126 inter
1733 1092 1881 1127 christia-

1126 1155 1183 1177 nos
1211 1152 1381 1183 morantes,
1406 1142 1556 1189 inquisita
1585 1141 1754 1188 diligenter
1776 1150 1882 1180 etso-

1126 1192 1209 1226 licite
1245 1193 1394 1231 veritate,
1417 1199 1526 1226 contra
1556 1203 1680 1235 omues,
1702 1203 1782 1237 quos
1810 1191 1880 1225 talia

1126 1241 1311 1276 inveneritis
1338 1241 1492 1276 hacteuus
1517 1241 1717 1275 commisisse
1739 1248 1770 1275 et
1790 1252 1882 1275 com-

1127 1291 1252 1325 mittere
1277 1291 1307 1324 in
1332 1290 1486 1331 futurum,
1504 1297 1663 1336 tamquam
1687 1299 1796 1325 contra
1813 1290 1883 1324 hae-

1127 1341 1251 1380 reticos,
1275 1348 1382 1374 contra
1405 1340 1544 1374 fautores
1570 1339 1663 1373 etiam
1688 1347 1718 1373 ct
1738 1346 1882 1385 recepta-

1126 1397 1210 1424 tores
1225 1398 1254 1423 et
1269 1389 1453 1424 defensores
1465 1401 1588 1428 eorum,
1601 1396 1761 1435 tamquam
1773 1396 1882 1423 contra

1126 1438 1274 1477 fautores,
1303 1447 1515 1485 receptatores
1537 1445 1568 1472 et
1590 1437 1774 1472 defensores
1800 1437 1882 1472 hae-

1127 1489 1294 1523 reticorum
1321 1489 1493 1534 procedere
1520 1486 1682 1522 studeatis.

1174 1538 1194 1584 g
1217 1540 1248 1572 5.
1267 1538 1443 1573 Saracenos
1464 1549 1604 1584 quoque,
1620 1537 1674 1583 qui
1693 1536 1884 1571 christianos

1126 1588 1289 1634 utriusque
1312 1600 1406 1622 sexus
1428 1586 1466 1622 ad
1496 1586 1612 1621 dictam
1641 1598 1749 1621 eorum
1786 1585 1883 1632 perfi-

1125 1636 1208 1671 diam
1235 1636 1441 1683 perduxerint
1465 1644 1519 1671 aut
1542 1635 1725 1670 inveneritis
1747 1635 1786 1670 de
1810 1647 1883 1670 cae-

1126 1694 1191 1720 tero
1227 1686 1437 1726 inducentes,
1462 1697 1562 1733 poena
1589 1685 1694 1719 debita
1730 1684 1882 1731 puniatis,

1125 1735 1374 1770 contradictores
1409 1748 1465 1782 per
1492 1747 1658 1770 censuram
1681 1733 1882 1769 ecclesiasti-

1124 1797 1205 1824 cam,
1215 1785 1426 1831 appellatione
1437 1784 1624 1840 postposita,
1636 1783 1882 1830 compescendo,

1126 1835 1270 1869 invocato
1305 1834 1341 1868 ad
1366 1835 1445 1878 hoc,
1469 1834 1494 1868 si
1519 1846 1600 1882 opus
1623 1833 1737 1877 suerit,
1765 1833 1882 1867 auxilio

1126 1884 1243 1918 brachii
1268 1884 1449 1918 saecularis.

1174 1934 1246 1968 Dat.
1276 1933 1361 1981 apud
1388 1933 1617 1968 villamnovam
1652 1932 1883 1968 Avenionensis

1125 1984 1293 2028 dioecesis,
1316 1983 1408 2018 tertio
1438 1996 1536 2018 nonas
1568 1982 1711 2029 augusti,
1734 1994 1817 2016 anno
1845 1994 1880 2016 ιι.

1164 2042 1224 2071 Dat.
1244 2041 1291 2071 die
1307 2042 1325 2071 3
1344 2041 1463 2079 augusti
1482 2041 1567 2077 1372,
1590 2039 1695 2080 pontif.
1715 2048 1792 2070 anno
1812 2049 1842 2070 11.

1126 2229 1376 2266 Frati'cellorum,
1405 2228 1609 2261 Dulcinorum
1630 2234 1657 2260 el
1683 2228 1719 2260 de
1742 2226 1882 2271 Paupere

1179 2279 1248 2311 Vita
1267 2278 1486 2311 haereticorum
1513 2278 1624 2310 cineres
1652 2277 1684 2309 in
1706 2288 1798 2320 reqno
1825 2277 1880 2310 Si-

1173 2329 1262 2361 ciliae
1297 2328 1435 2367 colenles,
1459 2328 1558 2372 eisque
1585 2327 1704 2360 altaria
1730 2337 1797 2359 cum
1828 2326 1880 2359 lu·—

1173 2378 1344 2410 minat-ibus
1375 2378 1541 2421 erigentes,
1573 2376 1880 2420 antn'versariamque

1172 2428 1253 2460 diem
1291 2427 1389 2459 obitus
1423 2427 1597 2460 eorumdem
1627 2426 1807 2458 celebrantes
1834 2426 1880 2458 vel

1172 2478 1254 2510 alias
1277 2477 1318 2509 acl
1346 2477 1472 2514 cultum,
1500 2477 1612 2519 absque
1634 2475 1722 2509 Sedis
1744 2475 1879 2519 Aposto-

1173 2527 1249 2559 lt'cae
1272 2526 1406 2564 licentia,
1428 2526 1616 2565 extollentes,
1630 2523 1801 2569 puniendos
1821 2535 1880 2557 esse

1172 2577 1310 2609 sancitur
1335 2577 1389 2617 (l).

1158 2642 1197 2676 (t)
1219 2641 1255 2667 Ex
1275 2641 1377 2676 Regest.
1407 2641 1430 2667 in
1451 2640 1558 2667 Archiv.
1583 2639 1665 2667 Vatic.
1687 2642 1713 2667 et.
1729 2637 1876 2675 Raynaldo.

1894 246 1944 271 An
1965 244 1992 269 C.
2011 244 2076 271 ¹572

1906 310 1944 337 Qu
1931 312 1958 331 nul
1993 317 2030 330 ran
2035 317 2076 330 ‘am

1893 342 1940 362 hair
1973 348 2011 361 cno
2001 344 2078 363 unitu-

1892 374 1944 393 ttoni
1961 374 2013 394 dede
2003 377 2051 393 erin

1896 752 1982 771 Sanctio
1995 753 2028 771 ‘de
2040 758 2078 777 qua

1893 783 1914 802 in
1930 783 2032 803 rubrira‘.
