2274 3265
459 264 527 296 758
1006 276 1191 299 nummum
1221 276 1382 299 nonnum

407 329 618 363 Ecclesiastici
641 341 655 362 a
680 329 766 362 laicis
789 328 974 363 officialibus
998 330 1100 365 hauno
1129 343 1190 372 non
1215 339 1289 365 sunt
1311 331 1513 377 supponendi
1530 359 1538 375 ‚
1567 334 1637 366 588
1664 345 1695 367 α.
1718 333 1821 375 Quam
1841 335 1880 369 sit
1902 348 1955 370 re·
1983 336 1986 339 ’

506 377 727 423 prehensibilis
750 377 778 411 in
805 377 865 411 illis
892 379 957 424 ipsa
981 379 1052 413 mali
1075 380 1209 426 species,
1234 382 1304 413 589
1331 393 1360 414 α.
1386 380 1434 414 Ad
1463 380 1566 415 sorum
1589 381 1751 416 saeculare
1783 395 1846 417 non
1880 393 1955 418 sunt

507 425 664 469 trahendi,
690 428 758 460 728
780 439 810 460 α.

406 474 575 509 Eduardus
598 474 730 520 Angliac
754 487 815 509 rex.
841 475 975 509 lndictio
999 477 1196 512 induciarum
1228 478 1310 512 inter
1338 478 1441 524 ipsum
1462 486 1492 513 et
1515 479 1640 513 Scotiae
1659 491 1778 526 regem,
1801 483 1867 515 211
1900 495 1930 516 α.

404 523 580 558 Electensis
606 524 811 571 episcopatus
837 524 980 570 erigitur,
1008 528 1079 560 268
1101 540 1132 561 α.

404 572 564 608 Elzearius
587 573 647 616 (B.)
671 581 778 608 comes
801 573 995 608 Arianensis.
1024 574 1173 610 Miracula
1188 574 1225 609 ad
1242 576 1309 610 eius
1325 576 1481 610 tumulum
1499 584 1636 623 patrata,
1653 579 1724 612 500
1738 590 1768 612 a.
1784 578 1954 627 Episcopis

503 621 763 668 Carpentoraten.
783 631 815 656 et
838 622 962 657 Uticen.
985 636 1021 658 ac
1035 624 1139 659 abbati
1164 625 1344 660 monasterii
1361 625 1394 660 S.
1419 625 1503 665 Ruti,
1533 638 1630 673 prope
1647 625 1823 662 Valentiam
1848 628 1954 676 inqui-

504 671 577 705 sitio
603 672 810 706 committitur
832 671 871 705 dc
895 672 955 711 liis,
978 674 1053 707 ibid.
1081 675 1108 707 b.
1132 673 1182 708 Ss.
1211 674 1430 709 consessorum
1453 675 1565 709 canoni
1601 675 1802 716 adscribitur,
1825 679 1896 712 529
1923 680 1951 712 b.

404 720 462 754 Era
494 720 537 754 vel
562 720 637 755 AEra
662 720 737 767 quid
762 720 811 756 sit.
845 722 876 754 V.
900 721 988 755 [Era.

403 769 613 804 Eremitarum
636 769 670 803 S.
700 769 867 815 Augustini
891 769 990 805 Ordo.
1013 771 1115 817 Prope
1137 772 1206 806 cius
1228 771 1387 807 Ecclesias
1409 781 1439 807 et
1455 781 1631 809 conventus
1659 787 1720 809 non
1746 783 1877 822 possunt
1898 776 1951 811 alii

501 818 638 864 religiosi
667 819 885 854 Mendicantes
907 831 984 853 nova
999 819 1066 855 loca
1083 820 1249 855 aedilicare
1267 822 1346 856 infra
1362 823 1498 868 spatium
1522 836 1693 858 cannarum
1721 827 1800 865 140,
1835 828 1901 859 127
1919 839 1948 860 α.

502 867 604 902 Huius
626 867 757 902 Ordinis
784 868 893 902 fratres
915 880 978 902 non
1003 879 1136 916 possunt
1159 870 1188 903 in
1213 870 1316 905 officio
1341 872 1584 918 provincialatus
1612 873 1719 920 reeligi
1744 887 1802 909 nec
1832 875 1951 910 confir·

502 917 591 955 mari,
613 916 743 951 biennio
770 917 816 951 vel
841 917 977 952 triennio
1003 919 1174 966 completo,
1198 932 1255 954 noc
1281 920 1319 954 ad
1348 933 1456 956 eorum
1482 921 1573 956 vitam
1597 922 1627 957 in
1656 922 1725 970 ipso
1759 936 1922 960 remanere
1943 952 1951 969 ,

500 966 571 999 689
594 978 624 999 α.

401 1013 611 1048 Eremitarum
635 1014 668 1049 S.
692 1014 874 1062 Hieronymi
898 1015 986 1050 Ordo
1013 1017 1230 1062 confirmatur,
1259 1021 1331 1054 655
1353 1032 1382 1054 α.

401 1061 582 1097 Estensium
607 1063 652 1097 vis
674 1072 781 1098 contra
809 1063 1040 1109 Ferrarienses,
1069 1068 1141 1101 205
1162 1080 1193 1101 α.

401 1111 618 1147 Eucharistiae
644 1112 884 1148 Sacramentum
914 1114 975 1148 sub
997 1127 1059 1150 una
1088 1123 1208 1150 tantum
1236 1117 1342 1163 specie
1365 1117 1453 1153 laicis
1476 1119 1732 1164 ministrandum,
1762 1122 1832 1154 726
1854 1133 1884 1154 α.

399 1159 605 1208 Evangelium
633 1161 784 1197 diffusum
809 1175 863 1209 per
885 1163 994 1199 orbem
1021 1164 1061 1199 ab
1088 1164 1263 1212 Apostolis,
1286 1169 1357 1201 617
1380 1169 1408 1201 b.

1150 1268 1186 1308 F

400 1361 542 1397 Ferraria
565 1362 681 1397 multas
703 1375 850 1409 perpessa
878 1363 1073 1398 calamitates
1094 1363 1153 1398 suh
1177 1363 1406 1409 Longobardis,
1435 1368 1499 1400 197
1523 1379 1553 1401 a.
1578 1367 1603 1401 Α
1626 1367 1740 1402 Carolo
1768 1366 1882 1414 Magno
1913 1368 1950 1403 ad

500 1410 660 1446 Ecclesiae
682 1411 858 1446 dominium
888 1411 1054 1456 vindicata,
1082 1414 1155 1447 ibid.
1181 1426 1200 1446 a
1222 1421 1251 1447 et
1274 1415 1302 1447 b.
1330 1414 1422 1449 Sedis
1444 1416 1646 1461 Apostolicae
1668 1415 1706 1450 de
1724 1416 1834 1451 eadem
1859 1418 1950 1452 solli-

499 1460 619 1504 citudo,
650 1462 724 1495 ibid.
748 1463 775 1495 b.
793 1461 839 1495 De
862 1461 1054 1496 Venetorum
1086 1462 1247 1509 tyrannide
1270 1462 1411 1507 liberata,
1439 1466 1511 1498 ibid.
1544 1466 1620 1500 Eius
1642 1466 1726 1499 cives
1742 1478 1798 1512 per
1811 1469 1949 1502 nuncios

501 1510 612 1555 Apost.
635 1509 729 1545 Sedis
750 1509 927 1545 dominium
953 1511 1150 1558 profitemur,
1179 1514 1245 1545 198
1267 1525 1296 1545 a.
1321 1512 1434 1547 Nuncii
1459 1526 1569 1548 eorum
1593 1514 1698 1561 Papae
1732 1515 1948 1551 iuramentum

501 1558 657 1593 fidelitatis
680 1567 848 1606 praestant,
871 1561 945 1594 ibid.
965 1560 1056 1594 Rom.
1078 1560 1238 1595 Ecclesiae
1256 1560 1401 1596 subditos
1423 1563 1462 1596 ab
1481 1563 1723 1598 immemorabili
1741 1576 1774 1598 sc
1791 1564 1951 1604 fatentur,

505 1609 570 1641 199
584 1610 611 1641 b.
633 1607 674 1641 Se
696 1620 815 1655 suaque
838 1609 931 1643 Rom.
954 1609 1118 1643 Ecclesiae
1135 1610 1280 1648 offerunt,
1304 1612 1375 1644 204
1389 1613 1416 1645 b.
1439 1611 1592 1647 Clemens
1609 1612 1636 1645 V
1652 1611 1715 1646 PP.
1739 1625 1850 1648 eorum
1868 1614 1948 1648 civi-

499 1656 570 1690 tatis
592 1656 770 1691 dominium
800 1657 920 1704 recipit,
952 1658 1072 1693 adiecta
1089 1658 1169 1704 lege,
1200 1668 1231 1692 nt
1256 1672 1428 1706 numquam
1458 1673 1473 1695 a
1497 1660 1659 1696 Romanae
1690 1661 1852 1697 Ecclesiae
1884 1663 1950 1697 iure

497 1705 662 1744 alienetur,
686 1708 757 1740 205
776 1707 804 1740 b.
827 1706 941 1741 Vicarii
965 1707 1002 1741 ad
1026 1719 1094 1741 eam
1118 1708 1357 1753 gubernandam
1381 1708 1546 1756 delegandi
1573 1723 1703 1754 muuuS,
1725 1713 1797 1746 206
1821 1724 1852 1746 α.
1878 1711 1952 1746 Sta-

500 1762 576 1794 tuta‚
597 1756 671 1789 ibid.
687 1757 715 1789 b.
733 1755 853 1800 Militia,
867 1758 937 1790 208
959 1769 989 1790 a.
1010 1756 1181 1802 Officiales,
1199 1759 1270 1792 209
1294 1770 1323 1791 a.
1347 1757 1515 1795 Potestatis
1536 1759 1714 1795 iurisdictio
1732 1761 1849 1808 qualis,
1874 1763 1949 1796 ibid.

399 1802 611 1839 Ferrariensis
633 1803 805 1839 Academia
829 1805 971 1851 erigitur,
999 1807 1071 1840 610
1093 1807 1122 1840 b.

401 1851 591 1887 Feudatarii.
621 1854 655 1888 V.
684 1853 801 1888 Vicarii
822 1863 852 1889 et
879 1854 1056 1889 feudatarii.

400 1899 486 1935 Fidei
512 1902 635 1937 veritas.
670 1904 703 1937 V.
731 1902 886 1939 Doctores
914 1904 1049 1939 Sanctae
1076 1904 1250 1940 Ecclesiae.

400 1949 564 1986 Fidelibus
590 1951 713 1987 diversa
736 1952 817 1988 dona
840 1953 989 1988 coelestia
1017 1954 1100 1999 data,
1122 1955 1193 1989 617
1218 1967 1248 1988 α.

401 1998 518 2035 Fidelis
546 2000 664 2036 infideli
689 2003 962 2038 matrimonialiter
990 2015 1053 2038 non
1082 2004 1262 2051 copuletur,
1286 2007 1356 2039 492
1380 2018 1410 2040 α.

401 2047 494 2084 Fides
515 2050 698 2086 confirmata
720 2064 735 2086 a
765 2052 966 2099 martyribus.
996 2054 1034 2087 V.
1061 2053 1226 2101 Martyres.

401 2096 546 2133 Firmana
574 2100 744 2135 Academia
768 2101 942 2137 instituitur
963 2111 993 2137 et
1018 2102 1190 2149 privilegiis
1212 2112 1354 2144 ornatur.
1382 2107 1447 2140 157
1476 2118 1506 2140 α.

400 2146 495 2182 Floro
518 2147 576 2192 (de
596 2148 650 2193 S.)
679 2151 837 2197 prioratus
860 2152 890 2185 in
914 2151 1127 2187 cathedralem
1151 2152 1296 2198 erigitur,
1320 2156 1390 2188 244
1415 2168 1444 2189 α.

402 2195 572 2232 Forcatura
596 2198 671 2245 quid
693 2200 744 2239 sit,
772 2202 843 2235 446
864 2213 894 2235 α.
928 2203 965 2235 V.
990 2209 1054 2236 not.
1078 2201 1115 2236 ad
1144 2201 1261 2236 calcem
1285 2202 1402 2238 colum.
1432 2203 1532 2239 eiusd.

400 2245 609 2281 Forisl'actura
633 2248 708 2294 quid
737 2249 786 2290 sit,
813 2251 883 2284 608
905 2252 934 2285 b.
964 2252 997 2284 V.
1026 2258 1132 2286 notam
1160 2251 1199 2286 ad
1223 2251 1339 2287 calcem
1364 2253 1469 2288 colum
1493 2253 1593 2288 eiusd.

400 2294 566 2331 Forratura
589 2297 665 2343 quid
688 2298 744 2337 sit,
767 2301 838 2333 446
865 2312 894 2334 α.
930 2301 964 2334 V.
988 2308 1093 2335 notam
1116 2300 1155 2335 ad
1179 2300 1296 2336 calcem
1325 2302 1441 2337 colum.
1471 2303 1571 2338 eiusd.

400 2343 657 2382 Fortisventurae
683 2348 887 2394 episcopatus
910 2349 939 2383 in
964 2349 1075 2384 insulis
1097 2349 1241 2385 Canariis
1263 2351 1407 2398 erigitur,
1435 2355 1500 2387 701
1528 2365 1558 2387 α.

400 2393 592 2430 Fortunatae
615 2395 748 2431 insulae.
784 2399 814 2431 V.
838 2397 1023 2434 Ludovicus
1041 2399 1080 2433 de
1107 2399 1271 2446 Hispania.

400 2442 683 2479 Franciscanorum
706 2445 838 2481 Ordinis
860 2447 1014 2494 elogium⁷
1036 2450 1102 2482 261
1131 2450 1159 2482 h.

401 2491 560 2528 Francisci
583 2493 643 2537 (Β.)
665 2495 769 2530 Tertia
792 2496 925 2543 Regula.
956 2499 989 2531 V.
1013 2497 1116 2532 Tertia
1140 2497 1271 2544 Regula⁷
1299 2508 1352 2534 ecc.

401 2540 560 2577 Fratellini
583 2556 638 2578 seu
667 2543 838 2583 Fraticelli,
867 2546 991 2581 Fratres
1017 2546 1208 2592 Spirituales
1234 2548 1416 2591 (tmen-enci>
1440 2550 1645 2592 damnantur,
1670 2553 1737 2586 154
1761 2554 1790 2592 b,
1825 2554 1895 2587 '58⁷
1918 2565 1949 2586 α.

501 2591 619 2627 Eorum
638 2602 721 2628 secta
743 2595 859 2640 qualis,
881 2597 945 2630 261
976 2609 1006 2630 α.
1032 2596 1218 2637 Damnatur,
1235 2599 1308 2632 ibid.
1333 2599 1497 2635 Orientem
1513 2600 1580 2636 suis
1595 2601 1741 2636 inficiunt
1756 2601 1953 2642 haeresibus,

502 2643 571 2676 310
595 2643 622 2676 b.
651 2642 768 2678 Eorum
792 2645 916 2680 cineres
943 2645 1047 2681 colere
1070 2653 1203 2692 vetatur,
1231 2649 1294 2681 541
1324 2650 1352 2682 b.
