2274 3265
192 261 230 286 An
260 259 278 285 C
308 260 370 284 tw?

220 375 281 397 ψυι
286 374 311 389 ιιι
316 374 355 390 lom

192 386 254 426 telier
251 405 295 420 nter
314 404 355 419 aust

191 436 225 452 Νι

207 1054 218 1073 ι’,
230 1062 233 1073 1
244 1069 254 1073 ,,
265 1053 277 1073 Ξι
307 1061 314 1072 ιι
323 1060 341 1073 ‘t

195 1089 267 1104 rantra
326 1090 348 1104 tr

195 1117 303 1136 ‹cre.1:i÷.x
320 1122 330 1141 ρ

195 1153 223 1167 ‘ee
241 1153 276 1167 ιι*
296 1151 308 1162 ¹*

446 250 509 281 118

437 316 457 360 ᾗ
481 317 510 346 7
534 312 681 359 Cumque
708 312 746 347 ad
782 321 885 360 partes
920 314 988 349 illas
1019 315 1138 361 ingenti

389 361 606 397 circumfultus
630 362 768 408 potentia
792 364 996 409 pervenisset,
1024 373 1053 398 et
1080 364 1137 398 ha-

361 407 453 446 'bito
470 412 507 445 de
530 411 662 446 οιιιιιιιι5·
686 411 847 446 Damiatae
870 414 1013 460 captione
1034 414 1140 447 trium—

390 462 463 508 pho,
494 461 697 508 processisset
722 462 863 502 ulterius,
886 463 1022 508 generali
1051 464 1138 509 quasi

390 511 484 545 totius
511 510 651 545 eiusdem
686 511 862 552 exereitus,
899 511 980 546 sicut
1002 512 1140 547 Domino

390 561 522 606 placuit,
550 559 746 605 aegritudine
779 560 967 603 subsecuta,
1006 571 1036 596 et
1071 560 1141 596 aliis

389 610 526 645 adversis
562 608 767 655 urgentibus,
803 610 959 657 praefatus
989 623 1041 644 rex
1068 622 1139 644 cum

390 667 453 694 toto
481 658 544 693 sere
568 658 706 692 exercitu
735 659 918 706 supradicto
945 660 974 693 in
1002 659 1040 693 N.
1069 659 1141 693 Sol-

389 709 460 743 dan'r
495 717 524 742 et
550 707 779 742 Saracenorum
818 720 929 742 :nanus
964 721 998 742 ac
1026 716 1136 754 poten-

391 759 463 792 tiam
488 757 613 797 inridit,
638 758 733 790 multa
763 757 941 803 opprobria,
966 758 1141 804 multasque

395 806 535 845 iniurias,
560 818 640 853 quae
663 805 864 840 inferentium
894 805 982 839 foeda
1005 806 1143 841 conditio

391 855 574 902 adaugebat,
598 855 753 902 patienter
776 863 804 889 et
822 855 982 889 humiliter
1011 855 1143 890 toleran-

391 906 449 945 do,
486 904 623 950 praelato
661 904 800 938 Roberto
841 904 956 938 comite
996 916 1053 951 pro
1082 904 1142 938 lide

391 953 508 988 Christi
536 952 574 988 ab
598 952 658 987 illis
682 953 860 987 immaniter
893 954 1092 1000 interempto.

441 1002 461 1049 ἓ
494 1005 526 1036 8.
561 1001 768 1036 Postmodum
805 1010 908 1036 autem
938 1002 1044 1036 habito
1071 1015 1143 1037 eum

392 1052 531 1087 Soldano
566 1059 640 1086 tunc
680 1052 802 1086 virente
842 1059 971 1085 tractatu
1008 1052 1047 1086 de
1085 1052 1144 1086 iam

334 1122 343 1134 ι
368 1126 374 1129 -
394 1101 484 1135 dictis
509 1112 580 1145 rege
603 1109 632 1135 et
648 1101 784 1135 exercitu
802 1100 990 1141 liberandis
1011 1101 1144 1135 maxima

395 1151 623 1185 interieniente
661 1152 813 1197 pecuniae
847 1151 1033 1197 quantitate
1062 1150 1146 1197 ipso-

394 1212 454 1246 que
476 1198 618 1234 Soldano
642 1212 807 1234 orrasroue
831 1199 1012 1234 huiusmodi
1037 1212 1053 1234 a
1078 1213 1146 1234 vas-

395 1248 479 1284 allis
515 1249 652 1296 propriis
689 1248 871 1292 interfecto,
907 1248 1056 1284 Saraceni
1093 1250 1145 1296 qui

394 1299 463 1333 eius
486 1298 662 1332 dominium
693 1306 892 1345 usurparant
915 1298 951 1333 ad
982 1299 1146 1353 pecuniam

395 1347 577 1382 anhelantes
605 1347 761 1391 eamdem,
783 1360 855 1382 cum
880 1348 975 1382 multa
1004 1348 1147 1382 instantia

397 1396 607 1443 postulabant,
631 1404 665 1431 ut
688 1397 718 1431 in
734 1397 998 1431 conventionibus
1021 1397 1148 1431 ordina-

396 1447 434 1480 tis
462 1445 660 1481 concorditer·
689 1446 769 1480 iuter
806 1454 909 1492 partes
946 1446 1149 1481 iureiurando

398 1495 559 1530 firmandis
582 1494 762 1535 adderetur,
786 1495 870 1542 quod
895 1495 953 1529 nisi
978 1496 1035 1542 ipsi
1062 1505 1149 1542 pacta

397 1552 568 1584 servarent,
600 1545 730 1580 omnino
752 1544 1019 1584 Machoniettum,
1054 1557 1149 1591 quem

397 1594 515 1632 colunt,
541 1603 573 1628 ut
603 1593 734 1635 dicitur,
768 1593 972 1640 denegarent,
1001 1606 1036 1628 ac
1067 1594 1149 1628 idem

399 1655 451 1677 rex
481 1644 509 1676 in
533 1656 592 1677 suo
625 1643 767 1677 similiter
791 1643 938 1678 adiiceret
962 1643 1150 1686 iuramento,

397 1691 482 1739 quod
499 1701 527 1726 et
553 1693 620 1746 ipse
642 1691 698 1726 Dei
724 1701 849 1738 negaret
865 1691 997 1734 Filium,
1019 1705 1054 1727 ac
1068 1700 1151 1728 extra

400 1741 491 1775 fidem
533 1754 601 1776 erus
644 1742 812 1785 existeret,
859 1742 882 1775 si
927 1743 1153 1777 conventiones

401 1789 578 1837 praedictae
619 1790 657 1825 ab
698 1804 734 1825 eo
773 1770 902 1826 minime
940 1799 1151 1827 serrzzrrentur

399 1839 491 1882 Quod
521 1840 677 1887 praelatus
701 1854 753 1876 rex
777 1853 904 1888 prorsus
932 1841 1153 1886 abhominaris,

401 1891 430 1925 ιι]
454 1890 574 1926 efficere
598 1892 851 1926 constantissime
875 1893 1029 1927 recusavit
1045 1920 1052 1932 ,
1075 1893 1152 1939 quin

400 1943 503 1988 potius
545 1942 678 1988 quadarn
719 1941 933 1987 indignatione
977 1951 1155 1977 commotus

401 2000 540 2037 patenter
577 1993 727 2037 asseruit,
768 1992 852 2039 quod
888 1992 958 2027 talia
997 2001 1057 2027 tam
1097 2006 1153 2028 ue—

401 2042 491 2077 fanda
520 2043 585 2077 suis
609 2042 698 2076 labiis
720 2041 920 2089 aliquatenus
940 2055 1002 2077 non
1032 2043 1155 2090 profer-

401 2101 457 2132 iet
486 2104 589 2139 neque
615 2092 643 2126 in
669 2101 729 2126 tam
759 2104 904 2126 vesanam
931 2100 960 2127 et
990 2092 1152 2139 reprobam

401 2150 619 2197 prorumperet
658 2142 854 2188 ungatiram:
895 2155 1086 2189 quamqurm
1124 2142 1152 2176 id

400 2191 426 2225 ei
451 2192 510 2225 iam
535 2191 607 2225 dieti
633 2190 789 2226 picturiae
816 2199 846 2225 et
874 2191 1075 2246 Audegariae
1098 2205 1154 2227 co-

401 2242 493 2275 mites
522 2240 635 2286 aliique
661 2249 735 2275 tuuc
763 2240 890 2287 plurimi
915 2241 1156 2277 circumstantes

401 2290 624 2325 instantissime
651 2290 831 2329 suaderent,
861 2303 930 2325 cuni
959 2291 1072 2326 exinde
1095 2290 1153 2325 sibi

401 2341 596 2386 eaeterisque
625 2339 825 2375 Christicolis
847 2341 956 2375 mortis
979 2340 1153 2388 periculum

403 2389 615 2425 rerisirnilitcr
633 2390 798 2424 imminere
818 2390 1047 2437 conspicerent.
1072 2403 1157 2438 prae—

402 2439 506 2474 sertim
540 2453 610 2475 cum
643 2440 702 2474 hoe
725 2448 871 2486 ageretur
894 2453 966 2475 cum
995 2439 1066 2481 illis,
1091 2440 1155 2487 qui,

402 2490 483 2523 sicut
511 2489 733 2545 praemittitur,
758 2488 930 2525 Soldauum
960 2489 1154 2537 praedictum

402 2538 601 2582 occiderant,
629 2539 697 2574 eius
721 2539 781 2574 sibi
804 2539 981 2574 dominium
1007 2551 1155 2585 usurpan-

405 2596 462 2628 tes,
487 2588 609 2642 ipsique
633 2589 695 2636 regi
720 2589 855 2636 apertius
870 2589 1039 2633 diceretur,
1073 2588 1155 2636 quod

406 2637 463 2671 nisi
490 2650 517 2669 ιιι
541 2646 642 2671 actum
665 2638 866 2685 perduceret
891 2638 973 2685 qnod
998 2638 1156 2685 petebant,

967 260 1155 283 nummum
1184 260 1252 282 lton
1257 260 1346 283 ANUM

1182 315 1284 370 ipsum
1308 323 1339 349 et
1359 326 1435 349 suos
1457 315 1641 361 crucifigere
1668 327 1730 351 non
1753 316 1931 357 differrenr;

1182 364 1280 410 ipsius
1316 364 1398 411 regis
1431 363 1468 398 ad
1502 363 1561 399 hoc
1593 364 1746 419 intrepida
1781 365 1932 414 firmaque

1183 413 1389 468 responsione
1430 421 1555 449 secuta:
1595 414 1678 461 quod
1717 427 1742 449 st
1782 414 1932 451 Saraceni

1184 462 1331 508 praedicti
1359 463 1427 498 eius
1461 475 1576 509 corpus
1603 462 1803 505 occiderent,
1835 465 1935 512 ipsius

1184 519 1285 546 tamen
1312 512 1447 547 animam
1485 525 1546 547 nou
1574 512 1736 548 haberent.

1231 561 1251 607 g
1272 563 1306 596 9.
1325 560 1410 597 Sane
1432 573 1504 597 cum
1529 562 1587 597 iarn
1608 561 1683 597 dicti
1705 562 1840 609 passagii
1860 570 1936 598 tenr-

1185 622 1277 656 μοι-,ιι
1314 619 1383 658 post
1405 611 1571 646 conflictus
1598 611 1740 647 dirersos
1767 620 1795 647 et
1821 613 1935 655 varios,

1185 659 1303 694 validae
1327 660 1417 694 famis
1446 661 1596 702 inediam,
1631 673 1740 705 graves
1777 661 1936 708 penurias,

1185 707 1315 755 diraque
1339 709 1479 749 vulnera
1501 722 1581 757 quae
1604 710 1714 745 fideles
1732 710 1850 745 Christi
1870 723 1937 757 per—

1185 757 1338 797 tuler,ant
1366 757 1477 792 eodem
1502 771 1574 805 rege
1597 767 1673 794 tunc
1697 760 1852 814 temporis
1874 759 1938 794 ssu-

1186 818 1258 840 xum
1283 807 1400 842 ventris
1418 816 1447 842 et
1468 808 1681 853 aegritudines
1696 809 1772 843 alias
1790 808 1936 855 patiente,

1186 854 1375 890 christianus
1397 864 1604 892 reverteretur
1627 857 1783 893 exercitus
1809 858 1938 893 Damia-

1187 912 1266 944 tam,
1299 917 1351 939 rex
1376 905 1442 951 ipse
1469 905 1609 940 nolens
1603 919 1706 953 ipsum
1729 907 1860 942 omnino
1882 908 1939 942 de-

1187 965 1309 994 serere,
1338 953 1392 988 sed
1416 953 1484 989 eius
1512 955 1615 1000 potius
1641 956 1812 991 clementer
1835 957 1940 992 inten-

1187 1002 1267 1037 dens
1302 1004 1538 1038 communicare
1574 1003 1735 1040 laboribus
1757 1013 1787 1040 et
1816 1006 1939 1053 partici-

1190 1064 1262 1098 pare
1298 1051 1468 1099 periculis,
1500 1066 1581 1100 quae
1610 1060 1685 1088 tunc
1719 1066 1757 1089 ex
1781 1055 1939 1090 verisimili

1191 1108 1333 1147 poterant
1371 1101 1552 1137 coniectura
1587 1102 1707 1146 timeri,
1742 1103 1815 1138 illuc
1850 1104 1942 1139 rediit

1188 1164 1260 1185 cum
1284 1151 1408 1195 eodem,
1439 1160 1546 1186 contra
1569 1151 1800 1187 Saracenorum
1824 1153 1940 1188 rabiem

1190 1200 1400 1235 truculentam
1430 1200 1632 1248 insultusque
1654 1201 1792 1237 nefarios
1814 1202 1874 1237 sibi
1903 1202 1948 1236 ef-

1191 1248 1268 1283 ficax
1291 1249 1484 1285 defensionis
1507 1250 1720 1297 impendendo
1743 1251 1947 1298 praesidium,

1193 1306 1224 1332 ut.
1244 1299 1284 1333 ab
1312 1299 1496 1334 huiusmodi
1525 1299 1665 1334 hostium
1695 1300 1839 1336 scelestis
1869 1302 1948 1336 insi-

1191 1347 1250 1382 diis
1272 1356 1461 1384 servaretur.
1489 1348 1527 1383 Et
1558 1349 1685 1384 tandem
1720 1361 1792 1384 curn
1815 1349 1948 1386 Sarace-

1193 1410 1304 1432 norum
1329 1398 1467 1444 ipsorum
1492 1406 1593 1433 astuta
1626 1399 1764 1446 nequitia
1787 1407 1817 1434 et
1840 1399 1947 1434 dolosa

1192 1446 1363 1491 calliditas,
1399 1456 1460 1482 tam
1490 1448 1602 1494 grandi
1637 1447 1824 1483 bellantium
1856 1450 1948 1496 copia

1193 1496 1402 1531 christianum
1446 1496 1709 1532 circumdedisset
1748 1498 1919 1533 exer-citum
1940 1513 1947 1539 ς

1195 1545 1295 1581 valida
1311 1554 1396 1587 tunc,
1419 1545 1502 1581 sieut
1524 1546 1745 1593 praemittitur,
1768 1547 1949 1583 infirmitate

1194 1594 1356 1630 detentum
1371 1623 1378 1636 ,
1416 1595 1588 1642 ipsumque
1616 1603 1677 1630 tam
1700 1597 1837 1642 graviter
1859 1597 1948 1632 inva-

1194 1644 1297 1685 sisset,
1320 1645 1405 1692 quod
1429 1656 1535 1690 regem
1555 1654 1586 1679 et
1608 1646 1780 1680 exercitum
1802 1645 1951 1694 supradi-

1195 1702 1263 1728 ctos
1297 1694 1438 1741 oportuit
1466 1706 1499 1728 se
1528 1694 1676 1741 praelatis
1699 1695 1831 1731 reddere
1853 1695 1948 1731 Sara-

1196 1744 1297 1784 cenis,
1333 1756 1369 1778 ac
1397 1743 1478 1778 idem
1508 1756 1562 1778 rex
1584 1744 1644 1779 nisi
1667 1744 1748 1780 facto
1782 1744 1950 1780 voluntatis

1196 1793 1316 1827 libitum
1345 1793 1535 1833 obstitisset,
1564 1794 1651 1828 navis
1679 1802 1755 1829 tune
1783 1804 1948 1842 promptae

1197 1843 1347 1889 potuisset
1365 1842 1501 1878 evasisse
1529 1843 1718 1890 suffugium,
1741 1843 1864 1891 sibique
1889 1844 1950 1880 hoc

1198 1892 1322 1939 plurimi
1359 1892 1528 1940 magnique
1557 1901 1740 1941 praesentes
1767 1893 1843 1928 inibi
1874 1907 1949 1930 sua-

1198 1943 1330 1983 derent,
1356 1943 1421 1989 ipse
1447 1950 1551 1978 tamen
1577 1950 1704 1991 propter
1727 1943 1842 1979 nimiae
1869 1944 1951 1980 cari-

1197 1992 1268 2027 tatis
1286 1992 1442 2034 ardorem,
1462 2005 1525 2039 quo
1545 1993 1763 2029 vehementius
1777 1994 1950 2036 aestuabat,

1199 2041 1309 2077 rolens
1338 2042 1442 2089 potius
1471 2043 1620 2090 periculis
1641 2055 1757 2090 corpus
1779 2056 1951 2090 exponere,

1199 2099 1231 2127 ut
1253 2091 1444 2127 christianus
1467 2092 1603 2139 populus
1621 2101 1798 2128 servaretur
1813 2093 1950 2135 illaesus,

1198 2141 1271 2177 licet
1298 2141 1530 2177 Saracenorum
1559 2142 1701 2177 notitiam
1733 2143 1834 2190 ipsius
1860 2143 1952 2178 debi—

1198 2191 1267 2225 litas
1290 2203 1352 2225 non
1372 2191 1480 2226 lateret
1509 2192 1676 2235 exereitus,
1700 2205 1758 2227 nec
1780 2192 1953 2228 Saraceno-

1199 2252 1266 2275 rum
1290 2240 1439 2276 existeret
1461 2241 1566 2275 innota
1591 2242 1729 2289 potentia
1752 2241 1951 2282 christianis,

1198 2290 1329 2325 evadere
1359 2290 1459 2325 noluit
1482 2291 1720 2326 remanentibus
1741 2293 1872 2326 caeteris
1891 2293 1954 2326 vin-

1198 2339 1269 2374 culo
1299 2341 1454 2387 captionis
1489 2341 1664 2385 adstrictis,
1699 2341 1838 2388 apertius
1865 2354 1953 2376 asse-

1199 2389 1315 2431 rendo,
1343 2390 1425 2437 quod
1455 2390 1595 2425 militiam
1631 2403 1726 2439 quam
1755 2403 1862 2426 secum
1891 2392 1953 2426 du-

1199 2447 1296 2483 xerat,
1318 2451 1425 2475 secum
1454 2440 1480 2475 si
1511 2449 1614 2486 posset
1641 2440 1790 2476 reducere
1813 2441 1953 2476 intende-

1200 2489 1265 2529 bat,
1296 2490 1341 2523 rel
1371 2490 1438 2537 capi
1463 2501 1519 2525 seu
1550 2490 1627 2525 mori
1652 2490 1767 2537 pariter
1794 2502 1866 2525 cum
1898 2503 1953 2525 ea-

1200 2538 1284 2573 dem.

1252 2590 1306 2623 10.
1330 2588 1477 2637 Cumque
1514 2589 1593 2625 inter
1626 2602 1730 2636 regem
1754 2597 1785 2624 et
1807 2589 1952 2626 christia-

1178 2670 1180 2679 ,
1201 2649 1269 2682 nos„
1294 2650 1327 2672 ar
1343 2637 1517 2674 Saracenos
1542 2638 1729 2686 praedictos,
1754 2638 1792 2673 de
1811 2639 1950 2687 ipsorum

1948 265 1997 292 An.
2017 264 2128 291 (2.1297

1972 586 2113 606 Christianum

1951 620 2066 637 ero-crtum
2077 618 2136 642 peri-

1927 640 1975 669 cli
1980 652 2057 668 tantem
2077 647 2134 667 nullo

1951 685 1987 706 pac
1978 682 2011 698 rto
2021 679 2090 698 induci
2101 684 2136 703 pa-

1950 713 1982 730 te
1986 714 2004 733 ι,
2031 713 2049 729 ιιι
2073 710 2136 729 dese*

1951 748 1971 761 ῐ
1976 745 1990 761 t
