2274 3265
95 300 143 327 An.
161 298 187 324 C.
211 298 277 324 ¹289

131 1247 157 1268 nc<
175 1253 233 1273 pace.

106 1648 133 1669 DE*
163 1650 275 1669 «vexatione

91 1683 164 1700 contra
187 1680 275 1706 privile-

91 1716 131 1735 gia.

105 2193 133 2214 De
144 2194 275 2214 iuramentis.

930 296 1084 318 NlCOLAl'S
1108 296 1139 317 Μ’
1164 296 1210 316 ΡΡ.

293 352 362 391 tini,
385 360 414 386 et
437 351 528 386 etiam
569 353 597 385 iu
628 351 799 386 maioribus
826 351 976 386 Euctus-iis
1012 351 1041 384 iu

290 413 423 448 quarum
445 401 600 447 parochiis
623 401 774 444 habitant,
803 399 1042 435 matutinalibus

291 450 376 484 horis
405 450 611 497 personaliter
638 450 723 485 adire
764 457 945 496 procurent,
984 449 1041 484 nisi

290 511 382 534 causa
405 499 581 534 rationabili
609 507 812 534 excusentur.

293 571 384 611 Quod
410 583 521 611 omneS,
543 572 598 616 qui
617 571 653 604 de
674 571 739 603 itare
759 577 896 615 possunt,
924 571 1043 614 saciant

429 628 647 654 testamentum.
675 640 723 645 ——
745 620 826 654 CAP.
856 619 908 654 ΙΧ.

339 692 461 727 Omnes
488 698 658 737 praeterea,
682 690 798 736 quibus
821 689 860 724 de
895 689 961 723 iure
999 689 1043 723 l'a-

238 767 247 779 ρ
291 741 390 776 cultas
416 740 550 779 allueritq
574 739 712 774 condant
735 751 791 774 seu
816 739 925 774 saciant
951 746 1044 773 testa-

291 799 445 830 mentum,
473 797 502 823 et
525 790 563 823 de
586 789 676 823 bonis
691 789 757 824 suis
781 789 857 823 infra
883 797 944 823 tres
961 801 1042 823 men-

290 852 339 874 ses
363 846 432 886 post
459 851 567 873 eorum
590 839 766 885 ingressum
792 838 972 873 immediate
999 850 1043 872 se-

290 897 423 936 quentes
444 887 591 922 ordinent
613 895 643 922 et
666 888 849 935 disponant,
875 900 912 922 ne
935 900 1044 934 quem-

289 951 382 985 quam
413 937 536 972 illorum
576 938 737 983 contingat
776 936 930 972 decedere
962 937 1041 971 inte—

289 995 418 1022 statum.

288 1065 335 1098 De
354 1076 431 1109 pace
457 1065 656 1107 reformanda
679 1065 756 1097 inter
777 1064 888 1102 tratres
910 1070 935 1096 et
966 1063 1043 1096 alios

455 1122 627 1147 extraneos.
657 1133 705 1138 -—
726 1112 806 1146 CAP.
835 1111 874 1146 X.

338 1183 385 1218 De
413 1195 488 1231 pace
513 1195 584 1218 vero
607 1183 687 1218 inter
710 1183 821 1218 fratres
848 1190 878 1217 et
917 1194 1043 1217 sorores

289 1233 456 1268 autetiam
500 1241 624 1267 exteros
661 1233 689 1266 in
725 1232 884 1266 discordia
924 1231 1043 1278 positos

289 1282 446 1321 facienda,
486 1283 568 1316 sicut
609 1282 762 1316 ministris
798 1281 965 1321 videbitur,
1003 1281 1041 1315 ita

289 1332 353 1373 fiet,
376 1330 518 1367 adhibito
545 1332 594 1374 (si
623 1331 754 1365 facultas
789 1330 936 1374 affuerit)
972 1330 1044 1376 epi-

288 1381 374 1428 scopi
403 1380 581 1415 dioecesani
605 1379 738 1415 consilio
763 1380 793 1414 in
824 1380 880 1414 liae
904 1387 1001 1426 parte.

376 1458 510 1498 Quando
543 1458 742 1491 molestantur
763 1464 871 1490 contra
899 1457 957 1495 ius,

347 1514 401 1541 aut
427 1519 531 1540 eorum
550 1507 725 1552 privilegia.
751 1526 797 1530 ——
820 1506 900 1540 (jar.
927 1504 981 1538 xl.

338 1577 372 1612 Si
398 1589 469 1612 vero
499 1577 608 1611 fratres
635 1576 681 1611 vel
710 1589 835 1611 sorores
862 1584 970 1611 couti-a
995 1577 1042 1611 ius

291 1626 336 1661 vel
364 1638 471 1661 eorum
497 1626 656 1674 privilegia
686 1639 742 1673 per
783 1633 953 1673 potestates
986 1638 1041 1660 seu

291 1684 427 1711 rectores
455 1676 608 1719 locorum,
634 1675 685 1710 ubi
723 1675 918 1711 domicilium
959 1675 1042 1710 obti-

290 1733 377 1766 nent,
416 1724 634 1760 vexationibus
670 1726 872 1773 impetantur,
906 1726 1040 1759 ministri

290 1775 348 1810 loci
376 1774 414 1809 ad
442 1774 610 1822 episcopos
637 1784 666 1809 et
685 1775 763 1810 alios
786 1775 927 1810 locorum
956 1775 1042 1810 ordi-

290 1824 394 1859 narios
415 1823 563 1859 studeant
590 1823 705 1860 babere
735 1836 920 1866 recursum,
959 1825 1041 1859 iuxta

289 1873 455 1910 consilium
493 1882 523 1909 et
561 1873 790 1910 ordinationem
833 1875 972 1921 ipsorum
1011 1875 1040 1908 in

289 1924 403 1959 tabulis
426 1924 614 1971 processuri.

342 2008 432 2047 Quod
457 2013 594 2046 caveant,
622 2007 653 2038 in
680 2013 830 2051 quantum
854 2012 992 2050 possunt,

309 2069 329 2090 a
351 2057 529 2090 iuramentis
556 2057 749 2089 solemnibus.
773 2075 822 2080 —-
843 2055 922 2089 Car.
951 2053 1019 2088 Xll.
1063 2055 1064 2058 ’

340 2128 366 2162 Α
395 2127 578 2161 iuramentis
601 2134 705 2162 autem
729 2126 929 2161 solemnibus
972 2139 1043 2160 om-

292 2189 346 2212 nes
368 2176 558 2220 abstineant³
587 2176 645 2210 nisi
685 2177 870 2212 necessitate
908 2184 1041 2222 cogente

293 2227 323 2260 in
346 2226 472 2261 casibus
501 2238 555 2273 per
579 2226 805 2272 indulgentiam
840 2225 1042 2272 Apostolicae

291 2276 384 2311 Sedis
406 2276 556 2322 exceptis,
585 2276 738 2317 videlicet,
768 2288 822 2323 pro
847 2287 921 2322 pace
939 2303 946 2316 ‚
971 2275 1042 2315 lide

292 2326 448 2360 calumnia
473 2333 502 2360 et
540 2325 719 2360 testimonio
760 2325 968 2372 pet-bibendo,
1007 2337 1041 2359 ac

292 2376 382 2410 etiam
412 2375 441 2409 iu
457 2382 621 2409 contractu
645 2375 827 2421 emptionis,
852 2374 1043 2409 venditionis

292 2433 319 2460 et
348 2424 540 2467 donationis,
565 2424 615 2458 ubi
641 2423 797 2458 videbitur
819 2423 979 2479 expedire.
1008 2424 1041 2458 In

293 2473 452 2510 communi
488 2486 615 2520 quoque
649 2473 771 2520 loquela
807 2474 914 2516 vitent
952 2481 1065 2520 piout2

294 2531 453 2579 poterunt
477 2523 660 2557 itu·.ament·a
692 2523 731 2557 Et
766 2523 816 2570 qui
856 2523 905 2557 die
940 2523 1065 2570 aliquaj

293 2586 399 2608 minus
441 2581 530 2607 caute
570 2572 740 2607 iuraverint
789 2572 877 2619 lapsu
919 2572 1043 2619 linguae

293 2626 398 2670 (prout
424 2622 607 2668 contingere
632 2623 661 2655 in
686 2621 885 2668 multiloquio
909 2634 1044 2656 consue-

293 2672 346 2716 vit)
370 2671 421 2707 die
448 2671 536 2718 lapso
560 2672 589 2706 in
614 2683 696 2715 sero,
719 2683 789 2705 cum
826 2671 917 2706 debet
953 2683 1043 2706 reco-

1746 284 1791 315 95

1062 354 1065 361 '
1085 351 1184 395 gitare
1206 349 1283 396 quid
1308 350 1428 390 fecerit,
1452 350 1535 384 dicat
1576 349 1675 384 tribus
1718 348 1840 383 vicibus

1084 399 1261 433 orationem
1307 398 1510 439 dominicam,
1546 407 1673 446 propter
1713 399 1838 433 incaute

1086 448 1163 482 facta
1189 447 1370 482 huiusmodi
1399 448 1584 482 iuramenta.
1632 448 1752 482 Memor
1783 460 1839 482 au-

1086 505 1148 532 tem
1172 497 1212 531 sit
1234 496 1380 543 quilibet,
1404 505 1435 531 ut
1463 497 1501 531 ad
1541 497 1646 531 divina
1687 496 1839 544 obsequia

1086 546 1236 581 familiam
1265 546 1423 593 propriam
1445 545 1640 581 exhortetur.

1138 620 1184 654 De
1212 619 1369 653 audienda
1390 618 1484 651 missa
1506 624 1531 650 et
1557 618 1791 662 congregatione

1229 669 1383 712 facienda.
1407 688 1454 692 —-
1481 666 1561 700 Cn.
1587 665 1672 700 thl.

1137 738 1282 775 Uuiieisi
1310 737 1376 772 sani
1420 737 1528 772 fratres
1557 744 1588 771 et
1627 749 1750 772 sorores
1784 749 1839 772 cu—

1087 789 1276 835 iuscumque
1298 786 1432 822 civitatis
1454 793 1504 821 aut
1533 786 1604 827 loci,
1628 786 1740 821 diebus
1773 786 1839 820 sin-

1085 838 1167 885 gulis
1189 838 1225 882 <si
1247 836 1414 872 commode
1439 838 1596 883 poterunt)
1624 836 1738 871 Missae
1776 835 1857 869 offi-

1085 890 1167 923 cium
1196 887 1335 926 audiant
1358 893 1388 920 et
1417 897 1524 920 mense
1550 885 1691 932 quolibet
1718 884 1755 919 ad
1787 897 1840 920 ec·

1085 937 1213 972 clesiam
1241 937 1305 971 sive
1328 935 1406 990 loca,
1430 934 1466 969 ad
1490 946 1596 982 quam,
1623 934 1669 970 vel
1697 934 1735 969 ad
1759 946 1840 981 quae

1086 995 1218 1021 ministri
1247 984 1425 1020 curaverint
1454 984 1611 1023 intimare,
1652 983 1840 1019 conveniant

1086 1036 1254 1070 missarum
1277 1034 1430 1069 solemnia
1455 1033 1530 1068 inibi
1554 1033 1706 1068 audituri.
1731 1031 1840 1068 Unus-

1085 1086 1220 1132 quisque
1253 1091 1357 1118 autem
1401 1082 1520 1118 usualis
1562 1090 1707 1118 monetae
1741 1082 1840 1117 dena-

1086 1135 1166 1169 rium
1191 1133 1335 1169 missario
1359 1132 1485 1173 tribuat,
1513 1132 1566 1179 qui
1590 1132 1757 1179 pecuniam
1787 1132 1842 1166 liu-

1086 1183 1222 1218 iusmodi
1246 1182 1384 1228 colligat,
1411 1189 1440 1215 et
1468 1193 1535 1216 eam
1559 1180 1597 1216 de
1625 1181 1758 1216 consilio
1786 1181 1842 1215 mi-

1086 1234 1258 1267 nistrorum
1282 1232 1362 1265 inter
1385 1230 1496 1264 fratres
1525 1237 1555 1265 et
1595 1242 1719 1265 sorores
1759 1242 1839 1278 pau-

1086 1279 1205 1329 pertate
1223 1288 1378 1328 gravatos,
1401 1286 1431 1314 et
1451 1279 1618 1327 praecipue
1634 1279 1842 1319 infirmantes,

1085 1343 1120 1366 ac
1148 1343 1214 1375 eos,
1241 1342 1294 1377 qm
1322 1328 1442 1364 funeris
1465 1340 1573 1363 carere
1609 1328 1843 1375 dignoscuntur

1085 1380 1238 1427 exequiis,
1260 1386 1290 1414 et
1313 1377 1430 1413 deinde
1454 1378 1535 1413 inter
1573 1390 1729 1432 pauperes
1764 1378 1843 1412 alios

1084 1429 1226 1464 dividant
1266 1435 1490 1474 congruenter.
1534 1426 1676 1462 Offerant
1713 1427 1843 1474 insuper

1085 1479 1123 1513 de
1158 1479 1225 1525 ipsa
1260 1478 1396 1524 pecunia
1438 1476 1601 1512 Ecclesiae
1637 1485 1840 1511 memoratae

1084 1528 1240 1575 Tuncque
1263 1528 1299 1570 (si
1333 1525 1501 1561 commode
1544 1530 1702 1573 poterunt)
1739 1525 1839 1561 virum

1086 1577 1268 1624 religiosum
1305 1584 1335 1611 et
1359 1577 1389 1610 in
1419 1575 1514 1610 verbo
1536 1575 1593 1610 Dei
1623 1582 1842 1622 competenter

1085 1627 1276 1662 instructum
1313 1625 1427 1661 habete
1467 1633 1651 1672 procurent,
1689 1625 1743 1672 qui
1788 1637 1843 1660 eos

1084 1676 1120 1711 ad
1155 1675 1379 1724 poenitentiam
1415 1683 1443 1710 et
1473 1674 1708 1711 misericordiae
1748 1686 1842 1723 opera

1084 1726 1258 1761 exercenda
1294 1725 1454 1769 hortetur,
1494 1723 1616 1760 solicite
1653 1734 1778 1759 moneat
1813 1733 1842 1759 et

1086 1775 1227 1810 inducat.
1256 1775 1389 1810 Studeat
1424 1774 1574 1822 quilibet,
1610 1774 1686 1809 dum
1726 1773 1842 1809 Missae

1085 1825 1261 1860 celebratur
1283 1824 1433 1865 officium,
1457 1832 1486 1859 et
1509 1823 1754 1870 praedicationis
1778 1836 1843 1858 ver-

1084 1875 1159 1910 bum
1185 1875 1385 1922 proponitur,
1412 1885 1537 1909 servare
1565 1873 1742 1914 silentium;
1770 1886 1841 1908 ora-

1085 1924 1161 1960 tioni
1187 1934 1218 1961 et
1240 1925 1344 1961 officio
1357 1925 1396 1960 sit
1412 1925 1563 1967 intentus,
1587 1923 1645 1958 nisi
1668 1936 1742 1959 cum
1756 1935 1842 1958 com-

1063 1999 1065 2002 >
1087 1976 1189 2011 munis
1217 1975 1336 2010 utilitas
1364 1975 1568 2010 fraternitatis
1591 1973 1751 2022 impediat.

1154 2055 1200 2087 De
1222 2053 1369 2097 fratribus
1396 2052 1528 2097 infirmis
1546 2058 1572 2084 et
1594 2050 1755 2094 defunctis.

1368 2101 1450 2136 Cap,
1479 2100 1562 2134 xlv.

1135 2175 1216 2209 Cum
1255 2181 1359 2208 autem
1394 2185 1584 2228 quemquam
1619 2184 1655 2205 ex
1693 2170 1838 2205 fratribus

1087 2224 1237 2259 intiimari
1265 2223 1443 2269 contirerit
1473 2221 1607 2256 ministri
1633 2232 1688 2275 per
1724 2232 1757 2255 se
1791 2219 1837 2253 vel

1088 2287 1142 2320 per
1169 2274 1278 2316 alium,
1297 2285 1354 2307 seu
1377 2272 1454 2307 alios
1476 2271 1510 2314 (si
1535 2271 1594 2305 boc
1617 2282 1663 2305 eis
1695 2270 1838 2304 infirmus

1086 2324 1192 2358 licerit
1228 2322 1375 2365 intimari)
1411 2321 1509 2357 semel
1551 2321 1579 2354 in
1618 2318 1837 2357 hebdomada

1087 2373 1210 2408 visitare
1234 2379 1400 2406 teneantur
1421 2377 1596 2417 aegrotum,
1626 2369 1729 2415 ipsum
1762 2368 1838 2410 soli-

1086 2425 1146 2457 cite
1169 2422 1204 2457 ad
1235 2420 1449 2467 recipiendum
1475 2419 1699 2466 poenitentiam
1735 2420 1839 2464 (prout

1086 2472 1201 2506 melius
1229 2479 1258 2505 et
1281 2470 1438 2505 efficacius
1469 2467 1616 2515 expedire
1652 2467 1837 2514 putaverint)

1087 2522 1287 2558 inducentes,
1313 2518 1486 2554 necessaria
1511 2518 1553 2552 illi
1578 2517 1616 2552 tle
1645 2516 1734 2551 bonis
1757 2529 1838 2551 com·

1087 2570 1239 2606 munibus
1262 2568 1481 2604 ministrando.
1502 2568 1541 2602 Et
1563 2567 1588 2601 si
1614 2566 1771 2614 praefatus
1788 2567 1839 2600 in-

1087 2622 1196 2655 firmus
1223 2619 1261 2654 de
1282 2618 1436 2665 praesenti
1468 2616 1537 2651 luce
1564 2616 1753 2663 migraverit,
1776 2615 1838 2650 l'ra-

1087 2670 1186 2704 tribus
1209 2677 1240 2703 et
1277 2667 1439 2703 sororibus
1472 2675 1545 2700 tunc
1579 2666 1607 2700 in
1640 2666 1763 2701 civitate
1792 2666 1837 2700 vel

1855 293 1901 318 An.
1923 292 1947 318 Cf
1972 292 2037 319 12<59

1867 753 1893 773 De
1910 760 1947 773 mi
1950 760 1972 774 aa
2000 760 2039 774 au*

1853 786 1885 805 die
1889 786 1929 805 nda
1945 788 1964 804 et
1985 791 2039 804 cn*

1853 816 1975 841 §negatione
2007 815 2038 834 taff

1854 848 1883 867 ci
1875 848 1935 867 nand

1867 2183 1894 2204 De
1914 2184 2001 2204 mfirmts
2018 2188 2028 2203 e

1853 2217 1948 2242 exequiis
1964 2214 2039 2235 desun-

1853 2249 1933 2265 elvirum
