<?xml version="1.0" encoding="UTF-8"?>
<!DOCTYPE html PUBLIC "-//W3C//DTD XHTML 1.0 Transitional//EN"
    "http://www.w3.org/TR/xhtml1/DTD/xhtml1-transitional.dtd">
<html xmlns="http://www.w3.org/1999/xhtml" xml:lang="en" lang="en">
 <head>
  <title>
</title>
<meta http-equiv="Content-Type" content="text/html;charset=utf-8" />
  <meta name='ocr-system' content='tesseract 3.04.00' />
  <meta name='ocr-capabilities' content='ocr_page ocr_carea ocr_par ocr_line ocrx_word'/>
</head>
<body>
  <div class='ocr_page' id='page_1' title='image "./bullarumdiplomat04cath/bullarumdiplomat04cath_0638.png"; bbox 0 0 2274 3265; ppageno 0'>
   <div class='ocr_carea' id='block_1_1' title="bbox 178 272 359 298">
    <p class='ocr_par' dir='ltr' id='par_1_1' title="bbox 178 272 359 298">
     <span class='ocr_line' id='line_1_1' title="bbox 178 272 359 298; baseline 0.011 -2"><span class='ocrx_word' id='word_1_1' title='bbox 178 272 227 297; x_wconf 67' lang='lat' dir='ltr'>An.</span> <span class='ocrx_word' id='word_1_2' title='bbox 248 274 276 298; x_wconf 73' lang='grc' dir='ltr'>(ἶ.</span> <span class='ocrx_word' id='word_1_3' title='bbox 293 272 359 298; x_wconf 75' lang='grc'>17100</span> 
     </span>
    </p>
   </div>
   <div class='ocr_carea' id='block_1_2' title="bbox 187 1710 368 1762">
    <p class='ocr_par' dir='ltr' id='par_1_2' title="bbox 187 1710 368 1762">
     <span class='ocr_line' id='line_1_2' title="bbox 201 1710 368 1731; baseline -0.013 -2"><span class='ocrx_word' id='word_1_4' title='bbox 201 1711 227 1731; x_wconf 70' lang='lat' dir='ltr'>ne</span> <span class='ocrx_word' id='word_1_5' title='bbox 248 1710 338 1731; x_wconf 70' lang='lat' dir='ltr'>forma</span> <span class='ocrx_word' id='word_1_6' title='bbox 335 1714 368 1728; x_wconf 88' lang='grc' dir='ltr'>ι-ιι</span> 
     </span>
     <span class='ocr_line' id='line_1_3' title="bbox 187 1744 294 1762; baseline -0.028 0"><span class='ocrx_word' id='word_1_7' title='bbox 187 1744 294 1762; x_wconf 79' lang='lat' dir='ltr'>diciorum.</span> 
     </span>
    </p>
   </div>
   <div class='ocr_carea' id='block_1_3' title="bbox 191 1954 372 2007">
    <p class='ocr_par' dir='ltr' id='par_1_3' title="bbox 191 1954 372 2007">
     <span class='ocr_line' id='line_1_4' title="bbox 203 1954 372 1982; baseline -0.018 -6"><span class='ocrx_word' id='word_1_8' title='bbox 203 1956 229 1976; x_wconf 82' lang='lat' dir='ltr'>De</span> <span class='ocrx_word' id='word_1_9' title='bbox 246 1954 372 1982; x_wconf 73' lang='lat' dir='ltr'>appellatio-</span> 
     </span>
     <span class='ocr_line' id='line_1_5' title="bbox 191 1988 258 2007; baseline 0 -1"><span class='ocrx_word' id='word_1_10' title='bbox 191 1988 258 2007; x_wconf 57' lang='lat' dir='ltr'>nibus</span> 
     </span>
    </p>
   </div>
   <div class='ocr_carea' id='block_1_4' title="bbox 373 262 1149 2683">
    <p class='ocr_par' dir='ltr' id='par_1_4' title="bbox 373 262 1149 2683">
     <span class='ocr_line' id='line_1_6' title="bbox 422 262 491 293; baseline -0.043 0"><span class='ocrx_word' id='word_1_11' title='bbox 422 262 491 293; x_wconf 71' lang='lat'>(350</span> 
     </span>
     <span class='ocr_line' id='line_1_7' title="bbox 373 321 1123 365; baseline -0.009 -5"><span class='ocrx_word' id='word_1_12' title='bbox 373 327 451 360; x_wconf 86' lang='lat' dir='ltr'>citos</span> <span class='ocrx_word' id='word_1_13' title='bbox 473 332 576 359; x_wconf 78' lang='lat' dir='ltr'>motus</span> <span class='ocrx_word' id='word_1_14' title='bbox 599 324 725 357; x_wconf 74' lang='lat' dir='ltr'>fraenat.</span> <span class='ocrx_word' id='word_1_15' title='bbox 746 322 804 355; x_wconf 85' lang='lat' dir='ltr'>Hic</span> <span class='ocrx_word' id='word_1_16' title='bbox 818 330 866 353; x_wconf 80' lang='lat' dir='ltr'>est</span> <span class='ocrx_word' id='word_1_17' title='bbox 896 321 1004 365; x_wconf 83' lang='lat' dir='ltr'>utique</span> <span class='ocrx_word' id='word_1_18' title='bbox 1033 332 1123 365; x_wconf 86' lang='lat' dir='ltr'>prae-</span> 
     </span>
     <span class='ocr_line' id='line_1_8' title="bbox 373 368 1122 409; baseline -0.011 0"><span class='ocrx_word' id='word_1_19' title='bbox 373 375 506 409; x_wconf 83' lang='lat' dir='ltr'>dilectus</span> <span class='ocrx_word' id='word_1_20' title='bbox 537 382 566 407; x_wconf 81' lang='lat' dir='ltr'>et</span> <span class='ocrx_word' id='word_1_21' title='bbox 600 372 770 406; x_wconf 81' lang='lat' dir='ltr'>deliciosus</span> <span class='ocrx_word' id='word_1_22' title='bbox 808 370 916 403; x_wconf 83' lang='lat' dir='ltr'>liortns</span> <span class='ocrx_word' id='word_1_23' title='bbox 951 368 1122 407; x_wconf 85' lang='lat' dir='ltr'>Ecclesiae,</span> 
     </span>
     <span class='ocr_line' id='line_1_9' title="bbox 374 416 1124 469; baseline -0.012 -12"><span class='ocrx_word' id='word_1_24' title='bbox 374 425 402 457; x_wconf 90' lang='lat' dir='ltr'>in</span> <span class='ocrx_word' id='word_1_25' title='bbox 430 435 492 469; x_wconf 92' lang='lat' dir='ltr'>qno</span> <span class='ocrx_word' id='word_1_26' title='bbox 530 423 594 467; x_wconf 86' lang='lat' dir='ltr'>ipsa</span> <span class='ocrx_word' id='word_1_27' title='bbox 629 421 743 465; x_wconf 49' lang='lat' dir='ltr'>swein</span> <span class='ocrx_word' id='word_1_28' title='bbox 777 418 862 464; x_wconf 87' lang='lat' dir='ltr'>quod</span> <span class='ocrx_word' id='word_1_29' title='bbox 895 418 1040 460; x_wconf 81' lang='lat' dir='ltr'>delectat,</span> <span class='ocrx_word' id='word_1_30' title='bbox 1059 416 1124 450; x_wconf 87' lang='lat' dir='ltr'>col-</span> 
     </span>
     <span class='ocr_line' id='line_1_10' title="bbox 374 467 933 524; baseline -0.013 -18"><span class='ocrx_word' id='word_1_31' title='bbox 374 473 441 518; x_wconf 83' lang='lat' dir='ltr'>ligit</span> <span class='ocrx_word' id='word_1_32' title='bbox 480 471 563 524; x_wconf 84' lang='lat' dir='ltr'>quod</span> <span class='ocrx_word' id='word_1_33' title='bbox 599 469 758 502; x_wconf 83' lang='lat' dir='ltr'>blanditur</span> <span class='ocrx_word' id='word_1_34' title='bbox 792 467 933 506; x_wconf 77' lang='lat' dir='ltr'>all&#39;ectui,</span> 
     </span>
     <span class='ocr_line' id='line_1_11' title="bbox 374 515 1125 566; baseline -0.012 -12"><span class='ocrx_word' id='word_1_35' title='bbox 374 520 505 566; x_wconf 72' lang='grc' dir='ltr'>ροιιιριῑ</span> <span class='ocrx_word' id='word_1_36' title='bbox 539 518 648 553; x_wconf 78' lang='lat' dir='ltr'>dulces</span> <span class='ocrx_word' id='word_1_37' title='bbox 684 518 811 551; x_wconf 57' lang='lat' dir='ltr'>tructus.</span> <span class='ocrx_word' id='word_1_38' title='bbox 851 515 988 561; x_wconf 79' lang='lat' dir='ltr'>{deoque</span> <span class='ocrx_word' id='word_1_39' title='bbox 1027 515 1125 560; x_wconf 87' lang='lat' dir='ltr'>ipsius</span> 
     </span>
     <span class='ocr_line' id='line_1_12' title="bbox 373 562 1123 621; baseline -0.011 -18"><span class='ocrx_word' id='word_1_40' title='bbox 373 569 532 603; x_wconf 81' lang='lat' dir='ltr'>Ecclesiae</span> <span class='ocrx_word' id='word_1_41' title='bbox 559 567 692 621; x_wconf 80' lang='lat' dir='ltr'>gratiosa</span> <span class='ocrx_word' id='word_1_42' title='bbox 728 564 903 611; x_wconf 78' lang='lat' dir='ltr'>benignitas</span> <span class='ocrx_word' id='word_1_43' title='bbox 938 563 1048 597; x_wconf 82' lang='lat' dir='ltr'>metito</span> <span class='ocrx_word' id='word_1_44' title='bbox 1086 562 1123 596; x_wconf 89' lang='lat' dir='ltr'>ad</span> 
     </span>
     <span class='ocr_line' id='line_1_13' title="bbox 373 611 1124 663; baseline -0.011 -11"><span class='ocrx_word' id='word_1_45' title='bbox 373 618 516 652; x_wconf 76' lang='lat' dir='ltr'>eamdem</span> <span class='ocrx_word' id='word_1_46' title='bbox 547 616 738 663; x_wconf 67' lang='lat' dir='ltr'>proxinciam</span> <span class='ocrx_word' id='word_1_47' title='bbox 768 613 957 648; x_wconf 74' lang='lat' dir='ltr'>benevolum</span> <span class='ocrx_word' id='word_1_48' title='bbox 985 611 1124 646; x_wconf 83' lang='lat' dir='ltr'>extendit</span> 
     </span>
     <span class='ocr_line' id='line_1_14' title="bbox 375 660 1125 706; baseline -0.011 -5"><span class='ocrx_word' id='word_1_49' title='bbox 375 667 533 706; x_wconf 88' lang='lat' dir='ltr'>intuitum</span> <span class='ocrx_word' id='word_1_50' title='bbox 548 673 578 700; x_wconf 89' lang='lat' dir='ltr'>et</span> <span class='ocrx_word' id='word_1_51' title='bbox 593 665 631 700; x_wconf 92' lang='lat' dir='ltr'>de</span> <span class='ocrx_word' id='word_1_52' title='bbox 647 673 726 699; x_wconf 80' lang='lat' dir='ltr'>statu</span> <span class='ocrx_word' id='word_1_53' title='bbox 743 665 808 698; x_wconf 85' lang='lat' dir='ltr'>eins</span> <span class='ocrx_word' id='word_1_54' title='bbox 824 662 955 697; x_wconf 86' lang='lat' dir='ltr'>sollicita</span> <span class='ocrx_word' id='word_1_55' title='bbox 974 660 1125 704; x_wconf 80' lang='lat' dir='ltr'>iedditur,</span> 
     </span>
     <span class='ocr_line' id='line_1_15' title="bbox 374 710 1127 764; baseline -0.009 -14"><span class='ocrx_word' id='word_1_56' title='bbox 374 725 419 759; x_wconf 83' lang='lat' dir='ltr'>nt,</span> <span class='ocrx_word' id='word_1_57' title='bbox 440 715 605 750; x_wconf 85' lang='lat' dir='ltr'>subductis</span> <span class='ocrx_word' id='word_1_58' title='bbox 619 727 731 753; x_wconf 72' lang='lat' dir='ltr'>noxus</span> <span class='ocrx_word' id='word_1_59' title='bbox 746 710 1014 758; x_wconf 81' lang='lat' dir='ltr'>subseqnentibus</span> <span class='ocrx_word' id='word_1_60' title='bbox 1046 722 1127 764; x_wconf 83' lang='lat' dir='ltr'>pio-</span> 
     </span>
     <span class='ocr_line' id='line_1_16' title="bbox 373 759 1124 812; baseline -0.009 -13"><span class='ocrx_word' id='word_1_61' title='bbox 373 766 484 812; x_wconf 78' lang='lat' dir='ltr'>speiiS,</span> <span class='ocrx_word' id='word_1_62' title='bbox 499 765 528 798; x_wconf 91' lang='lat' dir='ltr'>in</span> <span class='ocrx_word' id='word_1_63' title='bbox 547 764 630 811; x_wconf 81' lang='lat' dir='ltr'><strong>pacis</strong></span> <span class='ocrx_word' id='word_1_64' title='bbox 653 762 887 810; x_wconf 80' lang='lat' dir='ltr'>pulchritudine</span> <span class='ocrx_word' id='word_1_65' title='bbox 911 759 1029 800; x_wconf 83' lang='lat' dir='ltr'>sedeat,</span> <span class='ocrx_word' id='word_1_66' title='bbox 1043 769 1073 793; x_wconf 87' lang='lat' dir='ltr'>et</span> <span class='ocrx_word' id='word_1_67' title='bbox 1096 772 1124 792; x_wconf 91' lang='grc' dir='ltr'>ιιι</span> 
     </span>
     <span class='ocr_line' id='line_1_17' title="bbox 374 808 1125 866; baseline -0.011 -17"><span class='ocrx_word' id='word_1_68' title='bbox 374 815 482 860; x_wconf 75' lang='lat' dir='ltr'>nequie</span> <span class='ocrx_word' id='word_1_69' title='bbox 508 813 654 860; x_wconf 87' lang='lat' dir='ltr'>opulenta</span> <span class='ocrx_word' id='word_1_70' title='bbox 682 812 833 866; x_wconf 81' lang='lat' dir='ltr'>quiescat.</span> <span class='ocrx_word' id='word_1_71' title='bbox 870 809 944 844; x_wconf 87' lang='lat' dir='ltr'>lude</span> <span class='ocrx_word' id='word_1_72' title='bbox 973 810 1001 843; x_wconf 89' lang='lat' dir='ltr'>lit</span> <span class='ocrx_word' id='word_1_73' title='bbox 1041 808 1125 854; x_wconf 88' lang='lat' dir='ltr'>quod</span> 
     </span>
     <span class='ocr_line' id='line_1_18' title="bbox 376 857 1127 910; baseline -0.008 -13"><span class='ocrx_word' id='word_1_74' title='bbox 376 876 432 897; x_wconf 86' lang='lat' dir='ltr'>nos</span> <span class='ocrx_word' id='word_1_75' title='bbox 468 864 658 910; x_wconf 85' lang='lat' dir='ltr'>provinctam</span> <span class='ocrx_word' id='word_1_76' title='bbox 688 862 786 908; x_wconf 88' lang='lat' dir='ltr'>ipsam</span> <span class='ocrx_word' id='word_1_77' title='bbox 815 858 1028 894; x_wconf 71' lang='lat' dir='ltr'>sincerissime</span> <span class='ocrx_word' id='word_1_78' title='bbox 1055 857 1127 891; x_wconf 90' lang='lat' dir='ltr'>dili-</span> 
     </span>
     <span class='ocr_line' id='line_1_19' title="bbox 375 907 1127 966; baseline -0.011 -19"><span class='ocrx_word' id='word_1_79' title='bbox 375 920 496 966; x_wconf 79' lang='lat' dir='ltr'>gentes,</span> <span class='ocrx_word' id='word_1_80' title='bbox 531 910 702 958; x_wconf 90' lang='lat' dir='ltr'>apostolica</span> <span class='ocrx_word' id='word_1_81' title='bbox 741 909 925 944; x_wconf 67' lang='grc' dir='ltr'>ιἐιιιειοιιιιιιι</span> <span class='ocrx_word' id='word_1_82' title='bbox 959 907 1127 941; x_wconf 75' lang='lat' dir='ltr'>statuimus</span> 
     </span>
     <span class='ocr_line' id='line_1_20' title="bbox 375 957 1127 1005; baseline -0.007 -10"><span class='ocrx_word' id='word_1_83' title='bbox 375 969 405 995; x_wconf 91' lang='lat' dir='ltr'>et</span> <span class='ocrx_word' id='word_1_84' title='bbox 440 961 532 995; x_wconf 86' lang='lat' dir='ltr'>etiam</span> <span class='ocrx_word' id='word_1_85' title='bbox 569 960 776 1002; x_wconf 73' lang='lat' dir='ltr'>ordinamus,</span> <span class='ocrx_word' id='word_1_86' title='bbox 803 958 887 1005; x_wconf 85' lang='lat' dir='ltr'>quod</span> <span class='ocrx_word' id='word_1_87' title='bbox 923 957 947 991; x_wconf 90' lang='lat' dir='ltr'>si</span> <span class='ocrx_word' id='word_1_88' title='bbox 977 965 1127 1002; x_wconf 86' lang='lat' dir='ltr'>potestas,</span> 
     </span>
     <span class='ocr_line' id='line_1_21' title="bbox 376 1007 1127 1064; baseline -0.008 -19"><span class='ocrx_word' id='word_1_89' title='bbox 376 1010 558 1064; x_wconf 84' lang='lat' dir='ltr'>capitaneus</span> <span class='ocrx_word' id='word_1_90' title='bbox 584 1009 628 1043; x_wconf 71' lang='lat' dir='ltr'>iel</span> <span class='ocrx_word' id='word_1_91' title='bbox 662 1008 808 1042; x_wconf 81' lang='lat' dir='ltr'>defensor</span> <span class='ocrx_word' id='word_1_92' title='bbox 829 1007 943 1053; x_wconf 85' lang='lat' dir='ltr'>aliquis</span> <span class='ocrx_word' id='word_1_93' title='bbox 975 1018 1127 1040; x_wconf 88' lang='lat' dir='ltr'>commu-</span> 
     </span>
     <span class='ocr_line' id='line_1_22' title="bbox 377 1054 1128 1101; baseline -0.007 -8"><span class='ocrx_word' id='word_1_94' title='bbox 377 1059 480 1094; x_wconf 84' lang='lat' dir='ltr'>nitatis</span> <span class='ocrx_word' id='word_1_95' title='bbox 498 1058 640 1101; x_wconf 79' lang='lat' dir='ltr'>alicuius,</span> <span class='ocrx_word' id='word_1_96' title='bbox 663 1057 798 1092; x_wconf 71' lang='grc' dir='ltr'>ειιιῑιι1ι5</span> <span class='ocrx_word' id='word_1_97' title='bbox 821 1056 866 1090; x_wconf 92' lang='lat' dir='ltr'>vel</span> <span class='ocrx_word' id='word_1_98' title='bbox 889 1055 980 1089; x_wconf 74' lang='lat' dir='ltr'>castri</span> <span class='ocrx_word' id='word_1_99' title='bbox 1005 1054 1128 1101; x_wconf 87' lang='lat' dir='ltr'>provin-</span> 
     </span>
     <span class='ocr_line' id='line_1_23' title="bbox 377 1104 1128 1160; baseline -0.007 -18"><span class='ocrx_word' id='word_1_100' title='bbox 377 1109 442 1142; x_wconf 81' lang='lat' dir='ltr'>ciae</span> <span class='ocrx_word' id='word_1_101' title='bbox 470 1116 670 1147; x_wconf 71' lang='lat' dir='ltr'>memoratae</span> <span class='ocrx_word' id='word_1_102' title='bbox 699 1107 729 1140; x_wconf 92' lang='lat' dir='ltr'>in</span> <span class='ocrx_word' id='word_1_103' title='bbox 765 1118 827 1152; x_wconf 88' lang='lat' dir='ltr'>quo</span> <span class='ocrx_word' id='word_1_104' title='bbox 854 1104 989 1160; x_wconf 79' lang='lat' dir='ltr'>quidem</span> <span class='ocrx_word' id='word_1_105' title='bbox 1025 1112 1128 1139; x_wconf 84' lang='lat' dir='ltr'>castro</span> 
     </span>
     <span class='ocr_line' id='line_1_24' title="bbox 378 1154 1127 1204; baseline -0.007 -13"><span class='ocrx_word' id='word_1_106' title='bbox 378 1165 513 1204; x_wconf 85' lang='lat' dir='ltr'>potestas</span> <span class='ocrx_word' id='word_1_107' title='bbox 551 1169 606 1190; x_wconf 84' lang='lat' dir='ltr'>seu</span> <span class='ocrx_word' id='word_1_108' title='bbox 644 1163 744 1191; x_wconf 82' lang='lat' dir='ltr'>tector</span> <span class='ocrx_word' id='word_1_109' title='bbox 779 1155 816 1189; x_wconf 89' lang='lat' dir='ltr'>ad</span> <span class='ocrx_word' id='word_1_110' title='bbox 854 1154 953 1201; x_wconf 86' lang='lat' dir='ltr'>ipsius</span> <span class='ocrx_word' id='word_1_111' title='bbox 988 1154 1127 1199; x_wconf 81' lang='lat' dir='ltr'>regimen</span> 
     </span>
     <span class='ocr_line' id='line_1_25' title="bbox 378 1203 1129 1251; baseline -0.004 -11"><span class='ocrx_word' id='word_1_112' title='bbox 378 1207 527 1241; x_wconf 84' lang='lat' dir='ltr'>hactenus</span> <span class='ocrx_word' id='word_1_113' title='bbox 545 1206 615 1251; x_wconf 80' lang='lat' dir='ltr'>eligi</span> <span class='ocrx_word' id='word_1_114' title='bbox 634 1205 809 1247; x_wconf 80' lang='lat' dir='ltr'>consuevit,</span> <span class='ocrx_word' id='word_1_115' title='bbox 828 1212 880 1237; x_wconf 80' lang='lat' dir='ltr'>aut</span> <span class='ocrx_word' id='word_1_116' title='bbox 895 1203 1129 1237; x_wconf 85' lang='lat' dir='ltr'>ecclesiasticus</span> 
     </span>
     <span class='ocr_line' id='line_1_26' title="bbox 379 1253 1128 1308; baseline -0.005 -19"><span class='ocrx_word' id='word_1_117' title='bbox 379 1255 470 1289; x_wconf 87' lang='lat' dir='ltr'>iudex</span> <span class='ocrx_word' id='word_1_118' title='bbox 497 1267 552 1289; x_wconf 88' lang='lat' dir='ltr'>sen</span> <span class='ocrx_word' id='word_1_119' title='bbox 581 1255 637 1289; x_wconf 82' lang='lat' dir='ltr'>loci</span> <span class='ocrx_word' id='word_1_120' title='bbox 665 1254 857 1308; x_wconf 71' lang='lat' dir='ltr'>ordinarius,</span> <span class='ocrx_word' id='word_1_121' title='bbox 894 1253 994 1299; x_wconf 81' lang='lat' dir='ltr'>primo</span> <span class='ocrx_word' id='word_1_122' title='bbox 1021 1260 1128 1286; x_wconf 86' lang='lat' dir='ltr'>contra</span> 
     </span>
     <span class='ocr_line' id='line_1_27' title="bbox 377 1302 1130 1351; baseline -0.005 -12"><span class='ocrx_word' id='word_1_123' title='bbox 377 1303 576 1351; x_wconf 85' lang='lat' dir='ltr'>quemlibet</span> <span class='ocrx_word' id='word_1_124' title='bbox 571 1304 668 1350; x_wconf 68' lang='lat' dir='ltr'>ipsius</span> <span class='ocrx_word' id='word_1_125' title='bbox 684 1303 862 1350; x_wconf 69' lang='grc' dir='ltr'>[ιι-οιιιιειιιιι</span> <span class='ocrx_word' id='word_1_126' title='bbox 886 1302 1018 1336; x_wconf 84' lang='lat' dir='ltr'>incolam</span> <span class='ocrx_word' id='word_1_127' title='bbox 1034 1314 1130 1348; x_wconf 79' lang='lat' dir='ltr'>supet</span> 
     </span>
     <span class='ocr_line' id='line_1_28' title="bbox 377 1351 1130 1399; baseline -0.004 -12"><span class='ocrx_word' id='word_1_128' title='bbox 377 1354 501 1387; x_wconf 87' lang='lat' dir='ltr'>delictis</span> <span class='ocrx_word' id='word_1_129' title='bbox 530 1362 558 1387; x_wconf 88' lang='lat' dir='ltr'>et</span> <span class='ocrx_word' id='word_1_130' title='bbox 591 1353 774 1388; x_wconf 76' lang='lat' dir='ltr'><strong>excessibus</strong></span> <span class='ocrx_word' id='word_1_131' title='bbox 796 1351 1051 1399; x_wconf 87' lang='lat' dir='ltr'>quibuscumque</span> <span class='ocrx_word' id='word_1_132' title='bbox 1076 1363 1130 1397; x_wconf 85' lang='lat' dir='ltr'>per</span> 
     </span>
     <span class='ocr_line' id='line_1_29' title="bbox 378 1399 1131 1437; baseline -0.005 0"><span class='ocrx_word' id='word_1_133' title='bbox 378 1402 607 1437; x_wconf 74' lang='lat' dir='ltr'>accusationem</span> <span class='ocrx_word' id='word_1_134' title='bbox 636 1410 690 1436; x_wconf 89' lang='lat' dir='ltr'>aut</span> <span class='ocrx_word' id='word_1_135' title='bbox 712 1401 988 1436; x_wconf 82' lang='lat' dir='ltr'>denunciationem</span> <span class='ocrx_word' id='word_1_136' title='bbox 1016 1399 1085 1434; x_wconf 86' lang='lat' dir='ltr'>vel</span> <span class='ocrx_word' id='word_1_137' title='bbox 1080 1413 1131 1434; x_wconf 89' lang='grc' dir='ltr'>ιιι-</span> 
     </span>
     <span class='ocr_line' id='line_1_30' title="bbox 379 1450 1132 1506; baseline -0.004 -20"><span class='ocrx_word' id='word_1_138' title='bbox 379 1452 582 1499; x_wconf 88' lang='lat' dir='ltr'>quisitionem</span> <span class='ocrx_word' id='word_1_139' title='bbox 609 1451 732 1486; x_wconf 75' lang='lat' dir='ltr'>duxerit</span> <span class='ocrx_word' id='word_1_140' title='bbox 756 1450 1022 1506; x_wconf 82' lang='lat' dir='ltr'>procedendum,</span> <span class='ocrx_word' id='word_1_141' title='bbox 1056 1458 1132 1485; x_wconf 88' lang='lat' dir='ltr'>tunc</span> 
     </span>
     <span class='ocr_line' id='line_1_31' title="bbox 380 1499 1132 1547; baseline -0.004 -12"><span class='ocrx_word' id='word_1_142' title='bbox 380 1501 521 1536; x_wconf 88' lang='lat' dir='ltr'>eiusdem</span> <span class='ocrx_word' id='word_1_143' title='bbox 545 1510 646 1535; x_wconf 81' lang='lat' dir='ltr'>rector</span> <span class='ocrx_word' id='word_1_144' title='bbox 674 1500 868 1547; x_wconf 78' lang='lat' dir='ltr'>provinciae,</span> <span class='ocrx_word' id='word_1_145' title='bbox 893 1507 953 1533; x_wconf 86' lang='lat' dir='ltr'>tam</span> <span class='ocrx_word' id='word_1_146' title='bbox 984 1512 1012 1533; x_wconf 89' lang='grc' dir='ltr'>ιιι</span> <span class='ocrx_word' id='word_1_147' title='bbox 1037 1499 1132 1545; x_wconf 82' lang='lat' dir='ltr'>spiri—</span> 
     </span>
     <span class='ocr_line' id='line_1_32' title="bbox 383 1548 1131 1596; baseline -0.004 -11"><span class='ocrx_word' id='word_1_148' title='bbox 383 1550 519 1585; x_wconf 85' lang='lat' dir='ltr'>tualibus</span> <span class='ocrx_word' id='word_1_149' title='bbox 535 1558 564 1585; x_wconf 89' lang='lat' dir='ltr'>et</span> <span class='ocrx_word' id='word_1_150' title='bbox 581 1550 808 1596; x_wconf 86' lang='lat' dir='ltr'>temporalibus</span> <span class='ocrx_word' id='word_1_151' title='bbox 826 1557 932 1583; x_wconf 88' lang='lat' dir='ltr'>contra</span> <span class='ocrx_word' id='word_1_152' title='bbox 949 1548 1131 1583; x_wconf 82' lang='lat' dir='ltr'>huiusmodi</span> 
     </span>
     <span class='ocr_line' id='line_1_33' title="bbox 381 1598 1134 1646; baseline -0.004 -12"><span class='ocrx_word' id='word_1_153' title='bbox 381 1600 615 1646; x_wconf 79' lang='lat' dir='ltr'>delinquentem</span> <span class='ocrx_word' id='word_1_154' title='bbox 631 1599 765 1634; x_wconf 87' lang='lat' dir='ltr'>ulterius</span> <span class='ocrx_word' id='word_1_155' title='bbox 781 1611 842 1634; x_wconf 91' lang='lat' dir='ltr'>non</span> <span class='ocrx_word' id='word_1_156' title='bbox 858 1598 1017 1645; x_wconf 86' lang='lat' dir='ltr'>procedat,</span> <span class='ocrx_word' id='word_1_157' title='bbox 1036 1610 1134 1644; x_wconf 89' lang='lat' dir='ltr'>quan-</span> 
     </span>
     <span class='ocr_line' id='line_1_34' title="bbox 382 1647 1134 1695; baseline -0.001 -12"><span class='ocrx_word' id='word_1_158' title='bbox 382 1658 587 1695; x_wconf 88' lang='lat' dir='ltr'>tumcumque</span> <span class='ocrx_word' id='word_1_159' title='bbox 602 1649 631 1682; x_wconf 90' lang='lat' dir='ltr'>in</span> <span class='ocrx_word' id='word_1_160' title='bbox 644 1648 728 1683; x_wconf 83' lang='lat' dir='ltr'>curia</span> <span class='ocrx_word' id='word_1_161' title='bbox 745 1648 873 1683; x_wconf 83' lang='lat' dir='ltr'>rectoris</span> <span class='ocrx_word' id='word_1_162' title='bbox 887 1647 1025 1694; x_wconf 72' lang='lat' dir='ltr'>pra-dicti</span> <span class='ocrx_word' id='word_1_163' title='bbox 1040 1659 1134 1694; x_wconf 82' lang='lat' dir='ltr'>supet·</span> 
     </span>
     <span class='ocr_line' id='line_1_35' title="bbox 382 1697 1134 1734; baseline -0.004 -1"><span class='ocrx_word' id='word_1_164' title='bbox 382 1698 492 1734; x_wconf 88' lang='lat' dir='ltr'>eodem</span> <span class='ocrx_word' id='word_1_165' title='bbox 527 1698 643 1732; x_wconf 88' lang='lat' dir='ltr'>delicto</span> <span class='ocrx_word' id='word_1_166' title='bbox 675 1698 765 1732; x_wconf 85' lang='lat' dir='ltr'>suerit</span> <span class='ocrx_word' id='word_1_167' title='bbox 796 1705 970 1732; x_wconf 89' lang='lat' dir='ltr'>accusatus</span> <span class='ocrx_word' id='word_1_168' title='bbox 1005 1697 1039 1731; x_wconf 89' lang='lat' dir='ltr'>Si</span> <span class='ocrx_word' id='word_1_169' title='bbox 1062 1709 1134 1731; x_wconf 88' lang='lat' dir='ltr'>vero</span> 
     </span>
     <span class='ocr_line' id='line_1_36' title="bbox 385 1746 1136 1794; baseline -0.001 -13"><span class='ocrx_word' id='word_1_170' title='bbox 385 1748 540 1794; x_wconf 76' lang='lat' dir='ltr'>praelatus</span> <span class='ocrx_word' id='word_1_171' title='bbox 567 1755 668 1782; x_wconf 87' lang='lat' dir='ltr'>rector</span> <span class='ocrx_word' id='word_1_172' title='bbox 689 1756 796 1782; x_wconf 90' lang='lat' dir='ltr'>contra</span> <span class='ocrx_word' id='word_1_173' title='bbox 821 1746 1001 1781; x_wconf 82' lang='lat' dir='ltr'>huiusmodi</span> <span class='ocrx_word' id='word_1_174' title='bbox 1024 1746 1136 1781; x_wconf 90' lang='lat' dir='ltr'>delin-</span> 
     </span>
     <span class='ocr_line' id='line_1_37' title="bbox 383 1796 1136 1844; baseline -0.003 -13"><span class='ocrx_word' id='word_1_175' title='bbox 383 1805 531 1844; x_wconf 87' lang='lat' dir='ltr'>quentem</span> <span class='ocrx_word' id='word_1_176' title='bbox 549 1797 636 1844; x_wconf 84' lang='lat' dir='ltr'>prius</span> <span class='ocrx_word' id='word_1_177' title='bbox 650 1796 773 1831; x_wconf 79' lang='lat' dir='ltr'>duxerit</span> <span class='ocrx_word' id='word_1_178' title='bbox 796 1796 1046 1843; x_wconf 81' lang='lat' dir='ltr'>procedendum,</span> <span class='ocrx_word' id='word_1_179' title='bbox 1071 1808 1136 1830; x_wconf 90' lang='lat' dir='ltr'>me-</span> 
     </span>
     <span class='ocr_line' id='line_1_38' title="bbox 385 1846 1138 1893; baseline 0.001 -13"><span class='ocrx_word' id='word_1_180' title='bbox 385 1854 524 1881; x_wconf 85' lang='lat' dir='ltr'>moratus</span> <span class='ocrx_word' id='word_1_181' title='bbox 548 1854 695 1893; x_wconf 69' lang='lat' dir='ltr'>potestas„</span> <span class='ocrx_word' id='word_1_182' title='bbox 717 1846 898 1892; x_wconf 80' lang='lat' dir='ltr'>capitaneus</span> <span class='ocrx_word' id='word_1_183' title='bbox 921 1846 966 1880; x_wconf 90' lang='lat' dir='ltr'>vel</span> <span class='ocrx_word' id='word_1_184' title='bbox 990 1846 1138 1881; x_wconf 82' lang='lat' dir='ltr'>defensor</span> 
     </span>
     <span class='ocr_line' id='line_1_39' title="bbox 386 1895 1139 1942; baseline 0 -12"><span class='ocrx_word' id='word_1_185' title='bbox 386 1908 447 1930; x_wconf 89' lang='lat' dir='ltr'>non</span> <span class='ocrx_word' id='word_1_186' title='bbox 472 1896 639 1942; x_wconf 78' lang='lat' dir='ltr'>procedant</span> <span class='ocrx_word' id='word_1_187' title='bbox 662 1896 690 1929; x_wconf 94' lang='lat' dir='ltr'>in</span> <span class='ocrx_word' id='word_1_188' title='bbox 713 1895 819 1942; x_wconf 89' lang='lat' dir='ltr'>aliquo</span> <span class='ocrx_word' id='word_1_189' title='bbox 842 1903 949 1930; x_wconf 84' lang='lat' dir='ltr'>contra</span> <span class='ocrx_word' id='word_1_190' title='bbox 972 1907 1055 1931; x_wconf 86' lang='lat' dir='ltr'>eum.</span> <span class='ocrx_word' id='word_1_191' title='bbox 1075 1895 1139 1930; x_wconf 90' lang='lat' dir='ltr'>Or-</span> 
     </span>
     <span class='ocr_line' id='line_1_40' title="bbox 387 1945 1139 1992; baseline 0.001 -13"><span class='ocrx_word' id='word_1_192' title='bbox 387 1945 532 1980; x_wconf 86' lang='lat' dir='ltr'>dinamus</span> <span class='ocrx_word' id='word_1_193' title='bbox 553 1954 582 1980; x_wconf 87' lang='lat' dir='ltr'>et</span> <span class='ocrx_word' id='word_1_194' title='bbox 609 1946 789 1985; x_wconf 77' lang='lat' dir='ltr'>statuimus,</span> <span class='ocrx_word' id='word_1_195' title='bbox 819 1953 849 1979; x_wconf 90' lang='lat' dir='ltr'>nt</span> <span class='ocrx_word' id='word_1_196' title='bbox 871 1945 1001 1980; x_wconf 74' lang='lat' dir='ltr'>cuilibet</span> <span class='ocrx_word' id='word_1_197' title='bbox 1027 1945 1139 1992; x_wconf 86' lang='lat' dir='ltr'>appel—</span> 
     </span>
     <span class='ocr_line' id='line_1_41' title="bbox 388 1995 1137 2042; baseline 0.001 -13"><span class='ocrx_word' id='word_1_198' title='bbox 388 1995 460 2029; x_wconf 87' lang='lat' dir='ltr'>lanti</span> <span class='ocrx_word' id='word_1_199' title='bbox 485 2003 515 2029; x_wconf 89' lang='lat' dir='ltr'>et</span> <span class='ocrx_word' id='word_1_200' title='bbox 541 1995 697 2042; x_wconf 85' lang='lat' dir='ltr'>appellare</span> <span class='ocrx_word' id='word_1_201' title='bbox 725 1995 840 2030; x_wconf 86' lang='lat' dir='ltr'>volenti</span> <span class='ocrx_word' id='word_1_202' title='bbox 882 2007 986 2029; x_wconf 86' lang='lat' dir='ltr'>coram</span> <span class='ocrx_word' id='word_1_203' title='bbox 1015 2004 1137 2030; x_wconf 86' lang='lat' dir='ltr'>rectore</span> 
     </span>
     <span class='ocr_line' id='line_1_42' title="bbox 389 2043 1139 2091; baseline 0.001 -13"><span class='ocrx_word' id='word_1_204' title='bbox 389 2043 548 2091; x_wconf 87' lang='lat' dir='ltr'>praedicto</span> <span class='ocrx_word' id='word_1_205' title='bbox 571 2052 623 2078; x_wconf 92' lang='lat' dir='ltr'>aut</span> <span class='ocrx_word' id='word_1_206' title='bbox 647 2044 715 2078; x_wconf 88' lang='lat' dir='ltr'>eins</span> <span class='ocrx_word' id='word_1_207' title='bbox 736 2044 933 2087; x_wconf 84' lang='lat' dir='ltr'>officialibus,</span> <span class='ocrx_word' id='word_1_208' title='bbox 969 2045 1058 2079; x_wconf 85' lang='lat' dir='ltr'>liceat</span> <span class='ocrx_word' id='word_1_209' title='bbox 1081 2045 1139 2079; x_wconf 91' lang='lat' dir='ltr'>sibi</span> 
     </span>
     <span class='ocr_line' id='line_1_43' title="bbox 388 2097 1142 2144; baseline 0 -13"><span class='ocrx_word' id='word_1_210' title='bbox 388 2110 481 2144; x_wconf 85' lang='lat' dir='ltr'>quem</span> <span class='ocrx_word' id='word_1_211' title='bbox 515 2097 659 2133; x_wconf 85' lang='lat' dir='ltr'>maluerit</span> <span class='ocrx_word' id='word_1_212' title='bbox 687 2098 802 2132; x_wconf 82' lang='lat' dir='ltr'>babere</span> <span class='ocrx_word' id='word_1_213' title='bbox 831 2098 986 2132; x_wconf 86' lang='lat' dir='ltr'>notarium</span> <span class='ocrx_word' id='word_1_214' title='bbox 1015 2097 1052 2132; x_wconf 90' lang='lat' dir='ltr'>ad</span> <span class='ocrx_word' id='word_1_215' title='bbox 1077 2098 1142 2132; x_wconf 85' lang='lat' dir='ltr'>for-</span> 
     </span>
     <span class='ocr_line' id='line_1_44' title="bbox 390 2151 1142 2199; baseline 0.001 -14"><span class='ocrx_word' id='word_1_216' title='bbox 390 2151 539 2186; x_wconf 89' lang='lat' dir='ltr'>mandum</span> <span class='ocrx_word' id='word_1_217' title='bbox 563 2163 617 2186; x_wconf 89' lang='lat' dir='ltr'>seu</span> <span class='ocrx_word' id='word_1_218' title='bbox 649 2151 825 2186; x_wconf 83' lang='lat' dir='ltr'>faciendum</span> <span class='ocrx_word' id='word_1_219' title='bbox 851 2152 916 2186; x_wconf 79' lang='lat' dir='ltr'>sieri</span> <span class='ocrx_word' id='word_1_220' title='bbox 948 2152 1142 2199; x_wconf 87' lang='lat' dir='ltr'>appellatio—</span> 
     </span>
     <span class='ocr_line' id='line_1_45' title="bbox 391 2205 1143 2252; baseline 0.003 -13"><span class='ocrx_word' id='word_1_221' title='bbox 391 2218 461 2239; x_wconf 87' lang='lat' dir='ltr'>nem</span> <span class='ocrx_word' id='word_1_222' title='bbox 491 2205 537 2239; x_wconf 85' lang='lat' dir='ltr'>vel</span> <span class='ocrx_word' id='word_1_223' title='bbox 564 2205 809 2252; x_wconf 74' lang='lat' dir='ltr'>appellationes,</span> <span class='ocrx_word' id='word_1_224' title='bbox 836 2218 915 2252; x_wconf 86' lang='lat' dir='ltr'>quae</span> <span class='ocrx_word' id='word_1_225' title='bbox 953 2205 1066 2240; x_wconf 84' lang='lat' dir='ltr'>suerint</span> <span class='ocrx_word' id='word_1_226' title='bbox 1098 2207 1143 2241; x_wconf 85' lang='lat' dir='ltr'>fa-</span> 
     </span>
     <span class='ocr_line' id='line_1_46' title="bbox 392 2258 1144 2306; baseline 0.003 -14"><span class='ocrx_word' id='word_1_227' title='bbox 392 2258 532 2298; x_wconf 81' lang='lat' dir='ltr'>ciendae,</span> <span class='ocrx_word' id='word_1_228' title='bbox 556 2259 701 2305; x_wconf 89' lang='lat' dir='ltr'>ipsasque</span> <span class='ocrx_word' id='word_1_229' title='bbox 725 2260 754 2293; x_wconf 92' lang='lat' dir='ltr'>in</span> <span class='ocrx_word' id='word_1_230' title='bbox 777 2260 905 2294; x_wconf 76' lang='lat' dir='ltr'>sormam</span> <span class='ocrx_word' id='word_1_231' title='bbox 927 2259 1080 2306; x_wconf 81' lang='lat' dir='ltr'>publicam</span> <span class='ocrx_word' id='word_1_232' title='bbox 1100 2272 1144 2294; x_wconf 90' lang='lat' dir='ltr'>re-</span> 
     </span>
     <span class='ocr_line' id='line_1_47' title="bbox 393 2312 1143 2359; baseline 0.003 -14"><span class='ocrx_word' id='word_1_233' title='bbox 393 2312 470 2358; x_wconf 80' lang='lat' dir='ltr'>digi,</span> <span class='ocrx_word' id='word_1_234' title='bbox 494 2320 586 2359; x_wconf 85' lang='lat' dir='ltr'>prout</span> <span class='ocrx_word' id='word_1_235' title='bbox 610 2312 702 2346; x_wconf 78' lang='lat' dir='ltr'>suerit</span> <span class='ocrx_word' id='word_1_236' title='bbox 725 2321 952 2359; x_wconf 87' lang='lat' dir='ltr'>opportunum.</span> <span class='ocrx_word' id='word_1_237' title='bbox 973 2312 1015 2347; x_wconf 87' lang='lat' dir='ltr'>lta</span> <span class='ocrx_word' id='word_1_238' title='bbox 1040 2320 1143 2347; x_wconf 88' lang='lat' dir='ltr'>tamen</span> 
     </span>
     <span class='ocr_line' id='line_1_48' title="bbox 395 2366 1144 2413; baseline 0.001 -13"><span class='ocrx_word' id='word_1_239' title='bbox 395 2366 477 2411; x_wconf 87' lang='lat' dir='ltr'>quod</span> <span class='ocrx_word' id='word_1_240' title='bbox 506 2366 761 2412; x_wconf 86' lang='lat' dir='ltr'>praenominatus</span> <span class='ocrx_word' id='word_1_241' title='bbox 789 2367 949 2410; x_wconf 73' lang='lat' dir='ltr'>notarius,</span> <span class='ocrx_word' id='word_1_242' title='bbox 978 2375 1144 2413; x_wconf 82' lang='lat' dir='ltr'>antequam</span> 
     </span>
     <span class='ocr_line' id='line_1_49' title="bbox 396 2420 1146 2467; baseline 0.003 -14"><span class='ocrx_word' id='word_1_243' title='bbox 396 2420 433 2453; x_wconf 91' lang='lat' dir='ltr'>de</span> <span class='ocrx_word' id='word_1_244' title='bbox 457 2420 556 2466; x_wconf 88' lang='lat' dir='ltr'>ipsius</span> <span class='ocrx_word' id='word_1_245' title='bbox 585 2421 714 2454; x_wconf 81' lang='lat' dir='ltr'>rectoris</span> <span class='ocrx_word' id='word_1_246' title='bbox 740 2421 825 2455; x_wconf 77' lang='lat' dir='ltr'>curia</span> <span class='ocrx_word' id='word_1_247' title='bbox 851 2434 884 2455; x_wconf 89' lang='lat' dir='ltr'>se</span> <span class='ocrx_word' id='word_1_248' title='bbox 907 2421 1060 2459; x_wconf 77' lang='lat' dir='ltr'>absentet,</span> <span class='ocrx_word' id='word_1_249' title='bbox 1083 2434 1146 2467; x_wconf 87' lang='lat' dir='ltr'>ap—</span> 
     </span>
     <span class='ocr_line' id='line_1_50' title="bbox 399 2473 1145 2522; baseline 0.001 -15"><span class='ocrx_word' id='word_1_250' title='bbox 399 2473 574 2519; x_wconf 86' lang='lat' dir='ltr'>pellationis</span> <span class='ocrx_word' id='word_1_251' title='bbox 602 2474 782 2509; x_wconf 88' lang='lat' dir='ltr'>huiusmodi</span> <span class='ocrx_word' id='word_1_252' title='bbox 816 2477 937 2522; x_wconf 84' lang='lat' dir='ltr'>copiam</span> <span class='ocrx_word' id='word_1_253' title='bbox 980 2476 1009 2508; x_wconf 92' lang='lat' dir='ltr'>in</span> <span class='ocrx_word' id='word_1_254' title='bbox 1037 2475 1145 2509; x_wconf 83' lang='lat' dir='ltr'>eadem</span> 
     </span>
     <span class='ocr_line' id='line_1_51' title="bbox 401 2527 1147 2574; baseline 0.003 -15"><span class='ocrx_word' id='word_1_255' title='bbox 401 2527 497 2561; x_wconf 80' lang='lat' dir='ltr'>forma</span> <span class='ocrx_word' id='word_1_256' title='bbox 527 2527 681 2562; x_wconf 82' lang='lat' dir='ltr'>redactam</span> <span class='ocrx_word' id='word_1_257' title='bbox 707 2541 803 2574; x_wconf 80' lang='lat' dir='ltr'>penes</span> <span class='ocrx_word' id='word_1_258' title='bbox 824 2528 941 2563; x_wconf 88' lang='lat' dir='ltr'>dictum</span> <span class='ocrx_word' id='word_1_259' title='bbox 984 2536 1147 2568; x_wconf 85' lang='lat' dir='ltr'>rectorem,</span> 
     </span>
     <span class='ocr_line' id='line_1_52' title="bbox 400 2581 1149 2629; baseline -0.003 -12"><span class='ocrx_word' id='word_1_260' title='bbox 400 2595 454 2618; x_wconf 90' lang='lat' dir='ltr'>seu</span> <span class='ocrx_word' id='word_1_261' title='bbox 470 2581 619 2616; x_wconf 80' lang='lat' dir='ltr'>officiales</span> <span class='ocrx_word' id='word_1_262' title='bbox 635 2582 746 2629; x_wconf 77' lang='lat' dir='ltr'>ipsius,</span> <span class='ocrx_word' id='word_1_263' title='bbox 765 2583 789 2616; x_wconf 79' lang='lat' dir='ltr'>si</span> <span class='ocrx_word' id='word_1_264' title='bbox 808 2583 900 2629; x_wconf 91' lang='lat' dir='ltr'>petita</span> <span class='ocrx_word' id='word_1_265' title='bbox 917 2582 1023 2625; x_wconf 78' lang='lat' dir='ltr'>suerit,</span> <span class='ocrx_word' id='word_1_266' title='bbox 1039 2582 1149 2616; x_wconf 90' lang='lat' dir='ltr'>dimit-</span> 
     </span>
     <span class='ocr_line' id='line_1_53' title="bbox 402 2635 1148 2683; baseline 0 -13"><span class='ocrx_word' id='word_1_267' title='bbox 402 2644 465 2671; x_wconf 88' lang='lat' dir='ltr'>tere</span> <span class='ocrx_word' id='word_1_268' title='bbox 494 2643 646 2670; x_wconf 84' lang='lat' dir='ltr'>tencatur.</span> <span class='ocrx_word' id='word_1_269' title='bbox 671 2635 703 2670; x_wconf 81' lang='lat' dir='ltr'>Si</span> <span class='ocrx_word' id='word_1_270' title='bbox 728 2644 832 2670; x_wconf 78' lang='lat' dir='ltr'>autem</span> <span class='ocrx_word' id='word_1_271' title='bbox 858 2636 1015 2683; x_wconf 79' lang='lat' dir='ltr'>praefatus</span> <span class='ocrx_word' id='word_1_272' title='bbox 1035 2644 1148 2676; x_wconf 83' lang='lat' dir='ltr'>rector,</span> 
     </span>
    </p>
   </div>
   <div class='ocr_carea' id='block_1_5' title="bbox 970 473 1125 511">
    <p class='ocr_par' dir='ltr' id='par_1_5' title="bbox 970 473 1125 511">
     <span class='ocr_line' id='line_1_54' title="bbox 970 473 1125 511; baseline -0.006 -11.994"><span class='ocrx_word' id='word_1_273' title='bbox 971 478 988 491; x_wconf 57' lang='grc' dir='ltr'>ι</span> <span class='ocrx_word' id='word_1_274' title='bbox 970 473 1071 511; x_wconf 63' lang='grc' dir='ltr'>ζςιι51ιι1</span> <span class='ocrx_word' id='word_1_275' title='bbox 1095 473 1125 499; x_wconf 84' lang='lat' dir='ltr'>et</span> 
     </span>
    </p>
   </div>
   <div class='ocr_carea' id='block_1_6' title="bbox 1136 1620 1184 2557">
    <p class='ocr_par' dir='ltr' id='par_1_6' title="bbox 1136 1620 1184 2557">
     <span class='ocr_line' id='line_1_55' title="bbox 1136 1620 1184 2557; baseline 0 0"><span class='ocrx_word' id='word_1_276' title='bbox 1136 1620 1184 2557; x_wconf 95' lang='lat' dir='ltr'> </span> 
     </span>
    </p>
   </div>
   <div class='ocr_carea' id='block_1_7' title="bbox 948 263 1322 288">
    <p class='ocr_par' dir='ltr' id='par_1_7' title="bbox 948 263 1322 288">
     <span class='ocr_line' id='line_1_56' title="bbox 948 263 1322 288; baseline -0.013 0"><span class='ocrx_word' id='word_1_277' title='bbox 948 266 1047 288; x_wconf 65' lang='lat' dir='ltr'>tit&#39;LLA</span> <span class='ocrx_word' id='word_1_278' title='bbox 1054 266 1084 286; x_wconf 73' lang='lat' dir='ltr'>ttt</span> <span class='ocrx_word' id='word_1_279' title='bbox 1092 266 1133 286; x_wconf 74' lang='grc' dir='ltr'>ΓΜ</span> <span class='ocrx_word' id='word_1_280' title='bbox 1163 263 1322 285; x_wconf 69' lang='lat' dir='ltr'><strong>ROMANUM</strong></span> 
     </span>
    </p>
   </div>
   <div class='ocr_carea' id='block_1_8' title="bbox 1165 315 1921 792">
    <p class='ocr_par' dir='ltr' id='par_1_8' title="bbox 1165 315 1921 792">
     <span class='ocr_line' id='line_1_57' title="bbox 1166 315 1914 361; baseline -0.001 -11"><span class='ocrx_word' id='word_1_281' title='bbox 1166 318 1210 351; x_wconf 88' lang='lat' dir='ltr'>vel</span> <span class='ocrx_word' id='word_1_282' title='bbox 1239 317 1308 349; x_wconf 82' lang='lat' dir='ltr'>eins</span> <span class='ocrx_word' id='word_1_283' title='bbox 1330 315 1478 350; x_wconf 83' lang='lat' dir='ltr'>olliciales</span> <span class='ocrx_word' id='word_1_284' title='bbox 1499 315 1666 361; x_wconf 82' lang='lat' dir='ltr'>appellanti</span> <span class='ocrx_word' id='word_1_285' title='bbox 1689 316 1821 350; x_wconf 85' lang='lat' dir='ltr'>voluerit</span> <span class='ocrx_word' id='word_1_286' title='bbox 1853 327 1914 350; x_wconf 91' lang='lat' dir='ltr'>non</span> 
     </span>
     <span class='ocr_line' id='line_1_58' title="bbox 1166 363 1915 419; baseline -0.004 -19"><span class='ocrx_word' id='word_1_287' title='bbox 1166 376 1226 400; x_wconf 81' lang='lat' dir='ltr'>tam</span> <span class='ocrx_word' id='word_1_288' title='bbox 1252 365 1396 419; x_wconf 80' lang='lat' dir='ltr'>protinus</span> <span class='ocrx_word' id='word_1_289' title='bbox 1419 364 1621 410; x_wconf 81' lang='lat' dir='ltr'>respondere,</span> <span class='ocrx_word' id='word_1_290' title='bbox 1640 363 1849 410; x_wconf 84' lang='lat' dir='ltr'>appellantem</span> <span class='ocrx_word' id='word_1_291' title='bbox 1871 365 1915 398; x_wconf 87' lang='lat' dir='ltr'>vel</span> 
     </span>
     <span class='ocr_line' id='line_1_59' title="bbox 1166 412 1917 460; baseline -0.004 -11"><span class='ocrx_word' id='word_1_292' title='bbox 1166 416 1333 452; x_wconf 75' lang='lat' dir='ltr'>notarium,</span> <span class='ocrx_word' id='word_1_293' title='bbox 1359 414 1412 460; x_wconf 85' lang='lat' dir='ltr'>qui</span> <span class='ocrx_word' id='word_1_294' title='bbox 1436 412 1657 459; x_wconf 77' lang='lat' dir='ltr'>appellationis</span> <span class='ocrx_word' id='word_1_295' title='bbox 1680 412 1878 446; x_wconf 73' lang='lat' dir='ltr'>confecerit</span> <span class='ocrx_word' id='word_1_296' title='bbox 1874 426 1917 446; x_wconf 89' lang='grc' dir='ltr'>ιιι-</span> 
     </span>
     <span class='ocr_line' id='line_1_60' title="bbox 1165 461 1918 516; baseline -0.003 -19"><span class='ocrx_word' id='word_1_297' title='bbox 1165 470 1391 502; x_wconf 74' lang='grc' dir='ltr'>51ιιιιιιιιι1ιιιιι,</span> <span class='ocrx_word' id='word_1_298' title='bbox 1408 474 1605 516; x_wconf 80' lang='lat' dir='ltr'>nequaqnam</span> <span class='ocrx_word' id='word_1_299' title='bbox 1623 462 1751 495; x_wconf 87' lang='lat' dir='ltr'>retineat</span> <span class='ocrx_word' id='word_1_300' title='bbox 1767 461 1812 495; x_wconf 89' lang='lat' dir='ltr'>vel</span> <span class='ocrx_word' id='word_1_301' title='bbox 1830 461 1918 495; x_wconf 80' lang='lat' dir='ltr'>faciat</span> 
     </span>
     <span class='ocr_line' id='line_1_61' title="bbox 1165 510 1918 559; baseline -0.004 -13"><span class='ocrx_word' id='word_1_302' title='bbox 1165 513 1364 559; x_wconf 85' lang='lat' dir='ltr'>aliquatenus</span> <span class='ocrx_word' id='word_1_303' title='bbox 1378 511 1527 545; x_wconf 78' lang='lat' dir='ltr'>detineri.</span> <span class='ocrx_word' id='word_1_304' title='bbox 1543 511 1686 556; x_wconf 82' lang='lat' dir='ltr'>quinimo</span> <span class='ocrx_word' id='word_1_305' title='bbox 1703 510 1805 556; x_wconf 87' lang='lat' dir='ltr'>ipsum</span> <span class='ocrx_word' id='word_1_306' title='bbox 1822 510 1918 545; x_wconf 78' lang='lat' dir='ltr'>libere</span> 
     </span>
     <span class='ocr_line' id='line_1_62' title="bbox 1166 559 1919 613; baseline -0.003 -18"><span class='ocrx_word' id='word_1_307' title='bbox 1166 561 1251 595; x_wconf 81' lang='lat' dir='ltr'>abire</span> <span class='ocrx_word' id='word_1_308' title='bbox 1281 561 1451 606; x_wconf 43' lang='lat' dir='ltr'>permittant</span> <span class='ocrx_word' id='word_1_309' title='bbox 1480 561 1616 606; x_wconf 79' lang='lat' dir='ltr'>praclixo</span> <span class='ocrx_word' id='word_1_310' title='bbox 1639 560 1774 594; x_wconf 87' lang='lat' dir='ltr'>termino</span> <span class='ocrx_word' id='word_1_311' title='bbox 1809 559 1919 613; x_wconf 85' lang='lat' dir='ltr'>appel-</span> 
     </span>
     <span class='ocr_line' id='line_1_63' title="bbox 1168 609 1919 656; baseline -0.001 -13"><span class='ocrx_word' id='word_1_312' title='bbox 1168 610 1255 649; x_wconf 87' lang='lat' dir='ltr'>lanti,</span> <span class='ocrx_word' id='word_1_313' title='bbox 1285 611 1314 643; x_wconf 93' lang='lat' dir='ltr'>in</span> <span class='ocrx_word' id='word_1_314' title='bbox 1351 622 1415 656; x_wconf 87' lang='lat' dir='ltr'>qno</span> <span class='ocrx_word' id='word_1_315' title='bbox 1449 609 1611 655; x_wconf 87' lang='lat' dir='ltr'>appellans</span> <span class='ocrx_word' id='word_1_316' title='bbox 1638 616 1829 655; x_wconf 80' lang='lat' dir='ltr'>compareat</span> <span class='ocrx_word' id='word_1_317' title='bbox 1854 621 1919 654; x_wconf 81' lang='lat' dir='ltr'>ipse</span> 
     </span>
     <span class='ocr_line' id='line_1_64' title="bbox 1169 658 1920 705; baseline -0.001 -12"><span class='ocrx_word' id='word_1_318' title='bbox 1169 658 1421 705; x_wconf 71' lang='lat' dir='ltr'>responsionem,</span> <span class='ocrx_word' id='word_1_319' title='bbox 1444 671 1538 705; x_wconf 82' lang='lat' dir='ltr'>qnam</span> <span class='ocrx_word' id='word_1_320' title='bbox 1563 658 1620 692; x_wconf 86' lang='lat' dir='ltr'>sibi</span> <span class='ocrx_word' id='word_1_321' title='bbox 1649 670 1745 704; x_wconf 85' lang='lat' dir='ltr'>super</span> <span class='ocrx_word' id='word_1_322' title='bbox 1771 658 1920 705; x_wconf 87' lang='lat' dir='ltr'>appella-</span> 
     </span>
     <span class='ocr_line' id='line_1_65' title="bbox 1167 706 1921 747; baseline -0.004 -4"><span class='ocrx_word' id='word_1_323' title='bbox 1167 709 1253 743; x_wconf 83' lang='lat' dir='ltr'>tione</span> <span class='ocrx_word' id='word_1_324' title='bbox 1277 708 1456 742; x_wconf 82' lang='lat' dir='ltr'>huiusmodi</span> <span class='ocrx_word' id='word_1_325' title='bbox 1482 708 1601 747; x_wconf 76' lang='lat' dir='ltr'>fecerit,</span> <span class='ocrx_word' id='word_1_326' title='bbox 1621 707 1799 742; x_wconf 83' lang='lat' dir='ltr'>auditurus.</span> <span class='ocrx_word' id='word_1_327' title='bbox 1825 706 1921 741; x_wconf 89' lang='lat' dir='ltr'>Prae-</span> 
     </span>
     <span class='ocr_line' id='line_1_66' title="bbox 1168 756 1919 792; baseline -0.004 0"><span class='ocrx_word' id='word_1_328' title='bbox 1168 766 1250 792; x_wconf 86' lang='lat' dir='ltr'>terea</span> <span class='ocrx_word' id='word_1_329' title='bbox 1279 757 1380 792; x_wconf 79' lang='lat' dir='ltr'>dietus</span> <span class='ocrx_word' id='word_1_330' title='bbox 1404 766 1504 791; x_wconf 79' lang='lat' dir='ltr'>tector</span> <span class='ocrx_word' id='word_1_331' title='bbox 1533 756 1578 791; x_wconf 90' lang='lat' dir='ltr'>vel</span> <span class='ocrx_word' id='word_1_332' title='bbox 1602 757 1749 791; x_wconf 78' lang='lat' dir='ltr'>officiales</span> <span class='ocrx_word' id='word_1_333' title='bbox 1778 756 1919 790; x_wconf 88' lang='lat' dir='ltr'>eiusdem</span> 
     </span>
    </p>
   </div>
   <div class='ocr_carea' id='block_1_9' title="bbox 1168 804 2002 853">
    <p class='ocr_par' dir='ltr' id='par_1_9' title="bbox 1168 804 2002 853">
     <span class='ocr_line' id='line_1_67' title="bbox 1168 804 2002 853; baseline -0.002 -13.983"><span class='ocrx_word' id='word_1_334' title='bbox 1168 807 1304 853; x_wconf 78' lang='lat' dir='ltr'>aliquem</span> <span class='ocrx_word' id='word_1_335' title='bbox 1324 806 1363 841; x_wconf 90' lang='lat' dir='ltr'>de</span> <span class='ocrx_word' id='word_1_336' title='bbox 1386 805 1695 841; x_wconf 83' lang='lat' dir='ltr'>communitatibus</span> <span class='ocrx_word' id='word_1_337' title='bbox 1689 806 1777 852; x_wconf 76' lang='lat' dir='ltr'>ipsis,</span> <span class='ocrx_word' id='word_1_338' title='bbox 1793 805 1839 839; x_wconf 90' lang='lat' dir='ltr'>vel</span> <span class='ocrx_word' id='word_1_339' title='bbox 1853 804 2002 848; x_wconf 66' lang='lat' dir='ltr'>ott“1-‘„&#39;¹‚„¹</span> 
     </span>
    </p>
   </div>
   <div class='ocr_carea' id='block_1_10' title="bbox 1168 854 1937 2087">
    <p class='ocr_par' dir='ltr' id='par_1_10' title="bbox 1168 854 1937 2087">
     <span class='ocr_line' id='line_1_68' title="bbox 1168 854 1921 902; baseline -0.004 -11"><span class='ocrx_word' id='word_1_340' title='bbox 1168 856 1262 891; x_wconf 86' lang='lat' dir='ltr'>ciales</span> <span class='ocrx_word' id='word_1_341' title='bbox 1278 868 1386 891; x_wconf 79' lang='lat' dir='ltr'>eornm</span> <span class='ocrx_word' id='word_1_342' title='bbox 1409 855 1649 902; x_wconf 81' lang='lat' dir='ltr'>quomodolibet</span> <span class='ocrx_word' id='word_1_343' title='bbox 1667 867 1727 889; x_wconf 91' lang='lat' dir='ltr'>non</span> <span class='ocrx_word' id='word_1_344' title='bbox 1744 854 1921 901; x_wconf 90' lang='lat' dir='ltr'>compellat</span> 
     </span>
     <span class='ocr_line' id='line_1_69' title="bbox 1170 903 1924 951; baseline -0.004 -11"><span class='ocrx_word' id='word_1_345' title='bbox 1170 919 1226 940; x_wconf 89' lang='lat' dir='ltr'>nec</span> <span class='ocrx_word' id='word_1_346' title='bbox 1254 905 1399 951; x_wconf 81' lang='lat' dir='ltr'>compelli</span> <span class='ocrx_word' id='word_1_347' title='bbox 1424 905 1528 944; x_wconf 80' lang='lat' dir='ltr'>saciat,</span> <span class='ocrx_word' id='word_1_348' title='bbox 1553 904 1597 939; x_wconf 89' lang='lat' dir='ltr'>vel</span> <span class='ocrx_word' id='word_1_349' title='bbox 1618 904 1775 951; x_wconf 86' lang='lat' dir='ltr'>permittat</span> <span class='ocrx_word' id='word_1_350' title='bbox 1791 904 1827 938; x_wconf 88' lang='lat' dir='ltr'>ad</span> <span class='ocrx_word' id='word_1_351' title='bbox 1845 903 1924 938; x_wconf 88' lang='lat' dir='ltr'>dan-</span> 
     </span>
     <span class='ocr_line' id='line_1_70' title="bbox 1169 952 1925 1000; baseline -0.004 -11"><span class='ocrx_word' id='word_1_352' title='bbox 1169 956 1244 989; x_wconf 86' lang='lat' dir='ltr'>dum</span> <span class='ocrx_word' id='word_1_353' title='bbox 1270 955 1314 989; x_wconf 90' lang='lat' dir='ltr'>vel</span> <span class='ocrx_word' id='word_1_354' title='bbox 1350 954 1578 1000; x_wconf 84' lang='lat' dir='ltr'>assignandum</span> <span class='ocrx_word' id='word_1_355' title='bbox 1614 954 1672 988; x_wconf 88' lang='lat' dir='ltr'>sibi</span> <span class='ocrx_word' id='word_1_356' title='bbox 1695 961 1748 988; x_wconf 89' lang='lat' dir='ltr'>ant</span> <span class='ocrx_word' id='word_1_357' title='bbox 1770 953 1836 987; x_wconf 85' lang='lat' dir='ltr'>suis</span> <span class='ocrx_word' id='word_1_358' title='bbox 1855 952 1925 987; x_wconf 86' lang='lat' dir='ltr'>offi—</span> 
     </span>
     <span class='ocr_line' id='line_1_71' title="bbox 1168 1002 1926 1051; baseline -0.003 -13"><span class='ocrx_word' id='word_1_359' title='bbox 1168 1004 1300 1039; x_wconf 87' lang='lat' dir='ltr'>cialibus</span> <span class='ocrx_word' id='word_1_360' title='bbox 1321 1004 1450 1051; x_wconf 84' lang='lat' dir='ltr'>pignora</span> <span class='ocrx_word' id='word_1_361' title='bbox 1475 1011 1601 1050; x_wconf 81' lang='lat' dir='ltr'>propter</span> <span class='ocrx_word' id='word_1_362' title='bbox 1624 1003 1801 1038; x_wconf 84' lang='lat' dir='ltr'>Romanam</span> <span class='ocrx_word' id='word_1_363' title='bbox 1818 1002 1926 1037; x_wconf 85' lang='lat' dir='ltr'>Eccle-</span> 
     </span>
     <span class='ocr_line' id='line_1_72' title="bbox 1169 1052 1923 1099; baseline -0.003 -12"><span class='ocrx_word' id='word_1_364' title='bbox 1169 1055 1247 1088; x_wconf 84' lang='lat' dir='ltr'>siam</span> <span class='ocrx_word' id='word_1_365' title='bbox 1290 1054 1525 1099; x_wconf 80' lang='lat' dir='ltr'>contingentem</span> <span class='ocrx_word' id='word_1_366' title='bbox 1566 1052 1721 1087; x_wconf 86' lang='lat' dir='ltr'>dictarum</span> <span class='ocrx_word' id='word_1_367' title='bbox 1763 1052 1923 1086; x_wconf 89' lang='lat' dir='ltr'>civitatum</span> 
     </span>
     <span class='ocr_line' id='line_1_73' title="bbox 1171 1101 1923 1137; baseline -0.004 0"><span class='ocrx_word' id='word_1_368' title='bbox 1171 1103 1216 1137; x_wconf 72' lang='lat' dir='ltr'>vel</span> <span class='ocrx_word' id='word_1_369' title='bbox 1239 1102 1501 1137; x_wconf 88' lang='lat' dir='ltr'>communitatum</span> <span class='ocrx_word' id='word_1_370' title='bbox 1520 1101 1565 1136; x_wconf 81' lang='lat' dir='ltr'>vel</span> <span class='ocrx_word' id='word_1_371' title='bbox 1593 1101 1728 1136; x_wconf 88' lang='lat' dir='ltr'>alicuius</span> <span class='ocrx_word' id='word_1_372' title='bbox 1752 1101 1923 1135; x_wconf 84' lang='lat' dir='ltr'>earundem</span> 
     </span>
     <span class='ocr_line' id='line_1_74' title="bbox 1169 1149 1923 1198; baseline -0.003 -13"><span class='ocrx_word' id='word_1_373' title='bbox 1169 1152 1374 1189; x_wconf 76' lang='lat' dir='ltr'>officialibus,</span> <span class='ocrx_word' id='word_1_374' title='bbox 1412 1164 1466 1198; x_wconf 85' lang='lat' dir='ltr'>pei·</span> <span class='ocrx_word' id='word_1_375' title='bbox 1493 1163 1728 1198; x_wconf 83' lang='lat' dir='ltr'>quemcumque</span> <span class='ocrx_word' id='word_1_376' title='bbox 1763 1149 1804 1184; x_wconf 88' lang='lat' dir='ltr'>ob</span> <span class='ocrx_word' id='word_1_377' title='bbox 1830 1163 1923 1184; x_wconf 90' lang='lat' dir='ltr'>suum</span> 
     </span>
     <span class='ocr_line' id='line_1_75' title="bbox 1170 1199 1924 1247; baseline -0.004 -11"><span class='ocrx_word' id='word_1_378' title='bbox 1170 1201 1304 1236; x_wconf 81' lang='lat' dir='ltr'>exhibita</span> <span class='ocrx_word' id='word_1_379' title='bbox 1341 1200 1384 1235; x_wconf 86' lang='lat' dir='ltr'>vel</span> <span class='ocrx_word' id='word_1_380' title='bbox 1413 1201 1569 1247; x_wconf 80' lang='lat' dir='ltr'>assignata</span> <span class='ocrx_word' id='word_1_381' title='bbox 1597 1200 1746 1234; x_wconf 88' lang='lat' dir='ltr'>delictum</span> <span class='ocrx_word' id='word_1_382' title='bbox 1774 1207 1846 1233; x_wconf 80' lang='lat' dir='ltr'>ante</span> <span class='ocrx_word' id='word_1_383' title='bbox 1878 1199 1924 1233; x_wconf 84' lang='lat' dir='ltr'>vel</span> 
     </span>
     <span class='ocr_line' id='line_1_76' title="bbox 1172 1248 1925 1298; baseline -0.003 -14"><span class='ocrx_word' id='word_1_384' title='bbox 1172 1259 1241 1298; x_wconf 85' lang='lat' dir='ltr'>post</span> <span class='ocrx_word' id='word_1_385' title='bbox 1264 1250 1456 1285; x_wconf 77' lang='lat' dir='ltr'>definitivam</span> <span class='ocrx_word' id='word_1_386' title='bbox 1480 1250 1667 1284; x_wconf 89' lang='lat' dir='ltr'>sententiam</span> <span class='ocrx_word' id='word_1_387' title='bbox 1684 1249 1729 1283; x_wconf 85' lang='lat' dir='ltr'>vel</span> <span class='ocrx_word' id='word_1_388' title='bbox 1754 1248 1831 1282; x_wconf 78' lang='lat' dir='ltr'>inl&#39;ra</span> <span class='ocrx_word' id='word_1_389' title='bbox 1850 1255 1925 1282; x_wconf 86' lang='lat' dir='ltr'>tem-</span> 
     </span>
     <span class='ocr_line' id='line_1_77' title="bbox 1172 1297 1925 1347; baseline -0.003 -14"><span class='ocrx_word' id='word_1_390' title='bbox 1172 1313 1230 1347; x_wconf 84' lang='lat' dir='ltr'>pns</span> <span class='ocrx_word' id='word_1_391' title='bbox 1252 1300 1489 1334; x_wconf 72' lang='lat' dir='ltr'>deliberationis</span> <span class='ocrx_word' id='word_1_392' title='bbox 1512 1298 1733 1346; x_wconf 88' lang='lat' dir='ltr'>appellationis</span> <span class='ocrx_word' id='word_1_393' title='bbox 1753 1297 1925 1337; x_wconf 77' lang='lat' dir='ltr'>faciendae,</span> 
     </span>
     <span class='ocr_line' id='line_1_78' title="bbox 1172 1347 1925 1394; baseline -0.004 -10.992"><span class='ocrx_word' id='word_1_394' title='bbox 1172 1349 1317 1384; x_wconf 80' lang='lat' dir='ltr'>videlicet</span> <span class='ocrx_word' id='word_1_395' title='bbox 1352 1349 1463 1383; x_wconf 75' lang='lat' dir='ltr'>decem</span> <span class='ocrx_word' id='word_1_396' title='bbox 1502 1348 1650 1392; x_wconf 76' lang='lat' dir='ltr'>dierum,</span> <span class='ocrx_word' id='word_1_397' title='bbox 1687 1347 1731 1381; x_wconf 82' lang='lat' dir='ltr'>vel</span> <span class='ocrx_word' id='word_1_398' title='bbox 1761 1355 1925 1394; x_wconf 87' lang='lat' dir='ltr'>postquam</span> 
     </span>
     <span class='ocr_line' id='line_1_79' title="bbox 1172 1396 1925 1446; baseline -0.005 -13"><span class='ocrx_word' id='word_1_399' title='bbox 1172 1399 1363 1446; x_wconf 84' lang='lat' dir='ltr'>appellatum</span> <span class='ocrx_word' id='word_1_400' title='bbox 1389 1398 1492 1442; x_wconf 72' lang='lat' dir='ltr'>suerit,</span> <span class='ocrx_word' id='word_1_401' title='bbox 1516 1398 1698 1432; x_wconf 74' lang='lat' dir='ltr'>huiusmodi</span> <span class='ocrx_word' id='word_1_402' title='bbox 1714 1396 1925 1443; x_wconf 74' lang='lat' dir='ltr'>appellatione</span> 
     </span>
     <span class='ocr_line' id='line_1_80' title="bbox 1176 1446 1926 1496; baseline -0.004 -14"><span class='ocrx_word' id='word_1_403' title='bbox 1176 1448 1344 1496; x_wconf 84' lang='lat' dir='ltr'>pendente</span> <span class='ocrx_word' id='word_1_404' title='bbox 1368 1448 1415 1482; x_wconf 77' lang='lat' dir='ltr'>Ad</span> <span class='ocrx_word' id='word_1_405' title='bbox 1440 1448 1517 1482; x_wconf 81' lang='lat' dir='ltr'>baec</span> <span class='ocrx_word' id='word_1_406' title='bbox 1539 1448 1637 1494; x_wconf 86' lang='lat' dir='ltr'>siper</span> <span class='ocrx_word' id='word_1_407' title='bbox 1659 1446 1807 1481; x_wconf 86' lang='lat' dir='ltr'>eumdem</span> <span class='ocrx_word' id='word_1_408' title='bbox 1824 1454 1926 1480; x_wconf 88' lang='lat' dir='ltr'>recto-</span> 
     </span>
     <span class='ocr_line' id='line_1_81' title="bbox 1175 1495 1928 1544; baseline -0.005 -12"><span class='ocrx_word' id='word_1_409' title='bbox 1175 1511 1239 1532; x_wconf 85' lang='lat' dir='ltr'>rem</span> <span class='ocrx_word' id='word_1_410' title='bbox 1263 1497 1413 1532; x_wconf 82' lang='lat' dir='ltr'>adversus</span> <span class='ocrx_word' id='word_1_411' title='bbox 1436 1497 1573 1544; x_wconf 85' lang='lat' dir='ltr'>aliquem</span> <span class='ocrx_word' id='word_1_412' title='bbox 1598 1496 1725 1543; x_wconf 76' lang='lat' dir='ltr'>procedi</span> <span class='ocrx_word' id='word_1_413' title='bbox 1749 1495 1928 1541; x_wconf 82' lang='lat' dir='ltr'>contigerit</span> 
     </span>
     <span class='ocr_line' id='line_1_82' title="bbox 1173 1545 1929 1595; baseline -0.005 -13"><span class='ocrx_word' id='word_1_414' title='bbox 1173 1560 1189 1582; x_wconf 88' lang='lat' dir='ltr'>a</span> <span class='ocrx_word' id='word_1_415' title='bbox 1212 1561 1275 1595; x_wconf 86' lang='lat' dir='ltr'>quo</span> <span class='ocrx_word' id='word_1_416' title='bbox 1299 1547 1465 1594; x_wconf 83' lang='lat' dir='ltr'>pecuniam</span> <span class='ocrx_word' id='word_1_417' title='bbox 1491 1546 1534 1580; x_wconf 71' lang='lat' dir='ltr'>iel</span> <span class='ocrx_word' id='word_1_418' title='bbox 1563 1546 1646 1580; x_wconf 86' lang='lat' dir='ltr'>aliud</span> <span class='ocrx_word' id='word_1_419' title='bbox 1670 1545 1738 1580; x_wconf 87' lang='lat' dir='ltr'>loco</span> <span class='ocrx_word' id='word_1_420' title='bbox 1775 1545 1929 1592; x_wconf 87' lang='lat' dir='ltr'>pecuniae</span> 
     </span>
     <span class='ocr_line' id='line_1_83' title="bbox 1177 1594 1932 1650; baseline -0.004 -19"><span class='ocrx_word' id='word_1_421' title='bbox 1177 1610 1231 1643; x_wconf 82' lang='lat' dir='ltr'>pet·</span> <span class='ocrx_word' id='word_1_422' title='bbox 1259 1597 1337 1631; x_wconf 73' lang='lat' dir='ltr'>tiam</span> <span class='ocrx_word' id='word_1_423' title='bbox 1377 1595 1619 1650; x_wconf 82' lang='lat' dir='ltr'>compositionis</span> <span class='ocrx_word' id='word_1_424' title='bbox 1647 1608 1702 1630; x_wconf 88' lang='lat' dir='ltr'>seu</span> <span class='ocrx_word' id='word_1_425' title='bbox 1731 1594 1932 1629; x_wconf 88' lang='lat' dir='ltr'>condemna-</span> 
     </span>
     <span class='ocr_line' id='line_1_84' title="bbox 1176 1644 1932 1692; baseline -0.005 -12"><span class='ocrx_word' id='word_1_426' title='bbox 1176 1647 1269 1681; x_wconf 88' lang='lat' dir='ltr'>tionis</span> <span class='ocrx_word' id='word_1_427' title='bbox 1291 1646 1429 1692; x_wconf 77' lang='lat' dir='ltr'>exegerit</span> <span class='ocrx_word' id='word_1_428' title='bbox 1463 1655 1515 1679; x_wconf 81' lang='lat' dir='ltr'>aut</span> <span class='ocrx_word' id='word_1_429' title='bbox 1537 1658 1619 1691; x_wconf 78' lang='lat' dir='ltr'>exigi</span> <span class='ocrx_word' id='word_1_430' title='bbox 1644 1644 1750 1679; x_wconf 83' lang='lat' dir='ltr'>fecerit</span> <span class='ocrx_word' id='word_1_431' title='bbox 1773 1656 1829 1690; x_wconf 89' lang='lat' dir='ltr'>pro</span> <span class='ocrx_word' id='word_1_432' title='bbox 1848 1655 1932 1677; x_wconf 86' lang='lat' dir='ltr'>com-</span> 
     </span>
     <span class='ocr_line' id='line_1_85' title="bbox 1177 1693 1932 1734; baseline -0.005 -4"><span class='ocrx_word' id='word_1_433' title='bbox 1177 1696 1281 1730; x_wconf 80' lang='lat' dir='ltr'>missis</span> <span class='ocrx_word' id='word_1_434' title='bbox 1302 1694 1499 1734; x_wconf 80' lang='lat' dir='ltr'>excessibus</span> <span class='ocrx_word' id='word_1_435' title='bbox 1521 1694 1560 1729; x_wconf 91' lang='lat' dir='ltr'>ab</span> <span class='ocrx_word' id='word_1_436' title='bbox 1577 1694 1689 1729; x_wconf 87' lang='lat' dir='ltr'>eodem</span> <span class='ocrx_word' id='word_1_437' title='bbox 1709 1693 1812 1728; x_wconf 86' lang='lat' dir='ltr'>dictus</span> <span class='ocrx_word' id='word_1_438' title='bbox 1832 1700 1932 1727; x_wconf 82' lang='lat' dir='ltr'>rector</span> 
     </span>
     <span class='ocr_line' id='line_1_86' title="bbox 1177 1743 1931 1790; baseline -0.005 -10"><span class='ocrx_word' id='word_1_439' title='bbox 1177 1745 1325 1780; x_wconf 81' lang='lat' dir='ltr'>exhibeat</span> <span class='ocrx_word' id='word_1_440' title='bbox 1352 1753 1382 1779; x_wconf 88' lang='lat' dir='ltr'>et</span> <span class='ocrx_word' id='word_1_441' title='bbox 1404 1744 1554 1790; x_wconf 79' lang='lat' dir='ltr'>assignet,</span> <span class='ocrx_word' id='word_1_442' title='bbox 1585 1756 1621 1778; x_wconf 87' lang='lat' dir='ltr'>ac</span> <span class='ocrx_word' id='word_1_443' title='bbox 1657 1743 1747 1778; x_wconf 79' lang='lat' dir='ltr'>saciat</span> <span class='ocrx_word' id='word_1_444' title='bbox 1781 1743 1931 1788; x_wconf 82' lang='lat' dir='ltr'>assignari</span> 
     </span>
     <span class='ocr_line' id='line_1_87' title="bbox 1179 1791 1933 1833; baseline -0.005 -4"><span class='ocrx_word' id='word_1_445' title='bbox 1179 1796 1220 1830; x_wconf 91' lang='lat' dir='ltr'>illi</span> <span class='ocrx_word' id='word_1_446' title='bbox 1248 1794 1465 1829; x_wconf 83' lang='lat' dir='ltr'>communitati</span> <span class='ocrx_word' id='word_1_447' title='bbox 1494 1806 1548 1828; x_wconf 90' lang='lat' dir='ltr'>seu</span> <span class='ocrx_word' id='word_1_448' title='bbox 1572 1793 1699 1833; x_wconf 89' lang='lat' dir='ltr'>civitati,</span> <span class='ocrx_word' id='word_1_449' title='bbox 1722 1792 1807 1827; x_wconf 89' lang='lat' dir='ltr'>unde</span> <span class='ocrx_word' id='word_1_450' title='bbox 1829 1791 1933 1826; x_wconf 87' lang='lat' dir='ltr'>delin-</span> 
     </span>
     <span class='ocr_line' id='line_1_88' title="bbox 1177 1840 1933 1893; baseline -0.007 -14"><span class='ocrx_word' id='word_1_451' title='bbox 1177 1857 1279 1893; x_wconf 87' lang='lat' dir='ltr'>quens</span> <span class='ocrx_word' id='word_1_452' title='bbox 1306 1844 1427 1884; x_wconf 86' lang='lat' dir='ltr'>existit,</span> <span class='ocrx_word' id='word_1_453' title='bbox 1468 1851 1588 1890; x_wconf 83' lang='lat' dir='ltr'>partem</span> <span class='ocrx_word' id='word_1_454' title='bbox 1610 1854 1729 1890; x_wconf 86' lang='lat' dir='ltr'>poenae</span> <span class='ocrx_word' id='word_1_455' title='bbox 1751 1840 1933 1875; x_wconf 83' lang='lat' dir='ltr'>huiusmodi</span> 
     </span>
     <span class='ocr_line' id='line_1_89' title="bbox 1181 1890 1934 1942; baseline -0.007 -13"><span class='ocrx_word' id='word_1_456' title='bbox 1181 1902 1275 1942; x_wconf 85' lang='lat' dir='ltr'>piont</span> <span class='ocrx_word' id='word_1_457' title='bbox 1300 1894 1337 1929; x_wconf 91' lang='lat' dir='ltr'>ad</span> <span class='ocrx_word' id='word_1_458' title='bbox 1367 1893 1451 1928; x_wconf 87' lang='lat' dir='ltr'>illam</span> <span class='ocrx_word' id='word_1_459' title='bbox 1474 1905 1511 1927; x_wconf 88' lang='lat' dir='ltr'>ex</span> <span class='ocrx_word' id='word_1_460' title='bbox 1547 1891 1673 1939; x_wconf 88' lang='lat' dir='ltr'>speciali</span> <span class='ocrx_word' id='word_1_461' title='bbox 1698 1890 1861 1938; x_wconf 84' lang='lat' dir='ltr'>privilegio</span> <span class='ocrx_word' id='word_1_462' title='bbox 1889 1890 1934 1925; x_wconf 85' lang='lat' dir='ltr'>vel</span> 
     </span>
     <span class='ocr_line' id='line_1_90' title="bbox 1179 1940 1937 1989; baseline -0.008 -10"><span class='ocrx_word' id='word_1_463' title='bbox 1179 1943 1411 1979; x_wconf 86' lang='lat' dir='ltr'>consuetudine</span> <span class='ocrx_word' id='word_1_464' title='bbox 1435 1942 1614 1989; x_wconf 77' lang='lat' dir='ltr'>pertineret.</span> <span class='ocrx_word' id='word_1_465' title='bbox 1635 1942 1668 1976; x_wconf 87' lang='lat' dir='ltr'>Si</span> <span class='ocrx_word' id='word_1_466' title='bbox 1697 1953 1768 1975; x_wconf 86' lang='lat' dir='ltr'>vcro</span> <span class='ocrx_word' id='word_1_467' title='bbox 1792 1952 1850 1975; x_wconf 89' lang='lat' dir='ltr'>nec</span> <span class='ocrx_word' id='word_1_468' title='bbox 1873 1940 1937 1986; x_wconf 81' lang='lat' dir='ltr'>pri-</span> 
     </span>
     <span class='ocr_line' id='line_1_91' title="bbox 1183 1989 1937 2039; baseline -0.005 -13"><span class='ocrx_word' id='word_1_469' title='bbox 1183 1993 1331 2039; x_wconf 81' lang='lat' dir='ltr'>vilegium</span> <span class='ocrx_word' id='word_1_470' title='bbox 1369 1992 1486 2032; x_wconf 82' lang='lat' dir='ltr'>subsit,</span> <span class='ocrx_word' id='word_1_471' title='bbox 1516 2003 1573 2026; x_wconf 89' lang='lat' dir='ltr'>nec</span> <span class='ocrx_word' id='word_1_472' title='bbox 1600 1990 1799 2026; x_wconf 82' lang='lat' dir='ltr'>consuetudo</span> <span class='ocrx_word' id='word_1_473' title='bbox 1835 1989 1937 2036; x_wconf 88' lang='lat' dir='ltr'>aliqua</span> 
     </span>
     <span class='ocr_line' id='line_1_92' title="bbox 1182 2037 1937 2087; baseline -0.007 -10"><span class='ocrx_word' id='word_1_474' title='bbox 1182 2044 1211 2077; x_wconf 91' lang='lat' dir='ltr'>in</span> <span class='ocrx_word' id='word_1_475' title='bbox 1252 2043 1312 2078; x_wconf 88' lang='lat' dir='ltr'>boc</span> <span class='ocrx_word' id='word_1_476' title='bbox 1352 2055 1421 2077; x_wconf 86' lang='lat' dir='ltr'>esse</span> <span class='ocrx_word' id='word_1_477' title='bbox 1455 2050 1628 2084; x_wconf 82' lang='lat' dir='ltr'>noscatur,</span> <span class='ocrx_word' id='word_1_478' title='bbox 1657 2052 1727 2087; x_wconf 86' lang='lat' dir='ltr'>pars</span> <span class='ocrx_word' id='word_1_479' title='bbox 1755 2037 1937 2074; x_wconf 84' lang='lat' dir='ltr'>huiusmodi</span> 
     </span>
    </p>
   </div>
   <div class='ocr_carea' id='block_1_11' title="bbox 1183 2092 1947 2670">
    <p class='ocr_par' dir='ltr' id='par_1_11' title="bbox 1183 2092 1947 2670">
     <span class='ocr_line' id='line_1_93' title="bbox 1184 2092 1938 2144; baseline -0.005 -14"><span class='ocrx_word' id='word_1_480' title='bbox 1184 2109 1303 2144; x_wconf 88' lang='lat' dir='ltr'>poenae</span> <span class='ocrx_word' id='word_1_481' title='bbox 1316 2097 1355 2131; x_wconf 91' lang='lat' dir='ltr'>sit</span> <span class='ocrx_word' id='word_1_482' title='bbox 1370 2095 1504 2131; x_wconf 87' lang='lat' dir='ltr'>civitatis</span> <span class='ocrx_word' id='word_1_483' title='bbox 1518 2107 1574 2129; x_wconf 85' lang='lat' dir='ltr'>seu</span> <span class='ocrx_word' id='word_1_484' title='bbox 1591 2094 1826 2129; x_wconf 87' lang='lat' dir='ltr'>communitatis</span> <span class='ocrx_word' id='word_1_485' title='bbox 1842 2092 1938 2131; x_wconf 83' lang='grc' dir='ltr'>ιΙΙιιι5</span> 
     </span>
     <span class='ocr_line' id='line_1_94' title="bbox 1184 2147 1938 2186; baseline -0.007 -1"><span class='ocrx_word' id='word_1_486' title='bbox 1184 2152 1213 2185; x_wconf 90' lang='grc' dir='ltr'>ιιι</span> <span class='ocrx_word' id='word_1_487' title='bbox 1237 2152 1329 2186; x_wconf 88' lang='lat' dir='ltr'>cuins</span> <span class='ocrx_word' id='word_1_488' title='bbox 1351 2149 1506 2184; x_wconf 86' lang='lat' dir='ltr'>territorio</span> <span class='ocrx_word' id='word_1_489' title='bbox 1521 2162 1576 2184; x_wconf 89' lang='lat' dir='ltr'>seu</span> <span class='ocrx_word' id='word_1_490' title='bbox 1592 2149 1734 2183; x_wconf 86' lang='lat' dir='ltr'>districtu</span> <span class='ocrx_word' id='word_1_491' title='bbox 1748 2147 1938 2182; x_wconf 83' lang='lat' dir='ltr'>maleficium</span> 
     </span>
     <span class='ocr_line' id='line_1_95' title="bbox 1183 2201 1940 2252; baseline -0.007 -12"><span class='ocrx_word' id='word_1_492' title='bbox 1183 2206 1283 2240; x_wconf 81' lang='lat' dir='ltr'>extitit</span> <span class='ocrx_word' id='word_1_493' title='bbox 1302 2212 1527 2252; x_wconf 82' lang='lat' dir='ltr'>perpetratum.</span> <span class='ocrx_word' id='word_1_494' title='bbox 1551 2203 1585 2238; x_wconf 90' lang='lat' dir='ltr'>Si</span> <span class='ocrx_word' id='word_1_495' title='bbox 1608 2211 1711 2237; x_wconf 90' lang='lat' dir='ltr'>autem</span> <span class='ocrx_word' id='word_1_496' title='bbox 1726 2201 1875 2236; x_wconf 88' lang='lat' dir='ltr'>custodes</span> <span class='ocrx_word' id='word_1_497' title='bbox 1889 2209 1940 2235; x_wconf 89' lang='lat' dir='ltr'>aut</span> 
     </span>
     <span class='ocr_line' id='line_1_96' title="bbox 1185 2255 1941 2301; baseline -0.007 -8"><span class='ocrx_word' id='word_1_498' title='bbox 1185 2259 1234 2293; x_wconf 86' lang='lat' dir='ltr'>alii</span> <span class='ocrx_word' id='word_1_499' title='bbox 1262 2259 1411 2294; x_wconf 79' lang='lat' dir='ltr'>officiales</span> <span class='ocrx_word' id='word_1_500' title='bbox 1437 2257 1574 2292; x_wconf 83' lang='lat' dir='ltr'>alicuius</span> <span class='ocrx_word' id='word_1_501' title='bbox 1596 2256 1860 2291; x_wconf 88' lang='lat' dir='ltr'>communitatum</span> <span class='ocrx_word' id='word_1_502' title='bbox 1889 2255 1941 2301; x_wconf 80' lang='lat' dir='ltr'>ip—</span> 
     </span>
     <span class='ocr_line' id='line_1_97' title="bbox 1185 2309 1943 2360; baseline -0.008 -12"><span class='ocrx_word' id='word_1_503' title='bbox 1185 2326 1290 2348; x_wconf 87' lang='lat' dir='ltr'>sarum</span> <span class='ocrx_word' id='word_1_504' title='bbox 1314 2313 1353 2347; x_wconf 88' lang='lat' dir='ltr'>de</span> <span class='ocrx_word' id='word_1_505' title='bbox 1377 2312 1540 2360; x_wconf 85' lang='lat' dir='ltr'>potestatis</span> <span class='ocrx_word' id='word_1_506' title='bbox 1562 2323 1619 2345; x_wconf 83' lang='lat' dir='ltr'>seu</span> <span class='ocrx_word' id='word_1_507' title='bbox 1643 2310 1797 2357; x_wconf 88' lang='lat' dir='ltr'>capitanei</span> <span class='ocrx_word' id='word_1_508' title='bbox 1822 2309 1867 2343; x_wconf 90' lang='lat' dir='ltr'>vel</span> <span class='ocrx_word' id='word_1_509' title='bbox 1891 2309 1943 2342; x_wconf 88' lang='lat' dir='ltr'>de-</span> 
     </span>
     <span class='ocr_line' id='line_1_98' title="bbox 1187 2364 1940 2410; baseline -0.009 -8"><span class='ocrx_word' id='word_1_510' title='bbox 1187 2368 1320 2402; x_wconf 76' lang='lat' dir='ltr'>fensoris</span> <span class='ocrx_word' id='word_1_511' title='bbox 1342 2380 1452 2402; x_wconf 82' lang='lat' dir='ltr'>eorum</span> <span class='ocrx_word' id='word_1_512' title='bbox 1478 2365 1638 2409; x_wconf 74' lang='lat' dir='ltr'>mandato,</span> <span class='ocrx_word' id='word_1_513' title='bbox 1661 2372 1715 2398; x_wconf 90' lang='lat' dir='ltr'>aut</span> <span class='ocrx_word' id='word_1_514' title='bbox 1742 2376 1777 2398; x_wconf 85' lang='lat' dir='ltr'>ex</span> <span class='ocrx_word' id='word_1_515' title='bbox 1802 2364 1940 2410; x_wconf 85' lang='lat' dir='ltr'>ipsorum</span> 
     </span>
     <span class='ocr_line' id='line_1_99' title="bbox 1187 2417 1941 2464; baseline -0.008 -8"><span class='ocrx_word' id='word_1_516' title='bbox 1187 2421 1288 2456; x_wconf 80' lang='lat' dir='ltr'>ollicio</span> <span class='ocrx_word' id='word_1_517' title='bbox 1325 2421 1409 2455; x_wconf 80' lang='lat' dir='ltr'>iuxta</span> <span class='ocrx_word' id='word_1_518' title='bbox 1438 2421 1569 2454; x_wconf 77' lang='lat' dir='ltr'>sormam</span> <span class='ocrx_word' id='word_1_519' title='bbox 1605 2418 1710 2453; x_wconf 79' lang='lat' dir='ltr'>statuti</span> <span class='ocrx_word' id='word_1_520' title='bbox 1746 2418 1882 2464; x_wconf 88' lang='lat' dir='ltr'>aliquam</span> <span class='ocrx_word' id='word_1_521' title='bbox 1912 2417 1941 2450; x_wconf 91' lang='lat' dir='ltr'>in</span> 
     </span>
     <span class='ocr_line' id='line_1_100' title="bbox 1189 2470 1942 2518; baseline -0.007 -10"><span class='ocrx_word' id='word_1_522' title='bbox 1189 2475 1278 2508; x_wconf 73' lang='lat' dir='ltr'>bonis</span> <span class='ocrx_word' id='word_1_523' title='bbox 1306 2475 1351 2508; x_wconf 85' lang='lat' dir='ltr'>vel</span> <span class='ocrx_word' id='word_1_524' title='bbox 1380 2475 1472 2508; x_wconf 85' lang='lat' dir='ltr'>rebus</span> <span class='ocrx_word' id='word_1_525' title='bbox 1495 2472 1662 2507; x_wconf 85' lang='lat' dir='ltr'>cuiuslibet</span> <span class='ocrx_word' id='word_1_526' title='bbox 1694 2470 1942 2518; x_wconf 80' lang='lat' dir='ltr'>exequutionem</span> 
     </span>
     <span class='ocr_line' id='line_1_101' title="bbox 1189 2524 1945 2567; baseline -0.004 -6"><span class='ocrx_word' id='word_1_527' title='bbox 1189 2528 1335 2561; x_wconf 80' lang='lat' dir='ltr'>duxerint</span> <span class='ocrx_word' id='word_1_528' title='bbox 1363 2528 1556 2567; x_wconf 79' lang='lat' dir='ltr'>faciendam,</span> <span class='ocrx_word' id='word_1_529' title='bbox 1590 2535 1619 2561; x_wconf 90' lang='lat' dir='ltr'>et</span> <span class='ocrx_word' id='word_1_530' title='bbox 1655 2539 1691 2560; x_wconf 83' lang='lat' dir='ltr'>ex</span> <span class='ocrx_word' id='word_1_531' title='bbox 1725 2538 1762 2560; x_wconf 92' lang='lat' dir='ltr'>eo</span> <span class='ocrx_word' id='word_1_532' title='bbox 1796 2524 1945 2560; x_wconf 85' lang='lat' dir='ltr'>custodes</span> 
     </span>
     <span class='ocr_line' id='line_1_102' title="bbox 1191 2579 1944 2627; baseline -0.003 -13"><span class='ocrx_word' id='word_1_533' title='bbox 1191 2581 1235 2615; x_wconf 83' lang='lat' dir='ltr'>vel</span> <span class='ocrx_word' id='word_1_534' title='bbox 1275 2582 1422 2616; x_wconf 83' lang='lat' dir='ltr'>olliciales</span> <span class='ocrx_word' id='word_1_535' title='bbox 1459 2580 1608 2627; x_wconf 90' lang='lat' dir='ltr'>praedicti</span> <span class='ocrx_word' id='word_1_536' title='bbox 1642 2592 1747 2615; x_wconf 88' lang='lat' dir='ltr'>coram</span> <span class='ocrx_word' id='word_1_537' title='bbox 1786 2579 1944 2626; x_wconf 81' lang='lat' dir='ltr'>saepefato</span> 
     </span>
     <span class='ocr_line' id='line_1_103' title="bbox 1191 2633 1947 2670; baseline -0.003 -2"><span class='ocrx_word' id='word_1_538' title='bbox 1191 2643 1311 2670; x_wconf 82' lang='lat' dir='ltr'>rectore</span> <span class='ocrx_word' id='word_1_539' title='bbox 1340 2635 1385 2670; x_wconf 69' lang='lat' dir='ltr'>vel</span> <span class='ocrx_word' id='word_1_540' title='bbox 1409 2636 1477 2670; x_wconf 78' lang='lat' dir='ltr'>eins</span> <span class='ocrx_word' id='word_1_541' title='bbox 1505 2634 1693 2670; x_wconf 81' lang='lat' dir='ltr'>officialibus</span> <span class='ocrx_word' id='word_1_542' title='bbox 1716 2633 1831 2668; x_wconf 85' lang='lat' dir='ltr'>suerint</span> <span class='ocrx_word' id='word_1_543' title='bbox 1851 2643 1947 2667; x_wconf 88' lang='lat' dir='ltr'>accu-</span> 
     </span>
    </p>
   </div>
   <div class='ocr_carea' id='block_1_12' title="bbox 1976 259 2115 286">
    <p class='ocr_par' dir='ltr' id='par_1_12' title="bbox 1976 259 2115 286">
     <span class='ocr_line' id='line_1_104' title="bbox 1976 259 2115 286; baseline -0.007 0"><span class='ocrx_word' id='word_1_544' title='bbox 1976 282 1979 286; x_wconf 91' lang='lat'>.</span> <span class='ocrx_word' id='word_1_545' title='bbox 1999 260 2026 285; x_wconf 76' lang='lat' dir='ltr'>C,</span> <span class='ocrx_word' id='word_1_546' title='bbox 2048 259 2115 285; x_wconf 75' lang='lat' dir='ltr'>ttaoo</span> 
     </span>
    </p>
   </div>
   <div class='ocr_carea' id='block_1_13' title="bbox 1950 765 2122 822">
    <p class='ocr_par' dir='ltr' id='par_1_13' title="bbox 1950 765 2122 822">
     <span class='ocr_line' id='line_1_105' title="bbox 1950 765 2039 789; baseline 0 -4"><span class='ocrx_word' id='word_1_547' title='bbox 1950 765 2039 789; x_wconf 59' lang='lat' dir='ltr'>Pignora</span> 
     </span>
     <span class='ocr_line' id='line_1_106' title="bbox 1994 796 2122 822; baseline -0.008 -6"><span class='ocrx_word' id='word_1_548' title='bbox 1994 803 2004 816; x_wconf 73' lang='lat' dir='ltr'>a</span> <span class='ocrx_word' id='word_1_549' title='bbox 2017 797 2041 815; x_wconf 80' lang='lat' dir='ltr'>ab</span> <span class='ocrx_word' id='word_1_550' title='bbox 2051 796 2122 822; x_wconf 71' lang='lat' dir='ltr'>appel-</span> 
     </span>
    </p>
   </div>
   <div class='ocr_carea' id='block_1_14' title="bbox 1944 1454 2128 1512">
    <p class='ocr_par' dir='ltr' id='par_1_14' title="bbox 1944 1454 2128 1512">
     <span class='ocr_line' id='line_1_107' title="bbox 1957 1454 2125 1480; baseline -0.018 -5"><span class='ocrx_word' id='word_1_551' title='bbox 1957 1455 1984 1475; x_wconf 79' lang='lat' dir='ltr'>De</span> <span class='ocrx_word' id='word_1_552' title='bbox 2027 1454 2125 1480; x_wconf 65' lang='lat' dir='ltr'>deposito</span> 
     </span>
     <span class='ocr_line' id='line_1_108' title="bbox 1944 1486 2128 1512; baseline -0.016 -6"><span class='ocrx_word' id='word_1_553' title='bbox 1944 1486 2128 1512; x_wconf 80' lang='lat' dir='ltr'>compositionum.</span> 
     </span>
    </p>
   </div>
   <div class='ocr_carea' id='block_1_15' title="bbox 1956 2209 2142 2263">
    <p class='ocr_par' dir='ltr' id='par_1_15' title="bbox 1956 2209 2142 2263">
     <span class='ocr_line' id='line_1_109' title="bbox 1970 2209 2142 2231; baseline -0.017 0"><span class='ocrx_word' id='word_1_554' title='bbox 1970 2211 1997 2231; x_wconf 86' lang='lat' dir='ltr'>De</span> <span class='ocrx_word' id='word_1_555' title='bbox 2018 2209 2142 2231; x_wconf 71' lang='lat' dir='ltr'>custodibus</span> 
     </span>
     <span class='ocr_line' id='line_1_110' title="bbox 1956 2243 2137 2263; baseline -0.022 0"><span class='ocrx_word' id='word_1_556' title='bbox 1956 2243 2137 2263; x_wconf 69' lang='lat' dir='ltr'>communitatum.</span> 
     </span>
    </p>
   </div>
  </div>
 </body>
</html>
