2274 3265
116 276 166 302 An.
189 276 217 303 C.
233 275 297 302 11ιὲΐᾶ

127 1020 278 1042 {nobe-tientes

115 1053 213 1078 percellit
245 1060 298 1073 ana-

116 1083 207 1104 then-tabe

132 2115 190 2135 nanc
233 2115 300 2138 legent

119 2146 220 2172 pubticui
242 2152 302 2166 nian-

943 275 1107 298 iitAttTtNos
1136 276 1150 296 V
1174 274 1221 296 ΡΙ).

313 336 374 363 tate
403 328 584 375 apostolica,
613 337 719 364 tenore
749 330 972 377 praesentium,
995 337 1059 363 sta-

313 379 599 418 tuimus,volumus
612 388 640 413 et
657 380 841 414 ordinamus
854 379 937 426 quod
956 379 1060 413 nullus

312 428 447 475 aliquam
464 429 511 462 vel
526 428 645 476 aliquas
662 442 825 476 personam
838 442 893 462 seu
911 441 1060 476 personas

312 490 348 511 ex
372 477 495 522 Zicliis,
518 478 649 521 Rossis‚
678 479 802 519 Alanis,
831 478 1004 524 Mingrellis
1030 486 1060 512 et

313 528 483 573 Auogusiis
515 540 569 562 seu
598 528 668 562 aliis
693 528 752 562 sub
787 528 903 563 Christi
933 528 1059 562 nominc

313 576 477 623 baptizatis
512 576 715 615 huiusmodi,
737 590 790 623 per
816 590 850 612 sc
873 576 918 610 vel
942 577 1037 611 alium
1052 605 1059 617 ,

312 639 366 659 seu
390 627 482 661 etiam
508 639 563 673 pro
585 639 618 661 se
642 626 687 661 vel
707 626 778 667 alio,
796 626 921 674 publice
945 627 991 661 vel
1007 639 1061 660 oc-

312 676 407 720 culte,
437 676 540 723 aliqua
577 676 695 710 ratione
719 677 763 711 vel
788 688 891 719 causa,
915 675 1061 723 praefatis

311 723 478 760 Saracenis
504 726 569 759 sive
596 725 779 760 infidelibus
807 725 953 765 vendere,
975 726 1060 769 dare,

314 773 707 819 tra‹tere‚accommodare,
720 775 838 810 donare
853 787 908 809 seu
924 775 1061 809 alienare

312 831 366 857 aut
399 824 475 859 alias
510 825 585 871 ipsis
620 824 801 859 infidelibus
834 823 986 858 auxilium
1015 823 1061 858 vel

313 872 449 908 savorem
465 874 495 907 in
510 874 754 908 christianorum
769 873 971 921 dispendium
989 885 1063 920 prae-

312 929 394 957 stare
421 923 646 970 quoquomodo
675 933 863 969 praesumat.

363 976 378 1015 ξ
401 975 432 1007 5.
456 971 522 1021 Nos
548 984 619 1006 vero
646 973 841 1018 quemlibet⁷
868 973 921 1019 qui
957 980 1062 1006 contra

314 1021 495 1056 huiusmodi
527 1021 796 1065 constitutionem7
820 1022 1011 1056 voluntatem
1035 1030 1064 1055 et

313 1071 543 1106 ordinationem
565 1079 701 1105 nostram
719 1084 797 1106 ausu
821 1071 988 1106 temerario
1017 1083 1065 1106 ve-

314 1121 379 1154 nire
420 1121 691 1168 praesumpserit,
728 1120 1065 1155 excommunicationis

313 1170 487 1205 sententiae
509 1170 711 1204 decernimus
737 1170 901 1204 subiacere
917 1198 925 1208 ,
960 1181 975 1203 a
1003 1181 1064 1216 qua

311 1221 466 1254 sententia
486 1219 568 1254 idem
591 1219 843 1259 contraveniens,
860 1220 918 1253 nisi
944 1227 1073 1262 tantum

312 1269 350 1303 de
375 1269 465 1304 bonis
494 1270 628 1317 propriis
651 1269 681 1303 in
705 1269 842 1314 ipsarum
867 1268 1064 1302 venditarum

314 1331 519 1365 personarum
549 1318 810 1365 redemptionem,
825 1318 850 1352 si
880 1317 992 1352 redimi
1009 1329 1066 1363 po-

313 1377 432 1409 terunt,
459 1368 599 1414 alioquin
616 1368 645 1401 in
675 1366 907 1407 Ecclesiarum‚
930 1365 1065 1412 hospita·

313 1419 386 1452 lium
403 1425 433 1452 et
447 1417 578 1452 aliorum
594 1417 718 1464 piorum
745 1415 885 1450 locorum
911 1414 1066 1449 dedicato-

280 1497 282 1499 .
313 1479 380 1501 rum
409 1466 468 1501 sub
497 1466 624 1501 nomine
647 1465 718 1500 lesu
748 1464 867 1500 Christi
896 1464 1065 1505 fabricam,

313 1516 542 1563 reparationem
578 1524 608 1550 et
640 1515 910 1550 conservationem
929 1541 937 1554 ‚
960 1522 1012 1548 aut
1035 1514 1065 1547 in

314 1566 469 1613 praefatae
485 1565 555 1599 fidei
571 1573 680 1600 contra
707 1565 776 1599 eius
791 1564 935 1599 inimicos
957 1563 1066 1597 defen-

313 1616 433 1649 sionem
456 1616 578 1661 itttegre
598 1614 846 1649 convertendum
863 1613 1015 1648 exolverit
1037 1621 1066 1646 et

314 1664 487 1711 erogaverit
520 1677 591 1699 cum
615 1664 726 1698 effectu
745 1691 753 1707 ,
781 1672 931 1710 quantum
968 1662 1068 1697 detri-

315 1715 411 1748 menti
431 1722 460 1748 et
483 1714 588 1749 damni
606 1722 771 1761 propterea
788 1712 908 1746 eisdem
933 1712 1068 1746 venditis

316 1765 457 1810 personis
484 1764 622 1798 intulerit
639 1791 647 1804 ,
674 1772 727 1797 aut
759 1762 878 1809 absque
919 1761 1066 1796 mandato

315 1822 422 1848 nostro
465 1813 511 1848 vel
548 1813 641 1848 Sedis
678 1812 877 1859 Apostolicae
916 1811 1043 1858 speciali
1058 1838 1068 1855 ‚

316 1871 536 1910 praeterquam
571 1863 602 1897 in
638 1863 747 1897 mortis
781 1860 910 1896 articulo
942 1861 1069 1895 consti-

315 1921 414 1957 tutus,
437 1912 553 1947 absolvi
570 1925 630 1946 non
658 1913 754 1959 possit
770 1939 779 1954 7
801 1919 830 1945 et
857 1910 896 1944 sit
924 1909 1070 1944 inhabilis

315 1963 352 1996 ad
376 1975 594 2010 quaecumque
611 1974 667 2009 per
685 1974 756 1995 eum
775 1961 982 2007 imposterum
1001 1971 1068 2006 pro-

315 2012 489 2059 sequenda.

365 2062 385 2109 ἓ
407 2066 439 2096 4.
454 2061 619 2096 Mouentes
634 2069 663 2096 et
678 2061 708 2095 in
722 2059 857 2094 Domino
870 2058 1069 2093 exhortantes

318 2111 513 2145 venerabiles
535 2110 646 2146 fratres
669 2119 794 2145 nostros
815 2108 1070 2155 archiepiscopos

317 2170 345 2195 et
365 2162 544 2209 episcopos,
573 2173 694 2195 necnon
723 2159 854 2194 dilectos
881 2158 960 2192 filios
986 2157 1071 2191 nobi-

319 2213 363 2245 les
391 2212 474 2246 viros
507 2211 623 2254 duces,
657 2210 878 2246 niarchioneS,
916 2208 1069 2249 comites,

317 2261 543 2307 gubernatores
559 2288 567 2301 ,
589 2260 747 2299 consules,
776 2266 954 2306 potestates,
982 2257 1070 2303 capi-

318 2321 437 2355 taneos,
465 2319 613 2350 rectores,
641 2308 798 2349 officiales,
827 2307 1070 2342 communitates

317 2368 347 2394 et
371 2361 590 2395 universitates
607 2370 880 2407 quarumcumque
896 2356 1069 2399 civitatum,

317 2420 469 2445 terrarum
493 2419 521 2444 et
545 2409 699 2448 locorum,
727 2421 806 2455 quae
836 2420 890 2454 per
925 2406 1071 2441 christia·

319 2473 374 2495 uos
387 2468 533 2495 tenentur
549 2459 821 2494 ultramarinarum
836 2456 968 2504 partium
985 2468 1071 2503 prae-

318 2511 483 2555 dictarum,
506 2509 551 2544 eis
571 2508 724 2544 universis
746 2516 776 2542 et
797 2506 930 2552 singulis
952 2505 1070 2540 nihilo-

319 2561 424 2595 minus
447 2559 661 2606 iniungenteS,
690 2566 722 2592 ut
737 2556 879 2591 videlicet
906 2555 1070 2602 archiepi—

318 2611 405 2657 scopi
432 2618 463 2644 et
489 2609 626 2657 episcopi
660 2607 764 2642 omnia
799 2615 829 2640 et
856 2605 979 2652 singula
1015 2618 1070 2639 su-

319 2660 456 2707 pradicta
485 2660 515 2693 in
541 2657 720 2693 civitat-ibus
742 2668 850 2691 eorum
883 2663 911 2689 et
941 2655 969 2688 in
995 2654 1071 2689 locis

397 2717 471 2748 Ball.
495 2716 570 2746 Rom.
599 2715 652 2744 Vol.
676 2714 721 2743 IV.
895 2712 927 2742 91

1734 249 1826 296 721*

1100 329 1235 375 singulis
1261 342 1387 364 suarum
1407 330 1588 365 dioecesum
1613 342 1716 365 coram
1734 330 1851 377 populo

1103 379 1262 432 publicent
1284 387 1315 413 et
1343 380 1452 414 saciant
1478 393 1532 427 per
1553 381 1632 414 alios
1671 379 1853 415 solemniter

1104 429 1279 476 publicari,
1315 430 1504 477 iubeantque
1539 439 1568 464 et
1597 437 1766 476 procurent
1802 429 1851 464 illa

1101 479 1139 513 ab
1161 479 1310 514 omnibus
1337 480 1483 520 ducibus,
1517 479 1764 518 marchionibus,
1798 492 1853 514 co-

1103 528 1243 567 mitibus,
1265 528 1541 575 gubernatoribus,
1568 529 1765 570 consuhbus,
1795 540 1854 575 po-

1102 578 1277 622 testatibus,
1300 579 1481 625 capitaneis,
1510 578 1691 618 rectoribus,
1720 577 1853 611 officiali-

1104 629 1185 665 bus,
1220 628 1502 662 communitatibus
1533 637 1561 662 et
1595 627 1853 662 universitatibus

1104 678 1292 725 praedictis,
1326 690 1360 712 ac
1394 678 1535 724 personis
1567 677 1779 723 singularibus
1807 677 1853 711 ci-

1104 730 1244 767 vitatum,
1267 736 1421 763 terrarum
1445 736 1474 761 et
1502 728 1640 761 locorum
1668 726 1852 760 eorumdem

1103 778 1286 812 auctoritate
1315 785 1418 811 nostra
1438 776 1658 810 iuviolabiliter
1680 775 1852 810 observari:

1104 827 1278 862 districtius
1319 827 1448 873 insuper
1482 825 1660 859 inhibentes
1703 825 1856 858 universis

1104 875 1384 920 Christilidelibus,
1399 887 1437 909 ne
1451 884 1556 909 contra
1577 874 1745 921 praeniissa
1761 873 1856 920 quid-

1104 926 1180 973 quid
1203 933 1356 960 attentare
1385 932 1608 972 praesumant,
1641 923 1723 971 quod
1752 923 1777 957 si
1806 935 1857 956 se-

1105 988 1160 1010 cus
1181 976 1318 1009 scienter
1334 975 1453 1020 egerint
1469 1002 1476 1013 ,
1500 974 1668 1021 praedictis
1692 973 1802 1019 poenis
1827 980 1857 1006 et

1105 1025 1268 1059 sententiis
1289 1052 1296 1064 ,
1340 1023 1577 1058 conditionibus
1617 1031 1649 1057 et
1682 1021 1857 1069 praeceptis

1106 1075 1189 1108 iuxta
1211 1074 1467 1108 constitutionem
1491 1073 1632 1107 eamdem
1656 1072 1799 1106 noverint
1825 1082 1858 1105 se

1106 1124 1228 1170 ligatos.

1155 1172 1239 1207 Nulli
1263 1184 1338 1217 ergo
1361 1172 1490 1206 omnino
1514 1179 1566 1205 etc.

1155 1222 1270 1256 Datum
1289 1221 1419 1263 Romae,
1441 1221 1522 1268 apud
1544 1220 1679 1255 Sanctos
1692 1218 1861 1266 Apostolos

1108 1272 1198 1306 tertio
1222 1283 1321 1306 nonas
1344 1271 1433 1311 iunii,
1456 1282 1539 1305 anno
1565 1278 1686 1304 octavo.

1265 1333 1326 1362 Dat.
1350 1333 1397 1362 die
1421 1341 1559 1371 annoque
1582 1332 1696 1361 eodem.

1427 1499 1542 1535 Xtht.

1109 1583 1292 1616 Homicidas
1325 1582 1359 1615 in
1395 1583 1483 1615 terris
1516 1581 1716 1615 bai-onatilius
1746 1581 1779 1613 in
1811 1581 1862 1613 di-

1156 1634 1264 1666 strictu
1287 1632 1375 1665 Urbis
1402 1632 1598 1665 existentibus
1626 1632 1721 1675 recipi
1740 1630 1863 1663 minime

1154 1694 1251 1726 posse,
1276 1693 1447 1726 poenasque
1467 1688 1573 1714 contra
1594 1687 1788 1725 receptatores
1807 1680 1862 1712 de—

1158 1733 1251 1770 cerni,
1281 1743 1456 1775 omnemque
1471 1731 1709 1764 iurisdictionem
1730 1730 1864 1763 senatori

1161 1782 1249 1815 Urbis
1277 1782 1358 1814 circa
1391 1782 1517 1815 illorum
1545 1781 1733 1825 punitionem
1762 1779 1864 1812 deberi

1158 1832 1296 1865 declarat
1318 1833 1374 1874 (1).

1380 1907 1593 1939 ΞΗΜΜΑΒΙΌΜ

1110 1973 1300 2003 Prooemium.
1318 1989 1356 1993 —
1375 1972 1401 2001 1.
1424 1970 1517 2000 Causa
1543 1970 1641 2000 edicti.
1663 1985 1701 1991 -
1727 1968 1754 1998 2.
1778 1968 1864 1998 Baro-

1151 2017 1290 2054 nibus,ut
1303 2016 1438 2045 bannitos
1454 2015 1581 2044 senatori
1599 2013 1685 2043 Urbis
1697 2013 1862 2052 puniendos

1152 2063 1274 2098 tradant,
1287 2061 1438 2101 praecipit.
1450 2077 1489 2082 -
1504 2060 1532 2089 3.
1546 2059 1752 2089 inobedientes
1769 2058 1863 2097 poenis

1151 2107 1270 2136 addicit.
1288 2123 1326 2127 —
1340 2106 1369 2135 4.
1388 2104 1482 2135 Hasce
1502 2105 1602 2134 literas
1621 2104 1710 2133 valvis
1728 2102 1863 2141 Capitolii

1152 2151 1233 2181 iubet
1247 2151 1335 2188 affigi.
1356 2167 1395 2171 —
1413 2151 1431 2179 5
1448 2149 1616 2179 Clausulae.

1155 2227 1290 2256 Martinus
1309 2226 1451 2261 episcopus
1481 2231 1576 2253 servus
1604 2229 1743 2252 servorum
1761 2221 1817 2255 Dei.

1246 2277 1280 2304 ad
1311 2276 1439 2304 futuram
1479 2274 1521 2303 roi
1557 2273 1727 2302 memoriam.

1160 2348 1317 2397 Improbis
1337 2346 1548 2395 quorumdam
1573 2345 1738 2381 conatibus
1765 2354 1794 2379 et
1811 2357 1863 2378 au-

1111 2400 1200 2435 sibus
1223 2398 1408 2437 temerariis,
1430 2397 1484 2444 qui
1509 2395 1662 2431 horrenda
1686 2394 1862 2429 inhumani-

1113 2460 1172 2485 tate
1200 2457 1332 2484 mortem
1355 2447 1464 2482 sitiunt
1498 2446 1631 2480 aliorum
1650 2473 1657 2485 ,
1696 2452 1782 2479 tanto
1815 2453 1861 2479 est

1114 2498 1310 2548 propensiori
1337 2497 1443 2531 studio
1466 2509 1520 2543 per
1543 2495 1742 2542 Apostolicae
1769 2493 1861 2529 Sedis

1114 2548 1338 2596 providentiam
1367 2545 1610 2584 occurrendum,
1632 2552 1748 2592 quanto
1776 2544 1862 2591 ipso-

1113 2612 1182 2634 rum
1218 2597 1400 2633 detestanda
1440 2604 1469 2630 et
1507 2595 1682 2630 inordinata
1717 2593 1859 2628 voluntas

1147 2670 1185 2705 (l)
1202 2670 1240 2696 Ex
1258 2670 1361 2704 Regest.
1380 2668 1404 2694 in
1422 2667 1531 2694 Archiv.
1550 2667 1635 2693 Vatic.

1867 273 1917 299 An.
1936 274 1964 299 C.
1981 274 2048 300 tam

1902 2353 2032 2375 Prooemium.
