2274 3265
162 299 185 316 ny
205 290 231 316 C.
255 290 320 316 1573

149 519 162 539 S
178 527 192 540 ι·ι
190 521 238 545 ’,ιι
251 520 320 539 ιΙῑ-ιι·

138 558 205 571 rarum
222 558 260 576 ιιΙιιι
276 552 322 571 ι1ι-

190 588 206 601 ιιι
235 584 270 602 ιι
290 582 318 602 l

137 614 190 633 cient
175 589 218 632 ΗιΙι.

138 2001 246 2020 ἀίεηιιιιπι,

170 2407 288 2429 clausulae.

152 1970 223 1991 Poena
247 1969 321 1989 inobe-

949 284 1135 307 ‹ssttitjoutt's
1158 283 1186 304 ΧΙ
1212 282 1257 303 ΙἸ).

380 347 525 383 Gregorius
543 347 684 382 episcopus
711 351 803 373 servus
822 350 961 372 sorvorum
977 342 1036 375 Dei.

470 397 503 425 ad
530 396 690 432 perpetuam
714 395 754 424 rei
780 393 948 422 memoriam.

385 476 400 513 ξ
428 473 454 504 l.
478 471 638 504 Statutirm
665 482 718 515 per·
735 467 832 502 felicis
855 466 1082 500 recordationis

339 520 410 555 Urli:
413 532 498 553 mrim
513 520 627 566 Papam
643 519 853 565 quintum,pr·
847 516 921 550 zeredr
916 528 1080 550 cessorem

339 578 493 613 nostrum,
516 569 634 603 editum
653 580 748 615 supr-1
766 566 943 601 scribendis
957 574 1083 612 aposto-

339 620 406 654 licis
433 597 530 653 liteiis
558 631 612 665 per·
634 616 887 664 scr-iptorcsliter·
890 628 977 650 .·rrum
997 616 1083 662 ipsa-

338 682 406 704 rum
430 669 599 703 existentes
625 681 679 714 pro
697 677 848 713 tempore,
877 679 912 700 ex
928 666 1021 699 cer-tis
1040 678 1084 699 ra-

336 718 537 753 tionabilibus
552 718 667 756 causis,
684 717 910 754 modilicantcs,
925 723 952 749 et
969 728 1084 762 poenas

337 769 365 802 in
394 780 431 802 eo
452 767 632 815 appositas,
660 780 732 801 cum
763 766 954 812 periculosae
984 765 1082 800 forent

337 818 482 855 nimium,
512 817 635 864 penitus
662 824 854 859 amoventes,
879 816 1032 849 universis
1055 824 1084 850 et

336 867 472 912 singulis
494 866 702 913 scriptoribus
718 865 899 900 earumdem
926 865 1082 900 literarum

335 917 519 951 auctoritate
545 917 717 963 apostolica
741 915 951 961 praesentium
977 923 1083 949 tenore

336 966 533 1009 mandamus,
555 966 640 1012 quod
666 965 768 999 literas
790 966 828 999 de
854 964 948 998 Curia
964 973 992 998 et
1008 964 1084 999 alias

335 1016 373 1050 de
397 1024 504 1050 nostro
521 1015 566 1049 vel
590 1027 809 1049 successorum
827 1023 1002 1048 nostrornm
1020 1013 1084 1048 Ro-

337 1077 501 1100 manorum
526 1065 713 1099 Pontilicum
735 1064 880 1098 mandato
894 1064 989 1109 gratis
1005 1064 1083 1098 scri-

337 1115 466 1152 bendas.
494 1127 575 1162 quae
599 1127 653 1162 per
673 1122 794 1148 nostros
824 1127 877 1147 seu
901 1113 1082 1147 eorumdem

335 1177 555 1199 successorum
584 1164 771 1199 secretarios
794 1172 844 1197 aut
866 1162 1083 1197 rescribenda-

337 1216 429 1253 rium,
446 1215 498 1261 qui
517 1227 572 1261 pro
595 1223 737 1260 tempore
754 1214 864 1251 fuerit,
887 1211 1085 1247 distributio—

335 1277 405 1298 nem
442 1264 560 1299 eisdem
590 1264 723 1298 fideliter
752 1263 827 1297 infra
851 1270 1083 1308 competentem

334 1314 503 1348 terminum
527 1314 573 1348 eis
597 1327 651 1360 per
679 1313 815 1360 aliquem
839 1324 875 1346 ex
898 1311 1015 1345 eisdem
1040 1324 1086 1345 se-

333 1364 475 1397 cretariis
504 1363 548 1397 vel
572 1363 718 1397 eumdem
740 1361 1026 1396 rescribendarium
1041 1374 1087 1395 as-

333 1413 533 1459 signandum,
546 1422 688 1447 cessante
701 1411 925 1458 impedimento
936 1410 1085 1455 legitimo,

333 1463 417 1509 quod
454 1462 630 1497 secretariis
657 1460 922 1496 distribuentibus
951 1460 1086 1494 minutas

333 1513 436 1546 statim
462 1512 622 1546 notificare
652 1511 788 1545 debeant
815 1510 854 1544 de
883 1509 962 1543 bona
986 1509 1086 1550 litera;

333 1561 471 1596 scribere
506 1561 552 1595 vel
587 1574 641 1608 per
672 1574 705 1596 se
733 1560 778 1595 tel
815 1573 869 1607 per
899 1559 1087 1594 substitutos

334 1623 408 1645 suos
430 1611 537 1654 scribi
560 1612 584 1644 si
609 1612 655 1645 eis
677 1622 863 1645 concessum
883 1609 975 1642 luerit
980 1609 1084 1656 ,quod

335 1673 389 1706 per
411 1639 598 1695 substitutos
620 1661 712 1695 scribi
730 1660 854 1698 saciant,
871 1671 931 1692 non
957 1667 1087 1706 postpo-

335 1719 422 1750 nant,
450 1718 479 1745 et
496 1720 662 1758 postquam
689 1710 755 1744 illas
777 1708 979 1756 scripserint,
1004 1722 1087 1755 ipsas

336 1761 459 1794 mittant
482 1761 673 1800 secretariis
702 1760 754 1806 qtti
779 1760 916 1793 minutas
946 1758 1086 1799 fecerint,

336 1822 394 1844 nec
421 1818 599 1857 expectent,
622 1810 705 1857 quod
730 1822 825 1856 snper
848 1809 906 1842 lroc
929 1808 966 1841 ab
983 1808 1087 1855 aliquo

337 1869 547 1905 requrrantur.

385 1917 399 1954 g*
427 1916 459 1946 2.
487 1913 636 1960 Alioquin
666 1913 928 1947 contrafacientes
956 1914 1086 1947 emolu-

338 1975 444 2000 mento
471 1967 566 2001 oflicii
596 1967 778 2015 scriptoriae
808 1980 862 2014 per·
887 1980 982 2001 unum
1002 1980 1087 2002 rnen-

337 2033 401 2054 sem
436 2021 556 2069 absque
592 2022 777 2056 remissione
810 2021 973 2068 qualibet,
1007 2034 1087 2068 quae

338 2088 392 2122 per
421 2089 477 2111 nos
517 2077 562 2112 iel
591 2089 790 2112 successores
825 2078 951 2111 eosdem
990 2078 1088 2124 possit

338 2130 402 2164 fieri
420 2159 428 2173 ,
457 2132 519 2165 sint
543 2132 706 2179 suspensi:
731 2139 761 2165 et
794 2132 822 2164 in
859 2131 916 2165 lroc
944 2132 1085 2166 eiusdem

340 2186 591 2227 rescribendarii,
614 2187 666 2233 qui
685 2186 890 2221 referentibus
912 2188 1087 2221 secretariis

336 2252 431 2286 snper
461 2241 520 2276 lroc
556 2242 683 2276 credere
711 2241 839 2285 debeat,
861 2242 1085 2278 conscientiam

336 2306 516 2330 oneramus.

389 2354 403 2393 ξ
428 2352 458 2383 5
479 2350 562 2384 Nulli
592 2363 667 2396 ergo
690 2351 820 2385 omnino
849 2350 1012 2385 bominum
1039 2324 1088 2385 li—

337 2413 402 2440 ceat
433 2406 512 2440 banc
537 2406 680 2452 paginam
706 2415 830 2439 nostrie
852 2406 1087 2442 constitutionis

339 2459 520 2505 infringere,
542 2468 596 2493 etc.

387 2514 501 2548 Datum
526 2514 609 2561 apud
627 2513 737 2547 Villam
755 2514 872 2548 Novam
890 2514 1083 2550 Avenionen.

338 2569 491 2603 dioecesis
513 2569 680 2603 undecimo
694 2568 842 2603 kalendas
856 2570 993 2615 augusti,
1011 2583 1088 2616 pon-

338 2624 474 2658 tificatus
497 2623 592 2658 nostri
616 2636 698 2658 anno
726 2624 826 2657 tertio.

387 2681 446 2711 Dat.
470 2682 516 2710 die
536 2681 572 2710 2⁹2
595 2681 658 2710 iulii
683 2681 766 2717 1373,
785 2681 885 2720 pontif.
909 2691 983 2710 anno
1006 2690 1046 2711 ιιι.

1755 268 1824 301 565

1462 333 1542 369 xvi.

1128 409 1274 452 lteliqiosi
1292 410 1503 452 cuiuscumque
1522 408 1662 446 Ordinis,
1679 407 1770 439 eliam
1788 406 1876 439 Men-

1174 459 1364 495 άίοαηιιιιιη,
1393 458 1533 501 quamvis
1561 457 1649 489 Sedis
1686 456 1877 500 Apostolicae

1174 509 1233 540 sint
1254 508 1436 552 cappellani,
1461 518 1566 540 eorum
1583 506 1792 550 superioribus
1805 506 1877 538 sub-

1176 557 1243 590 iecti
1264 564 1450 590 remaneant.

1395 634 1609 665 stthtlttatttUM

1125 699 1293 728 Exordium.
1317 715 1355 719 —
1382 698 1407 726 1.
1430 697 1541 726 Causae
1570 696 1706 725 serendae
1731 696 1813 733 legis.
1840 714 1878 718 —

1165 744 1191 773 ⁹2.
1209 743 1371 772 Declaratio
1390 742 1434 779 (de
1450 751 1500 780 quo
1518 742 1546 769 in
1570 741 1702 777 rubrica),
1719 757 1757 762 —
1774 741 1791 769 3
1820 740 1874 770 Ob-

1166 787 1305 817 stantium
1330 786 1491 824 derogatio.

1171 859 1317 895 Gregorius
1332 858 1474 894 episeopus
1498 864 1594 886 servus
1613 863 1754 885 servorum
1778 856 1834 888 Dei,

1258 910 1292 938 ad
1319 909 1481 945 perpetuam
1509 908 1549 936 rei
1577 907 1745 936 memoriam.

1178 982 1236 1016 Per
1271 980 1405 1015 Romani
1443 979 1607 1014 Pontificis
1647 978 1878 1025 providentiam

1127 1033 1402 1078 circumspectam,
1418 1029 1463 1064 sic
1484 1029 1577 1063 Sedis
1594 1028 1795 1075 Apostolicae
1816 1029 1881 1075 pri-

1129 1081 1240 1128 vilegia
1264 1089 1294 1115 et
1311 1079 1430 1114 indulta
1455 1079 1610 1113 moderari
1634 1078 1880 1124 dignoscuntur,

1127 1130 1212 1177 quod
1230 1131 1259 1164 in
1272 1130 1317 1164 eis
1332 1129 1459 1163 materia
1476 1128 1667 1174 malignandi
1684 1128 1760 1162 nulli
1777 1128 1880 1166 detur,

1127 1193 1162 1215 ac
1193 1191 1362 1227 personae,
1390 1191 1469 1225 quae
1498 1178 1559 1212 sub
1595 1177 1745 1224 religione
1773 1190 1881 1212 vacare

1128 1230 1246 1265 debent
1266 1229 1368 1263 studio
1394 1229 1462 1275 piae
1489 1228 1606 1268 vitae‚a
1626 1227 1709 1261 bono
1732 1227 1882 1262 obedien·

1129 1280 1187 1313 tiae
1203 1288 1232 1313 et
1262 1277 1492 1325 perseverantia
1516 1277 1612 1311 divini
1638 1277 1754 1311 servitii
1785 1277 1883 1312 nulla·

1129 1337 1220 1363 tenus
1244 1328 1453 1362 retrahantur.

1178 1384 1192 1421 ς’
1225 1381 1252 1412 l.
1281 1378 1364 1412 Sane
1392 1389 1493 1423 nuper
1507 1376 1544 1410 ad
1569 1385 1708 1410 nostrum
1731 1376 1881 1411 relatione

1129 1427 1190 1462 lide
1218 1427 1309 1473 digna
1331 1427 1472 1472 pervenit
1498 1425 1654 1465 auditum,
1684 1426 1768 1473 quod
1793 1438 1882 1460 non-

1130 1477 1207 1511 nulli
1229 1477 1377 1523 religiosi,
1402 1476 1493 1511 etiam
1518 1476 1744 1515 Mendicantes,
1773 1476 1826 1523 qui
1850 1476 1880 1510 in

1128 1527 1330 1574 cappellanos
1363 1525 1456 1561 Sedis
1485 1525 1684 1573 Apostolicae
1720 1538 1753 1560 se
1786 1526 1880 1573 recipi

1131 1585 1350 1624 procurarunt,
1364 1584 1528 1623 propterea
1544 1575 1661 1610 bonum
1678 1575 1877 1610 obedientiae

1130 1627 1399 1661 etcorrectionem
1428 1633 1620 1669 recusantes,
1638 1637 1692 1672 per
1713 1625 1881 1665 mnndum,

1131 1676 1379 1723 perplurimum
1415 1675 1483 1709 sine
1515 1687 1644 1709 suorum
1680 1675 1880 1721 superiorum

1130 1726 1271 1769 lieentia,
1289 1725 1414 1772 saepius
1449 1724 1609 1771 evagando
1632 1723 1824 1763 discurrunt,
1852 1733 1882 1758 et

1130 1775 1322 1822 quandoque
1351 1775 1388 1809 ad
1420 1774 1596 1809 Romanam
1627 1773 1755 1808 Curiam
1784 1787 1881 1809 accc-

1130 1825 1221 1869 dunt,
1244 1832 1420 1859 asserentes
1443 1824 1511 1858 sine
1531 1836 1663 1858 suorum
1679 1823 1880 1871 superiorum

1131 1874 1253 1909 licentia
1277 1887 1310 1909 se
1333 1874 1392 1909 hoc
1419 1873 1522 1909 facere
1547 1886 1651 1921 posse.

1179 1926 1248 1967 {⁶2-
1278 1924 1342 1958 Nos
1377 1924 1472 1970 igitur
1495 1924 1523 1957 in
1554 1923 1761 1971 praemissis,
1791 1933 1882 1970 prout

1130 1986 1165 2008 ex
1189 1974 1295 2008 debito
1318 1982 1464 2008 tenemur
1483 1973 1648 2020 pastoralis
1669 1972 1773 2013 officii,
1797 1974 1882 2008 salu-

1131 2024 1225 2058 briter·
1239 2024 1402 2071 providere
1416 2024 1593 2070 cupientes,
1607 2023 1791 2057 auctoritate
1805 2036 1883 2070 apo-

1130 2074 1238 2108 stolica
1258 2082 1366 2108 tenore
1391 2073 1603 2121 praesentium
1627 2073 1811 2116 statuimus,
1828 2086 1882 2107 vo-

1131 2123 1238 2158 lumus
1265 2133 1295 2158 et
1323 2124 1417 2158 etiam
1441 2121 1737 2170 ordinamus,quod
1770 2135 1882 2158 omnes

1131 2182 1162 2208 et
1183 2174 1296 2220 singuli
1322 2173 1459 2219 religiosi
1485 2185 1760 2219 quorumcumque
1785 2172 1882 2207 Ordi-

1132 2237 1220 2263 num
1249 2224 1342 2258 etiam
1372 2223 1634 2262 Mendicantium
1663 2223 1765 2257 dictae
1789 2222 1882 2258 Sedis

1130 2274 1305 2320 cappellani
1343 2273 1395 2320 qni
1437 2273 1499 2306 sint
1527 2273 1608 2306 etin
1646 2280 1735 2306 antea
1764 2281 1880 2316 erunt,

1131 2323 1263 2378 perinde
1290 2336 1399 2357 eorum
1429 2322 1648 2369 superioribus
1669 2331 1698 2356 et
1721 2330 1881 2356 correcto-

1131 2374 1242 2408 ribus
1238 2386 1377 2420 mserum
1406 2373 1436 2406 in
1460 2373 1609 2407 omnibus
1638 2381 1668 2406 et
1692 2383 1748 2418 per
1775 2373 1879 2406 onmia

1130 2424 1190 2457 siut
1215 2423 1359 2463 subiecti,
1379 2435 1414 2456 ac
1442 2423 1467 2457 si
1492 2422 1669 2469 praedictae
1688 2422 1783 2457 Sedis
1805 2434 1881 2469 cap-

1131 2473 1243 2520 pellani
1268 2485 1329 2507 non
1353 2481 1470 2507 essent.

1178 2528 1193 2566 g
1221 2526 1253 2557 5.
1275 2522 1343 2557 Non
1358 2521 1555 2557 obstantibus
1570 2521 1811 2569 exceptionibus
1823 2534 1878 2556 seu

1129 2572 1386 2620 exemptionibus
1402 2580 1431 2606 et
1448 2572 1516 2606 aliis
1537 2572 1791 2627 quibuscumque
1815 2572 1879 2618 pri-

1130 2624 1261 2669 iilegiis,
1291 2622 1508 2668 indulgentiis,
1532 2622 1650 2668 gratiis,
1679 2621 1776 2656 literis
1802 2634 1880 2668 apo-

1129 2673 1248 2707 stolicis
1284 2672 1478 2719 cappellanis
1505 2672 1606 2706 dictae
1628 2671 1721 2707 Sedis
1748 2679 1779 2706 et
1805 2671 1880 2706 alias

1891 279 1939 303 Λιι.
1960 278 1988 303 (1.
2006 277 2072 304 1575

1926 992 2043 1013 Exordium,

1909 1386 1989 1407 Causae
2007 1386 2082 1406 teron-

1897 1418 1935 1437 dae
1952 1418 2011 1443 legis.

1912 1937 2029 1957 Declaratro
2048 1939 2081 1958 ‘de

1898 1975 1936 1995 quir
1948 1970 1967 1989 ιιι
1980 1969 2061 1989 rubrica
2070 1981 2080 1988 ι.

1901 2535 1943 2556 Ohs
1934 2537 1996 2555 tanti
2001 2541 2032 2555 um
2045 2536 2081 2555 de.

1894 2568 1984 2592 rogatio
