2274 3265
221 274 266 299 An.
287 272 313 297 Γ..
335 272 400 298 1295

249 1572 367 1592 snot‘ttum.

230 2022 264 2042 Det
276 2026 399 2042 sumentia

217 2052 323 2072 {cetos-as

472 262 533 294 124

779 325 799 359 l.

421 406 598 450 Bont'sact'us
627 405 715 449 Papa
746 404 932 437 Eduardum
962 403 1091 446 Anyti'ae
1118 413 1166 434 re-

462 467 530 499 qcm
555 455 710 487 certiorem
737 454 811 496 facit
846 454 881 485 de
918 452 1077 485 Caelestini
1099 452 1165 484 ΡΙ).

463 505 669 541 abdicatione,
699 505 804 546 suique
831 503 863 534 in,
897 502 1074 546 Pontificem
1108 501 1167 533 ele-

464 554 560 586 ctione
583 554 639 595 (t).

683 629 896 661 SUttttAtntut

416 698 580 728 Exordium.
610 715 647 719 —
680 698 702 726 t.
732 697 780 726 Dei
811 696 979 725 assistentia
1008 695 1168 724 Ecclesiae:

453 759 491 765 —
503 741 583 777 Quae
596 742 684 771 tutior
696 746 750 775 est,
762 746 788 769 ct
801 739 983 769 constantior
1001 739 1028 768 it:
1040 739 1169 768 adversi-

456 786 573 816 tatibus.
591 803 630 808 —
652 785 679 821 Q,
702 785 729 814 3.
755 784 909 813 Maximum
936 782 1084 812 Ecclesiae
1109 791 1167 811 ma-

456 831 525 865 lum,
541 830 566 859 si
587 829 738 869 providum
759 837 816 857 non
838 827 942 856 babeat
961 831 1115 865 pastorem.
1131 843 1169 848 ·—

455 875 480 904 4.
507 873 665 904 Coelestini
685 872 707 902 V
733 871 844 901 Summi
870 870 974 899 l'ontit'.
1004 870 1167 900 cessionem

456 923 563 949 narrat.
575 935 613 940 —
628 919 654 947 5.
673 916 851 945 Electiuneni
869 924 952 944 suain
968 915 996 944 in
1015 913 1169 944 Summum

456 963 638 993 Pontificem:
662 978 700 983 —
719 962 745 993 6,
770 961 794 989 7.
815 960 903 989 Suam
934 959 1051 997 exponit
1075 958 1102 987 in
1123 968 1170 987 ac-

455 1007 598 1046 ceptando
632 1005 801 1045 pontificatu
836 1002 1027 1032 dubietatem.
1064 1019 1101 1024 --
1144 1003 1169 1031 8.

454 1051 528 1086 Quid
549 1051 666 1080 demum
692 1049 725 1077 ad
751 1047 956 1086 accipiendum
982 1047 1113 1076 moverit.
1133 1064 1171 1069 —

454 1097 480 1124 9.
505 1095 626 1133 Angliae
657 1102 756 1131 regem
778 1092 911 1121 bortatur
933 1096 963 1120 nt.
986 1091 1169 1120 administret

457 1139 608 1174 iustitiam,
622 1137 953 1174 ecclesiasticorumque
974 1140 1088 1164 tueatur
1107 1135 1169 1174 pri-

457 1182 575 1220 vilegia:
601 1198 639 1203 —
665 1182 709 1217 10,
737 1181 779 1209 ll.
799 1180 892 1218 Atque
913 1180 939 1208 in
958 1179 1020 1208 suis
1043 1184 1068 1208 et
1088 1180 1168 1218 regni

457 1227 581 1265 negotiis
609 1227 644 1256 ad
676 1225 826 1255 Pontiticis
857 1224 1089 1253 benevolentiam
1120 1234 1168 1254 re-

454 1275 560 1300 currat.

414 1345 567 1374 Bonifacius
587 1345 728 1380 episcopus
744 1349 840 1372 servus
857 1349 997 1371 servorum
1015 1342 1073 1375 Dei.
1084 1342 1171 1371 caris-

459 1395 527 1422 simo
545 1395 573 1423 in
593 1393 702 1422 Christo
719 1393 775 1421 filio
791 1393 914 1421 Eduardo
933 1392 992 1427 regi
1012 1392 1121 1427 angliae
1137 1392 1170 1420 il·

459 1443 551 1476 tustrt.
570 1443 687 1471 satutem
700 1444 728 1470 et
748 1442 927 1478 apostoticam
946 1442 1170 1470 benedictionem.

463 1514 630 1549 Gloriosus
658 1522 688 1548 et
707 1513 860 1548 mirabilis
879 1512 909 1546 in
933 1511 1083 1559 operibus
1105 1512 1171 1546 suis

415 1563 515 1607 Deus,
538 1564 604 1609 qui,
627 1576 697 1598 cum
717 1564 756 1597 sit
779 1563 808 1596 iu
829 1561 1044 1596 misericordia
1066 1561 1171 1608 copio-

414 1626 480 1656 sus,
514 1614 543 1647 in
573 1613 666 1647 buius
694 1612 780 1648 orbis
802 1611 913 1651 orbita,
948 1611 1040 1658 plena
1069 1611 1170 1655 malis,

413 1663 554 1697 contecta
578 1662 727 1703 dissidiis,
749 1662 929 1695 innumeras
952 1660 1170 1695 miserationes

413 1720 551 1752 exerces,
573 1711 745 1746 Ecclesiam
766 1723 867 1754 suam,
884 1722 978 1758 quain
997 1709 1065 1757 ipse
1080 1708 1172 1744 Sum-

414 1774 485 1796 mus
506 1760 620 1808 Opisex
641 1774 745 1796 rerum
767 1760 911 1800 instituit,
930 1772 965 1794 ac
984 1771 1079 1806 supra
1098 1759 1169 1794 fidei

413 1810 534 1845 firmam
552 1819 669 1857 pettam
686 1811 744 1846 alia
759 1812 803 1854 ¹2)
819 1818 847 1846 et
863 1809 962 1844 solida
976 1808 1092 1844 fabrica
1107 1817 1171 1844 sta-

414 1861 523 1901 bitixiu
542 1862 728 1908 opportunis
752 1861 911 1897 favoribus
935 1862 1083 1907 prosequi
1107 1874 1169 1896 non

414 1913 547 1949 desistit.

462 1964 482 2011 S
520 1967 546 1998 1.
583 1965 710 2000 Assistit
744 1965 828 2000 enim
867 1966 909 1999 illi
945 1966 1110 2001 miserator
1140 1975 1169 2001 et

414 2016 599 2064 propitiator
614 2016 774 2055 assiduus,
793 2028 854 2050 nou
875 2016 1093 2060 obdormiens,
1113 2030 1169 2051 nec

414 2066 598 2105 dormitans,
623 2066 651 2100 iu
679 2078 805 2100 suarum
835 2066 1107 2112 opportunitatum
1137 2080 1170 2101 e-

415 2115 558 2151 ventibus
582 2115 711 2162 pervigil
735 2124 840 2149 custos
863 2116 940 2150 eius.
971 2115 1041 2162 Ipse
1070 2116 1170 2163 siqui-

414 2166 484 2201 den]
508 2164 566 2199 sibi
596 2173 641 2199 est
671 2166 701 2198 in
727 2164 906 2199 turbatione
941 2165 1101 2205 solamen,
1139 2167 1168 2200 in

415 2215 599 2250 necessitate
636 2227 825 2253 snccursus;
862 2222 993 2261 tumque
1034 2215 1170 2250 maxime

415 2278 444 2300 tu
472 2264 664 2299 adiutorium
688 2265 756 2299 eius
783 2277 840 2299 sua
871 2265 968 2311 pietas
999 2264 1080 2310 larga
1110 2265 1170 2299 ‹tis-

415 2313 568 2353 t'uuditur,
599 2327 670 2349 eum
696 2314 847 2349 adversus
871 2313 954 2348 illam
984 2315 1093 2349 mundi
1115 2328 1170 2349 nu-

414 2365 475 2400 bila
501 2372 640 2410 tempore
663 2363 816 2410 caligante
844 2364 998 2404 levantur,
1021 2377 1102 2411 (luae
1127 2365 1171 2398 in-

416 2424 460 2449 ter
488 2414 647 2449 molestias
674 2422 704 2448 et
726 2413 911 2449 afflictiones
934 2414 1086 2460 intrepida
1111 2414 1169 2448 col>

416 2465 514 2510 ligeris
541 2464 569 2498 in
596 2464 758 2498 vexatione
781 2464 932 2509 vigorem„
957 2464 985 2497 in
1011 2464 1076 2510 ipsa
1102 2477 1171 2497 tna-

451 2545 489 2577 (1)
507 2545 543 2570 Ex
564 2545 673 2571 Archiv.
692 2545 799 2579 Angli-<te
820 2545 931 2574 aanor..
961 2550 1024 2572 tom.
1051 2553 1080 2576 tt,
1109 2553 1168 2579 pag.

415 2585 476 2611 667.
497 2599 524 2603 -—
548 2584 702 2619 Raynatdus
731 2584 851 2611 eiusdem
885 2586 938 2612 tere
965 2586 1064 2611 tenoris
1082 2585 1170 2611 literas

417 2625 561 2652 Senoneusi
581 2626 790 2661 archiepiscopo,
808 2627 918 2661 eiusque
933 2626 1104 2660 suffraganeis
1120 2626 1169 2652 da-

419 2669 456 2691 tas
474 2666 549 2691 refert
569 2666 599 2692 ad
622 2674 719 2691 anunm
742 2666 816 2697 taos,
839 2665 853 2698 S
874 2667 898 2692 7.
929 2666 967 2700 (2)
981 2665 1168 2693 Forrsanttlta.

991 269 1175 292 ut't.t.AtttvM
1201 267 1361 290 ROMANUM

1980 264 2030 290 An.
2049 262 2076 288 C.
2098 263 2165 289 taos

1210 324 1309 358 lorum
1341 322 1487 356 instantia
1518 320 1722 361 convalescam
1755 332 1824 355 nam
1857 319 1963 354 divino
1978 330 2163 355 Quantunorest.

1208 384 1334 419 semper
1356 371 1475 406 munita
1504 369 1673 417 praesidio,
1697 381 1755 404 nec
1781 370 1962 404 commina-

1211 423 1330 456 tionum
1353 420 1487 468 strepitu
1510 420 1699 460 deterretur,
1729 430 1787 454 nec
1819 418 1964 453 advers}-

1210 480 1306 507 tatum
1329 479 1497 518 superatur
1524 469 1664 509 incursu,
1692 467 1745 503 sed
1777 468 1806 502 iu
1831 468 1964 502 terrori-

1211 521 1270 555 bus
1305 521 1399 555 tutior
1440 528 1470 554 et
1509 518 1703 554 constantior
1738 517 1767 551 in
1807 516 1963 558 adversis,

1211 582 1315 617 pressa
1344 570 1517 617 praevalet,
1541 580 1628 615 passa
1657 566 1839 613 triumphat.

1258 619 1278 666 S
1302 621 1334 653 2.
1355 618 1440 653 Haec
1458 626 1505 653 est
1523 630 1605 662 arca,
1628 629 1709 664 quac
1730 629 1784 663 per
1806 616 1966 651 confluen-

1211 669 1269 703 tias
1290 677 1320 704 et
1343 667 1624 714 multiplicationes
1646 678 1799 713 aquarum
1826 665 1964 700 elevatur

1212 718 1240 751 iu
1270 717 1384 760 altum,
1415 726 1445 752 et
1475 716 1613 752 subactis
1641 715 1834 750 culminibus
1873 727 1966 748 mon-

1211 767 1300 807 tium7
1328 766 1422 801 libera
1457 774 1487 800 et
1518 778 1627 800 secura
1657 765 1830 812 profundas
1864 764 1965 810 impc-

1211 816 1291 850 tuosi
1325 815 1433 850 diluvii
1465 815 1560 850 calcat
1587 814 1698 849 undas.
1731 813 1816 848 Haec
1845 821 1893 847 est
1919 814 1965 847 uti

1213 866 1317 905 uaris,
1354 877 1451 911 quae,
1490 873 1581 898 vento
1616 865 1774 899 contrario
1810 863 1967 902 irruente,

1211 914 1382 960 strepentis
1406 914 1500 947 maris
1529 912 1708 948 furibundis
1730 912 1869 947 motibus
1899 913 1968 957 agi-

1213 971 1311 1004 tatur-3
1340 963 1427 997 firma
1461 969 1564 996 tamen
1599 970 1628 997 et
1655 961 1754 996 solida
1791 961 1967 1007 fragoribus

1213 1025 1274 1047 non
1303 1012 1477 1057 dissipatur
1504 1012 1681 1058 aequoreis,
1704 1022 1762 1045 nec
1785 1010 1895 1045 marini
1919 1010 1968 1044 fu-

1213 1062 1292 1096 roris
1320 1060 1484 1108 rapiditate
1506 1060 1671 1101 sorbetur3
1699 1059 1752 1094 sed
1776 1059 1873 1094 elatas
1901 1072 1970 1106 pro·

1213 1110 1307 1146 cellas
1339 1110 1497 1149 obruens,
1531 1122 1567 1144 ac
1599 1121 1748 1155 spumosa
1783 1116 1812 1143 et
1849 1108 1968 1143 tumida

1213 1160 1288 1195 freta
1302 1158 1703 1206 sternens,triumphantes
1715 1158 1882 1205 exequitur
1894 1170 1970 1192 suae

1213 1209 1421 1257 navigationis
1462 1209 1622 1250 incessus,
1657 1219 1736 1255 quae
1770 1207 1808 1242 ad
1846 1206 1969 1241 vitalem

1213 1260 1317 1294 crucis
1338 1258 1494 1294 salvificae
1517 1257 1660 1293 arborem
1691 1266 1792 1292 rectae
1821 1256 1971 1291 intentio-

1214 1309 1262 1343 nis
1284 1308 1341 1343 alis
1364 1308 1501 1343 totaliter
1523 1307 1624 1348 etatis,
1647 1308 1676 1341 in
1701 1305 1821 1341 caelum
1845 1318 1971 1353 semper

1214 1358 1330 1393 intenta
1360 1357 1572 1406 procellosum
1599 1355 1757 1403 intrepide
1781 1355 1890 1389 mundi
1915 1367 1971 1402 pe-

1212 1407 1316 1454 lagum
1347 1415 1505 1454 peragrat;
1540 1419 1576 1442 eo
1609 1406 1694 1452 quod
1733 1417 1840 1440 secum
1877 1404 1971 1439 babet

1213 1457 1312 1492 seduli
1354 1456 1573 1503 gubernatoris
1618 1455 1793 1498 auxilium,
1836 1454 1970 1488 marium

1214 1506 1445 1554 praeceptoris;
1475 1505 1558 1540 unde
1587 1512 1713 1551 regente
1736 1503 1793 1538 Illo
1828 1512 1858 1538 et
1886 1503 1972 1538 diri—

1212 1564 1305 1602 gente
1330 1555 1509 1596 salubriter,
1532 1568 1566 1590 ac
1588 1553 1710 1601 Spiritu
1733 1552 1850 1588 Sancto
1866 1552 1971 1593 flante,

1213 1605 1436 1640 adversitatum
1470 1602 1682 1652 quarumlibet
1718 1601 1843 1637 nebulis
1876 1601 1972 1636 dissi-

1214 1655 1303 1701 patis,
1333 1654 1497 1689 victoriosa
1533 1651 1796 1701 peregrinationis
1824 1663 1899 1686 suae
1929 1652 1972 1685 li-

1214 1703 1324 1739 berum
1347 1704 1410 1751 agit
1432 1704 1502 1748 iter,
1525 1703 1563 1737 ad
1587 1702 1707 1750 patriae
1731 1701 1879 1736 coelestis
1902 1714 1972 1748 por-

1215 1762 1278 1787 tum
1296 1753 1442 1801 supernis
1463 1752 1591 1788 nutibus
1609 1751 1742 1787 feliciter
1759 1750 1969 1798 perducenda.

1213 1802 1360 1849 Cumque
1383 1803 1428 1837 sic
1450 1802 1591 1837 adversis
1614 1801 1787 1836 innumeris
1809 1808 1970 1847 prematur

1213 1861 1241 1888 et
1267 1852 1410 1887 turbetur
1432 1852 1573 1887 Ecclesia
1593 1851 1661 1893 itta;
1684 1851 1712 1885 iu
1736 1850 1853 1885 intimis
1870 1849 1968 1897 ipsam

1212 1903 1356 1938 acerbius
1380 1903 1509 1947 sauciat,
1532 1903 1708 1950 duriusque
1737 1901 1805 1936 terit
1829 1900 1970 1936 adversi-

1214 1962 1271 1998 tas,
1300 1967 1372 1989 cunt
1398 1962 1520 2001 pastore
1545 1952 1675 2000 provido
1700 1952 1856 1987 viduatur.

1261 2006 1281 2049 g
1303 2008 1334 2039 5.
1359 2004 1422 2040 Sed
1452 2004 1525 2039 licet
1546 2003 1673 2050 saepius
1693 2002 1834 2038 Ecclesia
1858 2003 1968 2038 eadem

1214 2055 1347 2102 pastoris
1371 2054 1524 2101 regimine
1552 2053 1713 2093 destituta,
1738 2053 1849 2099 longae
1872 2052 1969 2087 vidui-

1212 2105 1283 2140 tatis
1303 2105 1439 2139 lamenta
1459 2104 1621 2151 protraxit,
1641 2102 1838 2151 expectando
1860 2115 1969 2149 geme-

1214 2154 1319 2190 bunda
1357 2154 1476 2189 diutius
1512 2153 1761 2188 consolationem
1798 2152 1967 2199 plenariam

1212 2204 1423 2244 successoris3
1458 2204 1489 2238 iu
1528 2202 1707 2238 huiusmodi
1744 2212 1848 2237 tamen
1883 2214 1969 2237 moe-

1213 2254 1292 2288 roris
1315 2253 1422 2288 nubilo
1455 2253 1622 2300 dignanter
1650 2252 1692 2286 illi
1718 2252 1884 2287 clementia
1920 2251 1970 2286 di-

1214 2304 1279 2338 vina
1317 2303 1436 2345 illuxit,
1471 2302 1635 2337 doloribus
1670 2310 1699 2337 et
1729 2301 1969 2337 necessitatibus

1212 2353 1278 2388 suis
1317 2360 1495 2400 opportune
1531 2352 1722 2387 subveniens
1763 2364 1818 2399 per
1852 2351 1968 2386 substi-

1213 2403 1366 2438 tutionem
1405 2410 1540 2450 optatam
1577 2409 1605 2437 ct
1640 2401 1859 2436 delectabilem
1898 2401 1967 2435 nori

1212 2453 1338 2500 spousi3
1364 2466 1398 2487 ac
1422 2464 1489 2487 eam
1515 2451 1553 2486 de
1577 2451 1747 2486 amissione
1771 2451 1894 2499 prioris,
1919 2450 1969 2484 iu-

1213 2503 1335 2538 terdunt
1372 2502 1502 2543 inutilis,
1542 2515 1596 2549 per
1625 2501 1854 2548 promotionem
1883 2500 1969 2535 celc-

1213 2566 1276 2588 reut
1301 2552 1497 2587 accommodi
1521 2551 1716 2587 successoris
1739 2551 1927 2586 instaurans.

1261 2603 1280 2649 δ’
1310 2605 1340 2636 4.
1370 2601 1465 2643 Saue,
1495 2609 1621 2637 vacante
1651 2600 1791 2636 Romana
1827 2599 1968 2635 Ecclesia

1214 2664 1268 2699 per
1299 2651 1427 2686 liberam
1467 2659 1493 2686 ct
1532 2658 1737 2699 spontaneam
1768 2649 1875 2685 dilecti
1915 2650 1968 2684 filii

1980 363 1999 379 et
2030 361 2163 383 constantior

1980 391 1999 409 in
2026 391 2163 410 attvrrsitate

1980 421 2024 440 bus.

1993 623 2100 643 >tmuium
2125 622 2165 643 Ec-

1980 654 2059 675 clesiae
2079 654 2162 676 matum,

1981 686 1996 704 zi
2006 686 2112 711 pieridum
2122 691 2161 704 uon

1981 715 2056 735 habeat
2094 718 2166 741 pisto-

1982 751 2032 766 rem.
