2274 3265
265 282 313 308 Αιι.
329 283 357 309 C.
377 283 443 309 ¹285

271 638 349 663 Quum.
369 639 387 657 in
404 644 440 658 ca·-

259 669 314 689 ribnr
330 670 441 689 „turinen-

257 700 303 720 dum
320 708 330 720 ιι
348 701 439 721 mult-tia.

264 1483 331 1503 Navea
352 1486 433 1509 sumptu

251 1517 308 1540 regio
333 1521 373 1535 nou
390 1516 434 1540 pri-

251 1550 344 1566 vatorum
381 1552 434 1566 cou-

251 1579 363 1597 struenda(-

261 2030 291 2050 Ad
301 2031 430 2057 captivorum

248 2062 362 2081 custodiam
382 2063 430 2081 uni-

248 2094 359 2112 versitates
388 2098 428 2113 ιιοιι

247 2124 361 2149 cogendae.

255 2324 295 2344 :Nur—c
309 2331 327 2343 ιιι
339 2324 427 2350 pec-unia

246 2357 289 2380 rogi
305 2356 406 2375 dentium
410 2357 427 2374 ιιι

246 2387 370 2412 gestandae,

509 271 553 302 712

458 337 541 383 (prod
567 348 626 369 uon
652 335 709 369 uisi
739 344 858 369 tantum
899 336 926 370 in
966 336 1041 370 locis
1082 337 1203 383 magnis

458 396 483 419 ct
520 385 681 431 populosis
708 385 786 430 exigi
829 385 923 431 possit
954 386 1109 432 quantitas
1141 399 1201 420 su—

459 435 608 480 pradicta:
639 434 667 468 in
688 435 754 468 aliis
778 446 849 469 vero
885 434 961 468 infra
996 436 1200 482 quantitatem

457 484 599 518 earndem
634 496 688 530 pro
735 484 882 530 qualitate
910 484 1050 519 locorum
1081 486 1201 520 exactio

457 542 658 579 temperetur.

504 583 523 629 5
542 586 595 617 10.
613 582 690 616 Eid‹
686 595 723 616 ιιι
742 583 909 628 provisioni
923 583 1099 617 adiiciendo
1112 596 1201 630 prae-

455 633 592 679 cipimus
625 633 842 667 universitates
874 632 910 666 ad
947 633 1198 667 emendatiorum

456 682 621 725 sur-torum,
644 694 723 728 quae.
762 695 815 727 pei·
847 681 1022 727 singulares
1051 695 1200 729 personas

454 732 605 777 contingit
631 731 708 773 lieri,
737 732 915 765 nullatenus
952 731 1197 778 compellendas:

455 794 511 815 nee
533 782 569 815 ad
596 781 802 815 mutuandum
824 781 887 826 regi
916 793 969 815 seu
986 783 1091 815 curiae
1113 793 1198 821 suae,

453 840 503 864 aut
527 830 712 865 officialibus
737 830 780 864 vel
806 830 956 864 ministris
980 831 1131 876 ipsorum,
1147 839 1199 864 aut

455 880 665 926 recipiendam
690 880 888 925 aliquatenus
909 880 1011 926 regiae
1032 881 1198 914 massariae

452 929 625 964 custodiam
640 929 703 963 sive
715 942 805 965 onus,
820 942 875 963 sen
897 930 1130 974 p0‚sessi‹›nu=n
1149 942 1198 963 re-

452 979 566 1023 galium
580 979 829 1025 procurationem
840 1006 849 1021 ,
863 986 913 1012 aut
930 978 1067 1023 gabellae
1081 979 1125 1013 vel
1144 991 1198 1012 ιιιι-

453 1030 548 1067 vium,
564 1040 618 1061 seu
642 1040 917 1074 quorumcumque
938 1028 1138 1062 vassellorurn
1161 1028 1198 1062 sa-

454 1077 671 1112 lnicaudorum
688 1090 795 1111 curam
812 1089 1002 1123 quemquam
1018 1078 1195 1123 cogendum

451 1128 593 1161 invitum:
618 1127 886 1174 usurpationibus,
909 1140 987 1174 quae
1007 1128 1195 1161 contrarium

451 1176 652 1215 inducebant,
690 1177 814 1223 penitus
844 1177 1024 1222 abrogatis;
1062 1178 1196 1211 maxime

449 1240 519 1259 cuin
549 1226 623 1260 dicti
653 1239 704 1260 rex
732 1235 760 1259 et
785 1226 1012 1272 primogenitus
1040 1227 1077 1260 ad
1115 1227 1195 1260 rele—

450 1275 560 1318 vanda,
598 1288 658 1309 non
696 1285 796 1309 tamen
822 1275 928 1322 plene,
950 1277 1128 1321 gravamina
1165 1276 1193 1310 ιιι

451 1326 629 1372 praemissis
658 1325 795 1365 inducta,
827 1326 1071 1360 constitutiones
1096 1326 1195 1360 varias

451 1375 668 1421 promulgasse
691 1375 848 1409 dicantur.

498 1424 517 1471 S
542 1427 596 1459 tt.
625 1424 840 1459 Concedimus
866 1433 983 1467 autem,
1012 1433 1043 1458 ut
1083 1425 1108 1458 si
1143 1437 1194 1459 ca-

449 1482 664 1520 susemergat,
688 1474 717 1507 ιιι
741 1487 802 1521 quo
829 1474 867 1507 sit
890 1475 1101 1508 necessarium
1141 1488 1194 1508 na-

450 1536 502 1557 ves
526 1525 569 1557 vel
598 1528 654 1558 alta
685 1524 813 1558 vass-etta
838 1536 892 1569 pro
920 1524 1053 1558 utilitate
1069 1523 1193 1570 publica

449 1573 604 1613 fidu-icari,
631 1573 721 1608 liceat
745 1583 818 1608 tuuc
843 1574 981 1619 regnanti
999 1574 1195 1608 committere

447 1636 551 1657 curam
586 1622 799 1657 fabricationis
831 1622 1010 1657 huiusmodi
1048 1624 1194 1670 expensis

448 1674 541 1719 regiis
568 1672 726 1706 faciendae
755 1673 899 1719 personis
937 1672 1081 1712 idoneis,
1113 1673 1196 1707 vide-

447 1723 517 1756 licet
544 1722 638 1756 liuius
667 1723 707 1756 rei
745 1723 885 1768 peritiam
922 1721 1131 1766 habentibus,
1166 1730 1194 1756 et

446 1784 526 1818 quas
549 1771 684 1805 offic-ium
715 1773 773 1806 tale
795 1772 896 1815 decet,
923 1780 953 1806 et
990 1772 1063 1818 ipsis
1103 1773 1195 1806 satis-

449 1822 536 1856 l'aviat
566 1834 620 1868 pro
650 1822 855 1868 susceptione
892 1833 984 1856 curae
1019 1823 1194 1868 praedictae

446 1870 484 1904 tle
507 1872 697 1918 competenti
729 1871 883 1905 mercede:
907 1879 937 1904 et
960 1870 1041 1905 idem
1079 1873 1193 1905 servari

448 1922 658 1967 praecipimus
682 1922 711 1955 ἰιι
740 1920 883 1955 faciendo
906 1920 1050 1955 biscotto.

494 1970 513 2016 ἓ
544 1973 597 2004 12.
626 1969 675 2004 Ad
703 1970 894 2016 captivorum
920 1970 1094 2005 custodiam
1125 1971 1194 2004 uni-

447 2022 619 2062 versitates,
642 2020 687 2053 vel
711 2033 815 2054 earum
840 2020 1019 2065 singulares
1043 2032 1194 2066 personae

445 2070 622 2104 nullatenus
649 2070 889 2116 compellantur,
917 2071 1097 2116 praesertim
1122 2083 1192 2104 cum

446 2120 504 2154 boc
527 2121 629 2166 ipsum
653 2118 773 2153 dicatur
795 2119 934 2153 eiusdem
964 2120 1045 2164 regis
1073 2120 1192 2153 cousti—

445 2170 563 2204 tutione
592 2169 761 2215 provisum,
787 2169 871 2216 quod
905 2170 1116 2216 praecipinnis
1145 2170 1193 2203 in-

446 2219 631 2253 violabiliter
654 2219 824 2254 observari.

493 2269 512 2316 g
542 2272 596 2303 15.
619 2268 793 2303 Gravatnen
818 2268 901 2315 quod
926 2269 955 2301 in
981 2269 1113 2315 pecunia
1137 2268 1193 2302 de-

445 2318 586 2354 stinanda
621 2319 696 2364 regi,
732 2319 778 2352 vel
808 2318 900 2364 regali
932 2317 1100 2361 Gamerae,
1136 2331 1192 2352 scu

444 2369 480 2402 ad
515 2369 572 2403 alia
607 2369 673 2402 loca
707 2380 928 2422 quaecumqtu
961 2367 1093 2402 alicuius
1127 2368 1193 2401 uni-

445 2419 600 2452 versitatis
633 2430 780 2473 expensis
815 2431 867 2463 per
895 2418 1014 2464 aliquas
1043 2430 1192 2463 personas

444 2469 585 2503 eiusdem
622 2468 832 2502 universitatis
864 2467 1003 2514 periculo
1031 2468 1111 2509 elt⁰t
1117 2468 1192 2501 udas

444 2518 548 2552 iul'eiri
576 2518 648 2552 dicti
674 2519 759 2564 regni
785 2517 1042 2552 universitatibus
1069 2517 1193 2551 diceba-

445 2576 510 2606 tur,
539 2568 715 2613 provisione
747 2567 839 2601 simili
876 2567 1080 2614 probibemus
1116 2567 1192 2620 ipsis

446 2617 711 2661 universitatibus,
740 2603 786 2652 ss
814 2616 1027 2664 singularibus
1051 2629 1190 2663 personis

443 2678 548 2700 earum
571 2667 609 2701 de
632 2676 754 2701 caetero
785 2667 929 2712 irrooari:
961 2666 1095 2701 maxime
1118 2678 1189 2700 cuin

1033 281 1219 304 nummum
1242 281 1403 303 nortuum!

1244 337 1364 372 dicatur
1399 337 1480 371 idem
1519 336 1620 382 quoad
1664 336 1879 372 universitates
1917 338 1992 374 dicti

1245 387 1440 433 primogeniti
1462 385 1664 440 prohibitoria
1681 386 1903 422 constitutione
1925 400 1993 434 pro-

1245 449 1357 476 visum,
1385 448 1477 483 quam
1507 448 1535 469 ιιι
1570 435 1627 469 boc
1654 435 1857 470 deceruimus
1891 437 1992 472 invio-

1243 485 1375 519 labiliter
1402 484 1641 519 obserwaudam.

1290 534 1309 579 g
1330 538 1339 567 l
1352 537 1382 568 t.
1400 534 1478 569 lllud
1493 535 1576 581 quod
1595 535 1624 567 in
1639 534 1749 569 eodeni
1767 546 1862 580 regno
1878 535 1992 570 dicitur

1243 592 1439 638 usurpatum,
1470 584 1615 619 videlicet
1641 583 1725 630 quod
1750 584 1870 618 incolae
1894 585 1991 631 ipsius

1242 634 1327 679 regni
1351 634 1388 667 ad
1410 634 1580 688 reparanda
1600 642 1711 677 castra,
1726 642 1756 667 et
1777 635 1989 669 construenda

1243 682 1272 715 ιιι
1301 683 1347 716 eis
1381 683 1528 730 expensis
1568 683 1703 730 piopriis
1737 695 1814 718 nova
1848 683 1990 719 aedificia

1241 731 1445 777 cogebantur,
1469 733 1689 767 emendatione
1719 745 1858 778 congrua
1891 734 1992 768 corri-

1240 790 1349 826 gentes
1377 782 1571 828 providendo
1599 783 1820 828 praecipimus,
1853 793 1884 818 ut
1914 783 1990 817 niliil

1242 829 1319 864 ultra
1347 843 1501 877 expensas
1529 832 1723 866 necessarias
1749 832 1786 866 ad
1817 834 1991 880 reparatio-

1241 891 1311 913 nem
1333 879 1455 913 illorum
1479 881 1680 928 antiquorum
1701 889 1888 922 castrorum
1911 895 1991 929 quae

1239 937 1471 963 consueverunt
1491 928 1642 964 hactenus
1665 931 1837 966 incolarum
1859 933 1992 980 sumpti·

1241 977 1299 1011 bus
1332 979 1487 1025 repr-nari,
1520 988 1549 1012 et
1580 979 1805 1023 aedificiorum,
1836 993 1917 1029 quae
1960 982 1988 1016 in

1241 1028 1422 1061 liuiusmodi
1457 1029 1568 1063 castris
1609 1028 1730 1063 fuerant
1762 1031 1800 1063 ab
1836 1031 1989 1078 antiquo,

1239 1077 1276 1110 ab
1304 1077 1422 1111 eisdem
1453 1077 1562 1112 incolis
1586 1079 1646 1124 peti
1682 1079 1792 1123 possit:
1820 1088 1850 1113 et
1871 1081 1990 1115 consti-

1239 1127 1328 1165 tutio
1351 1139 1444 1173 quam
1468 1127 1548 1160 circa
1575 1127 1633 1162 ltoe
1657 1128 1739 1162 idem
1764 1128 1991 1175 primogenitus

1238 1176 1375 1210 edidisse
1414 1176 1547 1220 dicitur,
1586 1177 1614 1210 in
1645 1177 1825 1211 liuiusmodi
1854 1179 1990 1225 antiquis

1237 1226 1346 1259 castris
1361 1234 1390 1260 et
1405 1225 1557 1260 aediliciis
1573 1226 1772 1261 solummodo
1788 1227 1990 1273 intelligenda

1237 1283 1391 1309 servetur:
1415 1276 1541 1322 antiqua
1566 1289 1636 1311 vero
1659 1286 1758 1311 castra
1783 1276 1911 1323 intelligi
1934 1277 1991 1312 de·-

1237 1325 1396 1359 ceruimus
1425 1325 1453 1359 in
1483 1325 1542 1359 boc
1564 1338 1652 1366 casu,
1674 1338 1810 1373 quorum
1838 1336 1991 1361 constru-

1236 1374 1296 1408 ctio
1323 1387 1477 1409 annorum
1506 1375 1731 1422 quinquaginta
1768 1375 1827 1410 iarn
1865 1384 1989 1423 tempus

1236 1425 1381 1458 excessit

1285 1473 1304 1519 g
1334 1476 1389 1507 15.
1417 1473 1507 1507 Circa
1538 1486 1687 1529 personas
1709 1483 1880 1515 accusatas,
1909 1487 1988 1522 quae

1238 1523 1266 1555 ιιι
1294 1525 1405 1557 eodem
1435 1535 1490 1564 τε(
1496 1535 1534 1558 no
1558 1524 1673 1558 iniuste
1696 1524 1761 1570 capi
1785 1524 1987 1565 dicebantur,

1236 1573 1259 1605 si
1284 1573 1375 1606 ctiam
1400 1572 1530 1607 idoneos
1548 1573 1750 1608 fideiussores
1769 1573 1928 1617 offerrent,
1948 1575 2004 1609 ti-·

1235 1630 1281 1656 cet
1310 1622 1390 1656 idem
1415 1635 1466 1656 rex
1494 1623 1610 1670 aliquid
1634 1624 1781 1658 statuisse
1803 1624 1925 1658 dicatur
1947 1624 1985 1659 ad

1235 1683 1402 1716 0raxamen
1431 1672 1613 1707 huiusmodi
1642 1674 1901 1720 temperandum;
1930 1686 1988 1708 nos

1237 1730 1352 1762 tamen,
1387 1729 1419 1755 ut
1447 1722 1530 1756 nulla
1566 1735 1663 1769 super
1689 1723 1746 1757 boc
1777 1723 1903 1770 querela
1931 1736 1987 1757 su-

1237 1772 1343 1817 persit,
1361 1771 1554 1817 providendo
1569 1773 1788 1817 praecipimus
1806 1774 1869 1807 iura
1886 1773 1986 1807 civilia

1236 1821 1442 1862 observanda,
1466 1830 1495 1855 et
1523 1822 1630 1856 eadem
1655 1821 1811 1856 observ-aii
1840 1822 1987 1857 iubemus

1236 1871 1316 1904 circa
1336 1870 1572 1905 destitutionem
1591 1883 1806 1917 possessorum
1824 1873 1986 1913 comitum,

1237 1919 1390 1954 baronum
1408 1929 1437 1954 et
1456 1920 1668 1968 quorumlibet
1692 1921 1839 1961 aliorum,
1858 1922 1910 1968 qui
1933 1934 1987 1968 per

1237 1970 1371 2015 regalem
1400 1972 1539 2011 curiam,
1572 1979 1602 2004 et
1633 1970 1780 2005 officiales
1808 1971 1924 2017 ipsius,
1951 1983 1987 2005 ac

1235 2020 1310 2053 alios
1337 2019 1533 2066 alienigenas
1556 2019 1646 2055 feuda
1670 2029 1814 2055 tenentes
1837 2021 1865 2054 in
1890 2033 1986 2066 regno

1235 2069 1302 2103 suis
1323 2069 1589 2115 possessionibuS,
1616 2071 1640 2103 si
1663 2071 1791 2117 quando
1813 2071 1909 2109 curia,
1932 2070 1986 2104 of-

1236 2118 1364 2157 ficiales,
1401 2119 1447 2153 vel
1475 2120 1669 2164 alienigenae
1699 2119 1848 2166 praedicti
1877 2132 1910 2154 se
1937 2120 1985 2154 ius

1236 2168 1349 2202 babere
1365 2169 1610 2215 praetendebant
1630 2170 1658 2202 ιιι
1680 2169 1750 2209 ιΙΙι5,
1770 2169 1895 2215 spoliari
1917 2170 1985 2204 sive

1235 2217 1360 2251 destitui
1389 2218 1585 2258 dicebantur,
1620 2227 1646 2252 et
1679 2219 1717 2253 de
1751 2219 1984 2265 possessoribus

1234 2267 1312 2301 ellici
1342 2268 1489 2314 petitores
1514 2267 1600 2302 nullo
1632 2269 1706 2302 iuris
1735 2268 1846 2303 ordine
1872 2268 1984 2303 obser-

1235 2326 1319 2351 vato:
1355 2329 1414 2351 nee
1447 2330 1508 2352 non
1544 2327 1574 2351 et
1612 2330 1685 2353 cum
1721 2318 1835 2365 aliquis
1870 2318 1984 2353 dicitur

1235 2367 1392 2401 invenisse
1414 2367 1609 2411 thesaurum,
1638 2377 1668 2402 et
1690 2369 1782 2402 etiam
1811 2381 1881 2401 cuin
1910 2369 1982 2414 quis

1234 2416 1315 2470 apud
1340 2416 1483 2451 eamdem
1507 2418 1624 2451 curiam
1651 2430 1706 2465 pro
1728 2419 1788 2453 alio
1811 2417 1979 2452 fideiussit:

1235 2468 1273 2500 ita
1314 2466 1398 2513 quod
1439 2479 1497 2501 uec
1534 2467 1648 2514 aliquis
1686 2480 1761 2503 suae
1795 2468 1982 2502 destituatur

1234 2516 1443 2562 possessionis
1460 2518 1639 2562 commodo,
1669 2517 1715 2552 vel
1745 2518 1907 2564 spolietur,
1930 2525 1982 2552 aut

1233 2565 1422 2601 destituatur
1444 2566 1565 2604 cadem,
1595 2580 1651 2601 nec
1673 2567 1778 2614 quoad
1801 2566 1902 2610 illuni,
1927 2568 1979 2614 qui

1232 2615 1379 2660 defertur,
1414 2625 1466 2651 aut
1501 2617 1698 2652 convincitur
1731 2617 1769 2652 de
1803 2617 1981 2652 inventione

1233 2665 1387 2707 thesauri,
1424 2679 1480 2702 uec
1509 2666 1611 2714 quoad
1648 2667 1848 2703 fideiussores
1874 2667 1980 2702 curiae

2010 286 2059 311 Λιι.
2079 285 2107 312 C.
2124 287 2189 314 ¹285

2018 549 2075 575 Quae
2088 552 2157 569 cntra
2169 552 2190 569 et

2005 581 2100 600 aedificia
2111 582 2190 606 impen-

2005 617 2028 631 sa
2051 611 2132 638 putuit-a
2156 613 2190 630 in-

2005 643 2123 661 stauranda.

2016 1481 2044 1502 De
2062 1482 2185 1502 iudiciorum

2001 1512 2074 1533 forma.
