2274 3265
93 275 142 302 Αη.
161 276 188 302 C.
208 277 272 302 ¹985

915 274 1077 296 {IUNORU‘S
1105 275 1135 295 lv
1160 275 1206 296 Pr,

1732 267 1776 299 δῖ)

1843 281 1891 304 An.
1907 278 1934 303 Γ..
1958 279 2022 303 1225

288 330 385 365 sionis
401 329 546 369 adiectio,
569 330 652 377 qnod
677 344 748 364 cnm
773 329 859 365 matri
880 330 917 363 sit
935 329 1034 363 lionor
1078 343 1111 363 ac
1142 329 1255 364 lidncia
1272 330 1417 371 roborati,
1446 341 1473 366 ct
1499 333 1702 367 instructione
1728 346 1763 368 ac
1784 334 1828 368 in-
1855 345 1915 371 «μω
1939 351 1957 365 m
1983 345 2022 364 w

289 393 325 414 ex
345 387 509 428 praecepto
538 379 662 414 Domini
691 379 898 417 exhibendus,
926 379 978 425 qui
1005 379 1033 412 in

288 430 454 477 scripturis
479 442 539 464 non
566 431 594 463 in
620 430 843 464 salutationum
868 428 1034 463 solummo-

288 479 345 519 do,
381 479 434 514 sed
459 479 489 514 in
512 479 642 513 aliorum
667 479 885 524 suffragiorum
909 478 1035 511 exhibi-

289 530 373 564 tione
395 530 543 572 sentitur,
579 540 639 562 non
668 537 731 563 erat
764 528 865 562 eidem
890 539 1035 562 reveren-

288 579 344 614 dae
380 579 467 614 matri
500 578 681 617 Ecclesiae,
716 578 793 624 quin
831 577 932 624 potins
966 577 1033 611 orbi

289 629 356 669 toti,
384 628 516 663 maxime
556 627 614 661 hoc
645 635 797 674 tempore,
834 635 894 661 tam
924 638 1034 662 neces-

288 678 358 713 sarii
397 677 529 712 subsidii
568 676 713 711 solatium
759 676 1032 711 subtrahendum:

289 728 470 773 praesertim
498 739 570 761 cum
598 726 637 760 de
666 726 840 772 praeteritis
865 727 1035 760 vacationi-

289 778 345 812 bus
385 777 562 812 coniectura
602 788 796 822 consurgens
836 776 960 810 lilialem
1004 776 1033 810 in

287 827 389 867 nobis,
411 833 442 860 et
458 825 549 860 dictis
567 825 713 860 fratribus
732 826 770 860 ad
794 826 1032 872 prosperitatem

287 877 386 923 ipsius
400 876 506 910 matris
520 874 666 910 affectum
681 875 898 910 sollicitatione
915 876 1035 910 timoris

286 925 410 960 solliciti
435 925 526 973 plena
545 932 736 966 concuteret,
760 937 798 960 ne
813 926 837 959 si
856 933 915 959 tam
933 937 1036 972 prom-

287 983 334 1022 pta
363 973 546 1009 eorumdem
575 974 704 1009 fratrum
734 975 899 1009 concordia
935 977 1034 1022 (quae

286 1037 346 1060 non
377 1024 496 1071 absque
534 1024 621 1059 Illius
655 1024 752 1071 gratia
779 1025 832 1071 qni
872 1026 1035 1059 unanimes

285 1074 424 1109 babitare
459 1074 530 1108 facit
559 1075 588 1108 in
624 1073 737 1117 Domo,
767 1074 947 1120 provenisse
979 1074 1034 1108 de-

285 1132 354 1159 vote
376 1124 589 1171 supponitur)
619 1123 842 1170 negligeretur,
864 1135 918 1158 seu
944 1135 1035 1170 prae-

286 1175 391 1209 teriret
414 1173 574 1213 inefficax,
611 1173 737 1207 inimico
762 1172 888 1207 homine
916 1184 1034 1219 super-

285 1223 461 1258 seminante
485 1222 617 1263 zizania,
646 1222 792 1256 instantis
826 1231 901 1256 tunc
929 1222 1035 1269 provi-

285 1273 382 1308 sionis
415 1272 574 1319 negotium
599 1272 627 1305 in
657 1271 848 1306 discordiam
878 1271 1034 1306 laberetur

287 1322 464 1369 prolixioris
478 1321 644 1356 vacationis
658 1321 758 1368 ipsius
777 1321 947 1359 Ecclesiae,
965 1320 1034 1356 alia-

285 1384 345 1419 que
368 1370 497 1418 grandia
525 1370 663 1417 pericula
690 1370 947 1405 comminantem.

334 1421 391 1455 His
418 1429 523 1455 autem
551 1428 579 1454 et
602 1420 688 1460 aliis,
717 1432 797 1467 quae
820 1420 968 1455 subticcri
996 1420 1033 1455 ad

286 1482 433 1518 praesens
460 1469 622 1504 brevitatis
648 1470 746 1504 suasit
773 1469 935 1511 obtentus,
971 1482 1032 1505 non

285 1520 394 1555 leviter
415 1518 642 1554 alternantibus
676 1519 766 1554 anxie
801 1519 1035 1554 deliberationis

285 1578 409 1605 nostrae
424 1570 588 1614 iudicium,
611 1569 746 1604 occurrit
768 1569 968 1604 deliberantis
983 1569 1035 1604 ob-

285 1619 407 1655 tutibus
454 1619 505 1655 ille
543 1619 703 1654 Israelitici
735 1619 838 1665 populi
879 1627 1035 1667 protector

284 1670 444 1716 egregiuS,
479 1677 509 1704 et
541 1676 688 1704 strenuus
720 1668 873 1703 bellorum
908 1669 1033 1703 Domini

285 1720 467 1767 praeliator,
508 1719 560 1766 qni
607 1719 676 1753 aliis
715 1727 832 1753 terrore
872 1720 1034 1754 concussis

284 1782 356 1817 prae
383 1768 584 1804 multitudine
620 1769 714 1803 nimia
738 1768 966 1815 insurgentium
995 1781 1033 1803 ex

282 1818 413 1854 adverso
441 1826 621 1854 constanter
652 1819 705 1860 ait,
734 1818 834 1866 inquit
861 1819 1031 1866 intrepide:

283 1869 393 1904 Melius
419 1876 465 1904 est
500 1870 577 1904 mori
616 1881 672 1904 nos
704 1870 733 1903 in
770 1869 900 1915 praelio,
939 1882 1031 1917 qnam

283 1919 388 1954 videre
423 1920 500 1954 mala
538 1920 642 1965 gentis
677 1928 821 1963 nostrae,
849 1929 879 1954 et
901 1929 1031 1956 sancto—

283 1983 375 2014 rum,
402 1969 480 2004 sicut
512 1969 603 2004 fuerit
632 1969 773 2004 voluntas
806 1970 834 2003 in
859 1970 962 2015 coelo,
986 1971 1030 2005 sic

281 2020 348 2060 fiat,
376 2019 545 2066 exemplari
573 2019 715 2054 doctrina
743 2028 887 2055 vocatum
911 2021 947 2055 ad
983 2033 1031 2055 re—

279 2069 415 2116 gendam
451 2069 642 2114 Ecclesiam,
674 2070 867 2116 dirigendam
897 2079 926 2105 et
960 2084 1031 2117 pro-

279 2120 445 2166 tegendam
485 2128 642 2167 tamqnam
675 2120 844 2155 Salvatoris
881 2121 1029 2156 vicarium

279 2170 308 2204 in
332 2170 446 2205 summi
471 2170 669 2216 pontificatus
693 2170 796 2217 apice,
821 2170 927 2218 populi
952 2171 1031 2206 cbri-

279 2220 368 2254 stiani
405 2220 537 2254 salutem
581 2219 740 2255 instruens
778 2228 807 2255 et
840 2221 1028 2261 informans,

278 2277 311 2304 ut
348 2269 443 2304 instar
477 2270 576 2316 ipsius
606 2270 743 2317 pericula
773 2271 900 2317 regendi
924 2271 1027 2318 gregis

277 2319 458 2363 abhorreat,
496 2320 525 2353 in
554 2320 748 2355 occurrendo
778 2321 839 2355 illis
875 2333 928 2354 sna
965 2334 1026 2355 non

278 2377 395 2404 metuat
432 2377 462 2404 et
496 2381 555 2403 non
595 2370 696 2405 solum
731 2370 826 2417 quieti
855 2382 929 2405 suae
967 2383 1026 2405 non

276 2419 461 2460 consulens,
490 2420 586 2453 imino
623 2427 653 2453 et
682 2420 758 2454 vitae
785 2432 845 2455 non
876 2433 1026 2467 parcens,

276 2481 475 2516 nequaquam
516 2470 560 2503 sic
596 2468 633 2502 (le
675 2470 783 2504 virium
821 2482 947 2504 suarum
989 2470 1025 2504 ad

276 2530 322 2559 ea,
359 2531 438 2566 quae
461 2519 644 2559 imminent,
668 2519 841 2566 imparitate
863 2519 1025 2567 desperem

276 2569 352 2616 quin
395 2569 453 2604 sub
487 2581 542 2616 spe
575 2568 719 2603 coelestis
753 2569 858 2603 auxilii
899 2582 931 2604 se
968 2570 1026 2604 illis

276 2618 472 2653 confidenter
499 2626 651 2666 exponat,
686 2626 715 2652 et
750 2619 873 2654 divinae
907 2619 1025 2654 volun-

276 2675 327 2703 tati
387 2675 570 2704 committat.

1079 379 1263 413 formatione
1298 379 1433 420 deducti,
1470 390 1622 428 praetacta
1652 382 1826 424 Ecclesiae,

1080 428 1162 467 fidei,
1187 437 1348 475 terraeque
1375 429 1570 475 discrimina,
1599 432 1744 480 variaque
1774 445 1825 467 or-

1079 478 1126 512 bis
1148 478 1274 512 dissidia
1299 479 1328 512 in
1353 487 1475 513 nostrae
1495 482 1610 515 mentis
1631 494 1743 518 arcano
1763 494 1825 517 non

1077 527 1195 575 absque
1238 529 1320 574 gravi
1360 529 1566 564 amaritudine
1604 540 1826 577 recensentes,

1077 577 1231 622 elegimus
1255 578 1357 623 potius
1373 590 1429 612 nos
1445 578 1528 625 ipsos
1542 579 1725 622 ministerio,
1741 582 1824 629 quod

1077 640 1171 673 snpra
1196 636 1316 662 nostras
1342 635 1387 662 est
1412 628 1508 667 vires,
1537 641 1705 676 exponere,
1733 644 1825 678 quam

1077 676 1273 718 Ecclesiam,
1302 677 1415 721 tidem,
1455 685 1641 725 caeteraque
1672 681 1825 726 praedicta

1079 726 1257 773 relinquere
1291 726 1527 762 discriminibus
1556 728 1649 763 tantis
1675 731 1825 776 exposita,

1078 777 1267 811 conscientia
1297 776 1487 817 reluctante;
1521 777 1627 824 sicque
1664 777 1827 814 humiliato

1077 826 1189 873 spiritu
1209 826 1319 861 oculos
1342 826 1370 860 in
1391 827 1511 861 excelsa
1528 827 1664 862 levantes
1680 828 1717 862 ad
1749 829 1826 863 coeli

1077 885 1241 922 terraeque
1263 875 1439 920 Factorern,
1462 889 1476 911 a
1501 889 1563 923 quo
1585 877 1738 912 auxilium
1754 891 1828 925 pro-

1077 925 1187 960 cedere
1210 925 1376 960 confitetnr
1404 926 1554 961 veraciter
1586 927 1721 962 eximius
1754 940 1827 975 pro-

1079 975 1253 1022 phetarum,
1278 975 1337 1009 sub
1353 975 1452 1022 lpsins
1470 988 1525 1023 spe
1548 988 1627 1011 onus
1650 977 1825 1012 iniunctum

1077 1025 1220 1059 electioni
1257 1025 1446 1072 praemissae
1478 1026 1727 1068 consentiendo,
1755 1039 1826 1062 cum

1079 1074 1176 1108 multo
1212 1074 1322 1109 timore
1355 1086 1390 1109 ac
1413 1082 1548 1110 tremore
1571 1075 1760 1117 subivimus,
1788 1076 1827 1112 de

1078 1123 1296 1158 insufficientia
1320 1131 1422 1158 nostra
1453 1125 1558 1167 nimis,
1587 1125 1663 1160 nihil
1689 1138 1760 1161 vero
1788 1126 1826 1161 de

1077 1186 1131 1208 sna
1157 1174 1384 1220 omnipotentia
1413 1173 1625 1219 haesitantes,
1652 1175 1707 1210 sed
1744 1176 1825 1223 apud

1077 1222 1184 1269 Ipsum
1208 1222 1329 1257 devotis
1359 1224 1646 1270 supplicationibus
1677 1225 1826 1260 insisten-

1078 1281 1138 1314 tes,
1180 1280 1209 1307 et
1245 1273 1326 1307 sicut
1362 1282 1532 1308 memorato
1573 1274 1727 1309 bellorum
1767 1275 1824 1310 Dei

1077 1321 1227 1367 belligero
1250 1322 1279 1356 in
1314 1333 1407 1357 manu
1426 1322 1529 1369 Ipsius
1551 1324 1691 1359 eiusdem
1725 1323 1826 1359 Israe-

1077 1371 1153 1406 litici
1178 1372 1282 1418 populi
1319 1371 1418 1406 salute
1453 1372 1587 1417 directa,
1623 1381 1763 1421 optatum
1787 1374 1825 1409 de

1079 1420 1219 1455 hostibus
1242 1429 1316 1456 tunc
1350 1421 1585 1458 imminentibus
1620 1423 1705 1458 dedit
1731 1436 1826 1458 even-

1078 1478 1164 1511 tun13
1197 1471 1241 1505 sic
1276 1479 1305 1506 et
1338 1470 1367 1505 iu
1397 1472 1542 1507 manibus
1570 1473 1695 1516 nostris,
1722 1475 1826 1520 gregis

1077 1520 1125 1555 sui
1155 1532 1247 1555 curae
1276 1528 1399 1556 nostrae
1421 1522 1581 1557 commissi
1609 1522 1741 1558 salutem
1776 1524 1825 1557 di-

1078 1571 1175 1616 rigat,
1208 1578 1237 1604 et
1269 1570 1307 1605 de
1343 1569 1496 1606 dictarum
1526 1572 1703 1613 Ecclesiae,
1731 1572 1823 1613 fidei,

1078 1629 1241 1666 terraeque
1270 1621 1524 1667 persecutoribus
1553 1623 1687 1658 votivum
1707 1622 1823 1657 exitum

1077 1683 1130 1704 sna
1155 1670 1268 1717 pietate
1294 1670 1457 1712 concedat,
1484 1679 1516 1706 ut
1539 1680 1697 1707 vertantur
1724 1672 1823 1720 impii,

1076 1728 1106 1754 et
1133 1720 1273 1754 conversi
1308 1720 1345 1755 ad
1374 1720 1544 1756 Dominum
1581 1722 1665 1769 impii
1690 1722 1824 1769 amplius

1077 1782 1138 1804 non
1161 1770 1305 1810 existant,
1334 1769 1372 1804 de
1394 1771 1649 1817 persecutoribus
1675 1784 1823 1819 prosecu-

1076 1827 1158 1854 tores
1194 1819 1305 1861 effecti,
1328 1819 1442 1854 excelsi
1471 1832 1525 1856 eos
1547 1821 1672 1856 dextera
1707 1822 1819 1856 immn-

1076 1878 1169 1905 [aule.

1124 1921 1217 1963 Quod
1241 1931 1275 1956 ut
1297 1920 1464 1956 efficaciter
1491 1922 1599 1956 vestris
1631 1921 1724 1956 adiuti
1756 1923 1822 1957 suf-

1074 1971 1181 2018 fragiis
1203 1971 1344 2006 obtinere
1367 1972 1537 2017 possimus,
1565 1970 1745 2006 charitatem
1776 1984 1822 2008 ve-

1073 2030 1167 2056 stram
1191 2021 1378 2056 assistricem
1413 2021 1563 2056 instanter
1590 2022 1765 2067 expetimus
1792 2031 1821 2057 et

1074 2084 1145 2105 cum
1170 2072 1315 2106 instantia
1338 2071 1447 2106 humili
1472 2071 1578 2105 eadem
1602 2071 1746 2118 suffragia
1768 2072 1821 2106 im-

1075 2122 1245 2167 ploramus,
1269 2134 1321 2155 vos
1343 2121 1517 2162 universos,
1545 2121 1686 2168 singulos
1710 2121 1819 2155 intimo

1073 2179 1218 2217 rogantes
1240 2171 1351 2206 affectu
1375 2179 1403 2205 et
1426 2171 1590 2206 affectuosa
1607 2171 1818 2206 exhortatione

1073 2230 1249 2264 monentes,
1277 2229 1433 2267 quatenns
1458 2220 1655 2255 considerato
1678 2219 1818 2266 prudeu-

1072 2280 1136 2315 ter,
1159 2271 1242 2318 quod
1266 2283 1337 2306 cum
1361 2270 1427 2305 sitis
1451 2271 1478 2304 in
1505 2278 1622 2317 partem
1647 2278 1748 2305 tantae
1771 2282 1818 2304 so-

1071 2321 1245 2355 licitudinis
1268 2321 1377 2364 vocati,
1413 2320 1502 2355 decet
1536 2333 1587 2355 vos
1611 2320 1639 2353 in
1668 2332 1817 2366 prosecu-

1072 2372 1155 2405 tione
1191 2371 1272 2405 illius
1323 2378 1539 2416 cooperatores
1573 2381 1641 2404 esse
1677 2369 1815 2404 solicitos

1070 2420 1234 2455 linmilitati
1258 2428 1381 2454 nostrae
1409 2420 1438 2453 in
1473 2419 1609 2466 suscepti
1632 2419 1816 2454 executione

1070 2470 1246 2514 ministerii,
1283 2469 1408 2504 devotas
1443 2477 1473 2503 et
1507 2468 1631 2503 sedulas
1654 2468 1814 2503 fundendo

1071 2532 1125 2567 pro
1164 2519 1254 2554 nobis
1291 2531 1397 2566 preces
1423 2518 1459 2553 ad
1495 2517 1686 2559 Dominum,
1719 2527 1749 2553 et
1784 2519 1813 2552 in

1069 2570 1214 2616 plebibus
1252 2569 1430 2615 diligentiae
1469 2576 1587 2603 vestrae
1616 2568 1812 2608 commissis,

1067 2619 1251 2666 extirpando
1283 2619 1374 2660 vitia,
1404 2617 1636 2666 inserendoque
1664 2617 1812 2661 virtutes,

621 2668 804 2703 praemissis
850 2681 924 2704 sane
969 2681 1023 2716 spe
1067 2670 1111 2704 sic
1137 2669 1277 2703 studiose
1304 2668 1462 2715 cooperari
1492 2668 1608 2713 velitis,
1639 2667 1724 2715 quod
1759 2681 1812 2703 vo—

1842 376 1930 395 callot-at

1850 1930 1961 1951 praesules
1996 1933 2019 1951 ad

1837 1963 2017 1989 partiendumcum

1836 1995 1881 2020 ipso
1897 2000 1948 2014 onus
1967 1994 2018 2015 bor-

1837 2027 1890 2045 latur
