2274 3265
85 264 135 290 Αιι.
150 263 178 289 C.
197 264 265 289 2539

97 1116 169 1137 Munus
188 1115 266 1135 nullum

85 1149 195 1174 recipiunt.

115 2450 222 2476 Expensae
233 2455 284 2476 qua—

206 2481 285 2501 submi<

100 2482 132 2502 les
154 2483 184 2501 ei<

102 2513 232 2533 nistrandae.

874 268 1052 291 BENEntCTt'
1057 268 1071 289 S
1104 268 1150 290 ΧΗ
1176 268 1223 291 PP-

281 333 376 368 quem
393 321 579 358 visitationis
594 335 687 358 causa
710 323 857 358 duxerint
880 323 1037 358 declinan-

281 371 369 412 dum,
396 371 472 407 ultra
497 372 578 407 duos
604 372 673 407 dies
701 385 897 420 nequaquam
928 385 1036 408 rema-

282 428 387 461 neant,
415 422 474 455 nisi
504 421 633 457 evidens
668 423 839 457 necessitas
867 423 961 463 foret,
991 422 1034 456 vel

283 481 393 516 magna
421 471 539 506 utilitas
559 471 718 506 Ecclesiae
734 499 742 512 ,
775 472 956 506 monasterii
979 484 1035 505 seu

282 518 341 554 loci
371 520 551 555 huiusmodi
588 520 772 567 ampliorem
794 533 912 555 moram
937 521 1038 555 visita-

282 576 384 603 torum
403 570 448 604 vel
465 570 667 604 familiarium
681 570 819 616 exigeret
833 570 1035 605 eorumdem:

282 631 344 666 quo
364 631 436 654 casu
461 620 583 666 possint
610 619 743 654 ulterius
771 631 933 654 remanere
952 648 959 660 ,
997 621 1037 654 ita

281 677 386 704 tamen
414 669 497 715 quod
526 668 555 702 id
585 668 699 703 faciant
722 669 761 704 de
775 669 909 704 consilio
931 669 1038 704 senio-

283 731 351 753 rum
376 718 479 753 dictae
506 717 667 753 Ecclesiae
690 731 745 753 seu
770 719 949 754 monasterii
973 719 1037 753 sive

282 768 353 803 loci.
381 767 463 803 Dicti
486 779 614 814 quoque
639 767 816 803 visitatores
839 769 883 803 vel
909 768 1037 803 familia-

283 829 331 852 res
345 829 468 860 eorum,
480 816 649 859 Ecclesiae,
665 818 854 853 monasterio
875 818 941 853 sive
956 817 1038 862 loco,

282 866 333 901 cui
355 866 493 903 officium
518 866 704 900 visitationis
727 866 928 914 impendunt,
960 879 1038 902 one-

283 915 343 950 rosi
367 927 568 963 nequaquam
585 915 733 956 existant,
758 928 816 951 nec
834 924 1038 963 sumptuosas

281 964 391 1012 epulas
419 973 584 1011 quaerant,
607 964 662 999 sed
689 976 760 999 cum
786 966 955 1011 gratiarum
979 978 1038 1001 ac-

282 1013 366 1048 tione
401 1014 552 1061 recipiant
591 1013 675 1061 quod
712 1015 844 1050 honeste
878 1023 909 1050 et
944 1028 1038 1050 com-

284 1070 431 1109 petenter
452 1063 497 1098 eis
524 1063 617 1098 fuerit
640 1064 864 1098 ministratum.
899 1063 1039 1099 Caveant

284 1113 426 1159 insuper,
455 1125 493 1147 ne
510 1113 678 1160 quisquam
703 1113 856 1168 ipsorum,
879 1122 931 1148 aut
953 1114 1040 1149 fami-

282 1162 376 1197 liares
398 1174 507 1197 eorum
532 1174 587 1209 per
614 1174 648 1197 se
673 1161 717 1196 vel
742 1175 797 1217 per
820 1163 1037 1210 interpositam

284 1223 450 1258 personam
479 1211 615 1258 aliquam
645 1212 813 1259 pecuniam
844 1212 1038 1253 huiusmodi,

284 1260 331 1295 vel
356 1261 415 1295 alia
450 1261 616 1295 occasione
643 1273 857 1308 quacumque,
887 1262 945 1295 nisi
984 1274 1039 1308 pro

283 1310 433 1357 expensis
454 1309 630 1349 dumtaxat
653 1318 683 1344 et
706 1319 779 1344 tunc
803 1310 1001 1345 secundum
996 1324 1041 1345 ιιι-

285 1358 485 1406 frascriptum
511 1359 638 1393 modum
674 1360 823 1405 exigant,
857 1368 910 1394 aut
944 1360 1037 1394 etiam

284 1420 300 1442 a
316 1408 440 1442 volente
456 1408 623 1455 recipiant,
642 1420 762 1455 necque
779 1408 906 1455 aliquod
924 1421 1040 1443 munus

285 1456 512 1504 quodcumque
534 1458 584 1497 sit,
614 1458 658 1492 vel
687 1458 977 1505 qualitercumque,
1007 1466 1041 1492 ut

287 1518 347 1541 non
376 1519 457 1554 quae
484 1519 538 1541 sua
570 1516 645 1542 sunt
674 1507 839 1542 videantur
877 1520 1040 1554 quaerere,

286 1555 341 1590 sed
368 1568 448 1603 quae
470 1555 609 1591 Christi:
637 1556 722 1603 quod
756 1557 780 1591 si
817 1557 911 1591 fuerit
932 1565 1040 1592 contra

288 1614 539 1652 praesumptum,
567 1605 699 1654 duplum
728 1607 811 1651 eius,
833 1607 916 1654 quod
953 1619 1041 1641 reee-

288 1654 404 1702 perint‚
432 1654 608 1696 Ecclesiae,
632 1656 826 1691 monasterio
864 1656 931 1692 sive
960 1657 1042 1697 loco,

287 1716 303 1739 a
330 1717 391 1752 qua
414 1705 459 1739 vel
479 1717 541 1752 quo
569 1705 598 1739 id
627 1714 787 1752 receptum
818 1705 931 1746 fuerit,
964 1707 1041 1741 intra

290 1766 432 1789 mensem
457 1754 588 1789 reddere
616 1763 792 1796 teneantur·;
820 1756 958 1803 alioquin
983 1756 1044 1790 du-

291 1803 377 1851 plum
406 1804 511 1851 ipsum
535 1804 581 1838 eis
608 1805 686 1839 ultra
709 1805 826 1839 dictum
851 1813 977 1851 tempus
999 1818 1044 1840 re-

290 1853 418 1888 stituere
443 1853 636 1893 differentes,
661 1854 778 1888 tamdiu
802 1854 863 1888 sint
884 1854 923 1889 ab
943 1854 1044 1889 officio

291 1902 511 1949 beneficioque
538 1903 698 1950 suspensi,
722 1915 889 1950 quousque
911 1904 1045 1950 gravatis

292 1951 455 1995 EcclesiiS,
483 1952 683 1987 monasteriis
704 1954 770 1987 sive
787 1953 864 1987 loris
879 1953 917 1987 de
934 1953 1046 1988 liuius-

293 2000 378 2035 modi
401 2000 500 2048 duplo
528 2001 697 2047 plenariam
725 2002 968 2036 satisfactionem
993 2003 1047 2036 im-

294 2049 444 2097 pendant,
473 2050 567 2085 nullis
596 2051 625 2085 in
655 2051 714 2086 lroc
743 2051 885 2086 dantium
909 2051 1047 2086 liberali-

294 2108 368 2141 tate,
390 2099 578 2134 remissione
606 2100 653 2135 vel
690 2101 789 2146 gratia
820 2100 970 2135 valituris.
1010 2100 1047 2135 Et

295 2149 503 2184 nibilominus
522 2149 614 2183 iidem
636 2150 820 2190 visitatores,
843 2150 867 2183 si
885 2162 964 2196 opus
980 2149 1050 2184 fue-

295 2198 345 2239 rit,
369 2210 425 2245 per
452 2199 667 2246 praesidentes
689 2199 780 2233 (lictis
807 2200 954 2246 capitulis
978 2212 1050 2245 pro-

296 2246 483 2283 vincialibus
505 2256 532 2282 et
556 2260 666 2283 eorum
690 2248 875 2294 quemlibet,
898 2248 934 2282 ad
965 2249 1051 2283 resti-

297 2297 450 2331 tutionem
481 2298 608 2345 praefati
637 2297 739 2344 dupli,
768 2298 953 2333 auctoritate
975 2310 1050 2345 apo-

297 2346 405 2381 stolica
435 2359 490 2394 per·
530 2359 697 2381 censuram
733 2347 978 2382 ecclesiasticam
1022 2355 1051 2381 et

298 2396 357 2431 alia
405 2405 583 2443 opportuna
630 2397 768 2431 remedia
811 2398 1051 2444 compellantur.

299 2445 515 2480 Concedimus
532 2454 648 2490 tamen,
672 2455 704 2480 ut
725 2446 941 2494 praesidentes
962 2447 1054 2481 dictis

300 2495 457 2542 capitulis,
481 2495 528 2529 vel
552 2508 622 2543 pars
646 2495 745 2530 maior
766 2508 886 2541 eorum,
909 2496 1054 2531 ordinare

303 2545 436 2592 possint,
460 2554 552 2592 prout
574 2553 604 2579 et
635 2545 763 2600 quaudo
790 2546 836 2580 eis
863 2547 961 2580 visum
985 2545 1057 2581 sue-

305 2596 343 2629 rit
358 2594 518 2649 expedire,
540 2594 626 2650 quod
646 2594 721 2629 dicti
738 2594 911 2630 visitatores
937 2607 1056 2643 expen-

1712 262 1784 294 43³

1080 324 1139 359 lroc
1153 324 1299 359 duxerint
1315 325 1539 371 ordinandum,
1557 327 1656 362 dictas
1668 340 1833 375 expensas,

1078 374 1164 408 omni
1202 373 1275 408 odio
1308 382 1339 408 et
1370 374 1472 410 favore
1515 354 1653 421 rimotis,
1677 377 1831 413 moderari

1080 422 1214 457 habeant
1242 433 1271 458 et
1295 432 1417 465 taxarc;
1458 427 1582 471 proviso
1610 436 1712 462 tamen
1748 428 1833 475 quod

1078 485 1202 508 summa
1225 473 1253 507 in
1278 453 1516 516 constitritione,
1539 488 1633 522 quarn
1653 489 1750 523 super
1765 490 1835 512 mo-

1079 522 1240 557 deratione
1265 524 1523 570 procurationum
1553 525 1726 568 edidimus,
1753 540 1833 574 quae

1080 571 1207 619 incipit:
1238 574 1299 607 Vas
1326 574 1497 615 elecei'owffl
1527 575 1707 611 nullatenus
1741 589 1835 612 exce-

1079 621 1181 656 datur.
1205 621 1302 657 Iidem
1329 622 1420 657 etiam
1451 624 1667 670 praesidentes
1700 626 1835 661 discrete

1081 671 1277 717 provideant,
1307 682 1357 716 ut,
1387 686 1484 720 quum
1514 674 1596 709 inter
1622 675 1687 710 loca
1712 676 1835 711 visitata

1079 729 1109 756 et
1133 721 1283 756 visitanda
1309 734 1419 769 magna
1443 722 1714 766 fueritdistantia,
1734 737 1836 780 quan-

1080 780 1145 806 tum
1163 771 1295 818 quilibet
1313 772 1497 807 eorumdem
1518 773 1672 813 locorum,
1697 774 1836 809 visitatus

1079 820 1200 856 scilicet
1223 830 1253 856 et
1286 822 1380 856 etiam
1424 822 1596 857 visitandus
1623 824 1745 859 solvere
1779 822 1837 858 ha-

1082 870 1175 905 beant
1199 871 1346 905 visitatori
1375 884 1431 918 pro
1458 872 1524 907 suis
1551 872 1733 919 sumptibus
1767 884 1837 908 mo-

1080 919 1206 954 deratis.
1240 919 1273 955 Si
1314 927 1417 955 tamen
1457 923 1648 957 monasteria
1686 921 1836 957 visitanda

1082 969 1112 1003 in
1141 968 1342 1004 facultatibus
1364 970 1426 1004 sint
1448 970 1597 1018 collapsa,
1624 980 1700 1006 tunc
1727 971 1766 1006 de
1787 983 1838 1006 ex-

1083 1018 1200 1065 pensis,
1225 1031 1302 1066 quas
1326 1018 1399 1054 dicti
1425 1020 1598 1055 visitatores
1620 1019 1729 1055 facturi
1746 1028 1838 1055 erunt

1081 1068 1246 1103 occasione
1269 1068 1454 1103 visitationis
1492 1070 1632 1104 locorum
1656 1069 1837 1104 huiusmodi

1082 1116 1307 1164 collapsorum,
1332 1118 1533 1164 provideatur
1554 1118 1673 1154 eisdem
1697 1119 1735 1153 de
1757 1130 1838 1153 com-

1082 1167 1170 1200 muni
1195 1167 1427 1202 contributione
1444 1168 1474 1201 iu
1493 1168 1684 1214 provinciale
1699 1167 1839 1215 capitulo

1082 1215 1235 1250 facienda.
1263 1215 1304 1250 Ut
1331 1225 1436 1263 autem
1462 1217 1507 1250 via
1530 1217 1687 1251 scandalis
1704 1216 1840 1264 praeclu-

1082 1265 1186 1310 datur,
1215 1265 1396 1299 inlribemus
1419 1266 1633 1301 visitatoribus
1649 1266 1840 1307 memoratis,

1084 1326 1121 1348 ne
1146 1313 1216 1349 illos
1243 1326 1298 1349 seu
1328 1326 1436 1348 eorum
1466 1315 1608 1356 nomina,
1630 1315 1684 1362 qui
1708 1315 1754 1349 eis
1776 1315 1842 1349 ati-

1083 1375 1144 1409 qua
1167 1372 1285 1398 secreta
1310 1364 1339 1397 in
1369 1363 1601 1399 visitationibus
1623 1363 1841 1405 revelaverint,

1085 1421 1287 1458 praesumant
1303 1412 1372 1447 aliis
1388 1413 1537 1457 revelare,
1552 1413 1607 1447 sed
1624 1421 1699 1448 tunc
1714 1413 1842 1448 demum

1083 1461 1157 1496 dicti
1195 1462 1370 1496 visitatores
1409 1463 1579 1509 procedant
1621 1474 1717 1509 super
1751 1461 1844 1497 dictis

1085 1511 1241 1552 revelatis,
1278 1520 1373 1558 prout
1406 1511 1583 1546 secundum
1624 1512 1775 1547 canonica
1814 1519 1844 1545 et

1086 1560 1240 1607 regularia
1276 1562 1416 1596 instituta
1456 1560 1549 1596 fuerit
1591 1560 1843 1607 procedendum.

1085 1609 1178 1651 Quod
1203 1611 1228 1645 si
1257 1610 1330 1645 dicti
1357 1611 1533 1645 visitatores
1555 1618 1663 1645 contra
1688 1610 1846 1645 inhibitio-

1086 1672 1157 1694 nem
1187 1659 1371 1695 buiusmodi
1393 1659 1607 1703 revelaverint,
1641 1672 1696 1694 seu
1732 1671 1842 1695 eorum

1087 1709 1213 1744 nomina
1236 1709 1438 1748 detexerint,
1473 1718 1565 1756 prout
1601 1709 1672 1744 facti
1709 1708 1844 1756 qualitas

1085 1760 1200 1805 exiget,
1225 1771 1280 1806 per
1297 1759 1513 1806 praesidentes
1536 1760 1581 1794 vel
1605 1771 1714 1794 eorum
1734 1771 1844 1806 quem-

1086 1809 1160 1843 libet
1183 1809 1365 1855 puniantur.

1135 1860 1229 1900 521.
1253 1857 1360 1899 Quum
1398 1858 1427 1892 in
1456 1857 1640 1913 provinciali
1671 1866 1702 1893 et
1737 1857 1842 1893 annali

1087 1907 1234 1953 capitulis
1260 1916 1289 1941 et
1304 1908 1372 1942 aliis
1395 1908 1536 1953 negociis
1558 1919 1716 1955 expensae
1739 1919 1844 1942 neces-

1088 1957 1187 1991 sariae
1216 1957 1439 2003 requirantur,
1469 1966 1502 1992 ut
1538 1969 1621 1991 onus
1647 1957 1783 1992 divisum
1812 1956 1841 1990 in

1090 2014 1193 2052 partes
1215 2005 1318 2040 levius
1332 2013 1549 2052 supportetur,
1565 2006 1744 2048 statuimus,
1757 2005 1842 2052 quod

1090 2057 1119 2089 in
1137 2055 1255 2089 eisdem
1279 2056 1437 2102 capitulis,
1464 2055 1649 2102 cuiusquam
1678 2055 1844 2090 contradi-

1091 2105 1194 2139 ctione
1223 2105 1269 2139 vel
1308 2104 1449 2139 absentia
1491 2117 1552 2139 non
1585 2104 1754 2145 obstante,
1790 2116 1845 2151 pro

1091 2153 1316 2188 communibus
1333 2153 1526 2188 libertatibus
1541 2152 1762 2194 defendendis,
1778 2165 1847 2188 nec·

1093 2215 1154 2237 non
1199 2203 1463 2242 necessitatibus.
1493 2202 1681 2237 utilitatibus
1712 2211 1743 2236 et
1777 2202 1848 2236 aliis

1094 2252 1281 2299 plerumque
1301 2252 1542 2287 occurrentibus
1565 2252 1750 2286 necessariis
1772 2263 1850 2287 one-

1095 2302 1182 2336 ribus
1225 2311 1253 2336 et
1282 2302 1430 2348 expensis
1463 2303 1650 2336 auctoritate
1678 2301 1849 2348 apostolica

1096 2352 1297 2398 imponantur
1323 2352 1496 2395 collectae,
1537 2351 1764 2386 subventiones
1795 2362 1849 2386 seu

1095 2401 1359 2444 contributiones,
1387 2400 1532 2434 videlicet
1561 2401 1591 2434 in
1620 2399 1758 2447 capitulo
1778 2412 1851 2447 pro-

1097 2450 1230 2491 vinciali,
1249 2463 1304 2497 pro
1328 2450 1551 2496 tangentibus
1545 2462 1648 2496 ipsum
1666 2450 1853 2496 capitulum,

1097 2478 1273 2534 secundum
1314 2499 1478 2534 arbitrium
1516 2499 1616 2554 ipsius
1653 2499 1854 2546 provincialis

1098 2550 1252 2596 capituli,
1278 2549 1321 2583 vel
1351 2549 1478 2583 maioris
1507 2550 1602 2595 partis
1629 2548 1798 2588 eiusdem
1821 2560 1851 2581 ιιι

1099 2599 1226 2634 annuali
1273 2610 1344 2633 vero
1372 2597 1531 2645 capitulo,
1571 2610 1626 2644 pro
1654 2596 1854 2644 tangentibus

304 2655 354 2679 sas
378 2643 531 2690 recipiant
555 2645 585 2678 in
610 2644 755 2691 pecunia
779 2653 807 2678 et
832 2657 869 2679 eo
884 2657 969 2686 casu
993 2657 1056 2691 quo
1101 2648 1205 2696 ipsum
1235 2648 1345 2683 annale
1380 2647 1564 2695 capitulum,
1581 2648 1625 2683 vel
1643 2647 1746 2682 locum
1770 2647 1853 2697 prin

384 2700 457 2732 Ball.
482 2700 558 2731 Rom.
584 2701 637 2730 tol
662 2701 705 2730 ll.
878 2702 915 2731 :35

1849 274 1888 298 Αιι
1914 275 1941 299 ιζ.
1964 271 2029 297 1559

1876 1226 1903 1246 ss:
1922 1230 2012 1246 secreti·

1872 1868 1951 1892 Quibus
1961 1866 1985 1885 tle
1999 1870 2035 1884 ΒΔΑ]

1857 1900 1886 1918 sis
1903 1896 2043 1921 imponendae

1858 1931 1888 1950 ιιιι
1894 1933 1897 1947 ι
1923 1927 2046 1948 collectae,

1860 1965 1880 1982 οι
1898 1957 2019 1987 quomodo?
