<?xml version="1.0" encoding="UTF-8"?>
<!DOCTYPE html PUBLIC "-//W3C//DTD XHTML 1.0 Transitional//EN"
    "http://www.w3.org/TR/xhtml1/DTD/xhtml1-transitional.dtd">
<html xmlns="http://www.w3.org/1999/xhtml" xml:lang="en" lang="en">
 <head>
  <title>
</title>
<meta http-equiv="Content-Type" content="text/html;charset=utf-8" />
  <meta name='ocr-system' content='tesseract 3.04.00' />
  <meta name='ocr-capabilities' content='ocr_page ocr_carea ocr_par ocr_line ocrx_word'/>
</head>
<body>
  <div class='ocr_page' id='page_1' title='image "./bullarumdiplomat04cath_0260.png"; bbox 0 0 2274 3265; ppageno 0'>
   <div class='ocr_carea' id='block_1_1' title="bbox 481 243 549 275">
    <p class='ocr_par' dir='ltr' id='par_1_1' title="bbox 481 243 549 275">
     <span class='ocr_line' id='line_1_1' title="bbox 481 243 549 275; baseline -0.015 0"><span class='ocrx_word' id='word_1_1' title='bbox 481 243 549 275; x_wconf 69' lang='lat'>252</span> 
     </span>
    </p>
   </div>
   <div class='ocr_carea' id='block_1_2' title="bbox 235 307 1203 2680">
    <p class='ocr_par' dir='ltr' id='par_1_2' title="bbox 235 307 1203 2680">
     <span class='ocr_line' id='line_1_2' title="bbox 434 307 1179 343; baseline -0.008 -1"><span class='ocrx_word' id='word_1_2' title='bbox 434 308 517 343; x_wconf 68' lang='lat' dir='ltr'>velut</span> <span class='ocrx_word' id='word_1_3' title='bbox 537 307 575 341; x_wconf 87' lang='lat' dir='ltr'>ad</span> <span class='ocrx_word' id='word_1_4' title='bbox 599 307 658 340; x_wconf 91' lang='lat' dir='ltr'>boc</span> <span class='ocrx_word' id='word_1_5' title='bbox 680 312 921 340; x_wconf 86' lang='lat' dir='ltr'>convenientem</span> <span class='ocrx_word' id='word_1_6' title='bbox 949 311 979 338; x_wconf 89' lang='lat' dir='ltr'>et</span> <span class='ocrx_word' id='word_1_7' title='bbox 1000 314 1179 337; x_wconf 83' lang='lat' dir='ltr'>accommo-</span> 
     </span>
     <span class='ocr_line' id='line_1_3' title="bbox 432 351 1179 396; baseline -0.009 -4"><span class='ocrx_word' id='word_1_8' title='bbox 432 355 638 396; x_wconf 79' lang='lat' dir='ltr'>dam,eadcm</span> <span class='ocrx_word' id='word_1_9' title='bbox 669 354 855 389; x_wconf 87' lang='lat' dir='ltr'>auctoritate</span> <span class='ocrx_word' id='word_1_10' title='bbox 884 353 913 387; x_wconf 92' lang='lat' dir='ltr'>in</span> <span class='ocrx_word' id='word_1_11' title='bbox 941 352 1098 387; x_wconf 86' lang='lat' dir='ltr'>civitatem</span> <span class='ocrx_word' id='word_1_12' title='bbox 1125 351 1179 386; x_wconf 90' lang='lat' dir='ltr'>eri-</span> 
     </span>
     <span class='ocr_line' id='line_1_4' title="bbox 431 401 1179 452; baseline -0.007 -12"><span class='ocrx_word' id='word_1_13' title='bbox 431 407 538 452; x_wconf 82' lang='lat' dir='ltr'>gimus</span> <span class='ocrx_word' id='word_1_14' title='bbox 563 413 594 439; x_wconf 90' lang='lat' dir='ltr'>et</span> <span class='ocrx_word' id='word_1_15' title='bbox 621 404 753 439; x_wconf 88' lang='lat' dir='ltr'>civitatis</span> <span class='ocrx_word' id='word_1_16' title='bbox 788 402 938 438; x_wconf 88' lang='lat' dir='ltr'>vocabulo</span> <span class='ocrx_word' id='word_1_17' title='bbox 970 401 1179 440; x_wconf 73' lang='lat' dir='ltr'>decoramus,</span> 
     </span>
     <span class='ocr_line' id='line_1_5' title="bbox 432 451 1178 502; baseline -0.008 -11"><span class='ocrx_word' id='word_1_18' title='bbox 432 462 605 502; x_wconf 85' lang='lat' dir='ltr'>separatam</span> <span class='ocrx_word' id='word_1_19' title='bbox 639 453 809 489; x_wconf 67' lang='lat' dir='ltr'>dioecesim</span> <span class='ocrx_word' id='word_1_20' title='bbox 844 451 956 487; x_wconf 87' lang='lat' dir='ltr'>babeat</span> <span class='ocrx_word' id='word_1_21' title='bbox 989 464 1005 486; x_wconf 90' lang='lat' dir='ltr'>a</span> <span class='ocrx_word' id='word_1_22' title='bbox 1044 451 1178 486; x_wconf 86' lang='lat' dir='ltr'>dioecesi</span> 
     </span>
     <span class='ocr_line' id='line_1_6' title="bbox 434 500 1180 540; baseline -0.005 -1"><span class='ocrx_word' id='word_1_23' title='bbox 434 516 614 540; x_wconf 84' lang='lat' dir='ltr'>remansura</span> <span class='ocrx_word' id='word_1_24' title='bbox 637 502 814 538; x_wconf 84' lang='lat' dir='ltr'>Narbonen.</span> <span class='ocrx_word' id='word_1_25' title='bbox 839 502 954 537; x_wconf 85' lang='lat' dir='ltr'>civitati</span> <span class='ocrx_word' id='word_1_26' title='bbox 982 501 1075 536; x_wconf 88' lang='lat' dir='ltr'>certis</span> <span class='ocrx_word' id='word_1_27' title='bbox 1097 500 1180 535; x_wconf 90' lang='lat' dir='ltr'>linii-</span> 
     </span>
     <span class='ocr_line' id='line_1_7' title="bbox 434 550 1181 600; baseline -0.008 -11"><span class='ocrx_word' id='word_1_28' title='bbox 434 554 518 589; x_wconf 90' lang='lat' dir='ltr'>tibns</span> <span class='ocrx_word' id='word_1_29' title='bbox 539 553 807 600; x_wconf 72' lang='lat' dir='ltr'>distinguendam.</span> <span class='ocrx_word' id='word_1_30' title='bbox 835 551 994 598; x_wconf 82' lang='lat' dir='ltr'><strong>Quodque</strong></span> <span class='ocrx_word' id='word_1_31' title='bbox 1017 550 1181 596; x_wconf 87' lang='lat' dir='ltr'>parocbia-</span> 
     </span>
     <span class='ocr_line' id='line_1_8' title="bbox 245 599 1181 660; baseline -0.01 -19"><span class='ocrx_word' id='word_1_32' title='bbox 245 610 324 660; x_wconf 50' lang='lat' dir='ltr'>“jeus</span> <span class='ocrx_word' id='word_1_33' title='bbox 337 614 418 659; x_wconf 42' lang='grc' dir='ltr'>’ζ’-νέξ</span> <span class='ocrx_word' id='word_1_34' title='bbox 433 604 471 639; x_wconf 89' lang='lat' dir='ltr'>lis</span> <span class='ocrx_word' id='word_1_35' title='bbox 493 604 633 639; x_wconf 76' lang='lat' dir='ltr'><strong>Ecclesia</strong></span> <span class='ocrx_word' id='word_1_36' title='bbox 659 602 766 637; x_wconf 77' lang='lat' dir='ltr'>Sancti</span> <span class='ocrx_word' id='word_1_37' title='bbox 795 601 918 636; x_wconf 86' lang='lat' dir='ltr'>Martini</span> <span class='ocrx_word' id='word_1_38' title='bbox 942 600 1083 634; x_wconf 87' lang='lat' dir='ltr'>eiusdem</span> <span class='ocrx_word' id='word_1_39' title='bbox 1110 599 1181 633; x_wconf 89' lang='lat' dir='ltr'>civi-</span> 
     </span>
     <span class='ocr_line' id='line_1_9' title="bbox 235 646 1182 689; baseline -0.01 2"><span class='ocrx_word' id='word_1_40' title='bbox 235 648 257 667; x_wconf 45' lang='lat' dir='ltr'>m</span> <span class='ocrx_word' id='word_1_41' title='bbox 272 647 294 661; x_wconf 71' lang='lat'>&#39;¹⁸</span> <span class='ocrx_word' id='word_1_42' title='bbox 326 646 351 660; x_wconf 67' lang='lat' dir='ltr'>&#39;m</span> <span class='ocrx_word' id='word_1_43' title='bbox 369 646 408 660; x_wconf 74' lang='lat'>⁵¹⁰¹</span> <span class='ocrx_word' id='word_1_44' title='bbox 432 654 503 689; x_wconf 91' lang='lat' dir='ltr'>tatis</span> <span class='ocrx_word' id='word_1_45' title='bbox 523 653 561 688; x_wconf 89' lang='lat' dir='ltr'>de</span> <span class='ocrx_word' id='word_1_46' title='bbox 579 652 708 687; x_wconf 85' lang='lat' dir='ltr'>Limoso</span> <span class='ocrx_word' id='word_1_47' title='bbox 722 653 762 686; x_wconf 91' lang='lat' dir='ltr'>sit</span> <span class='ocrx_word' id='word_1_48' title='bbox 784 651 822 685; x_wconf 86' lang='lat' dir='ltr'>de</span> <span class='ocrx_word' id='word_1_49' title='bbox 839 658 962 686; x_wconf 88' lang='lat' dir='ltr'>caetero</span> <span class='ocrx_word' id='word_1_50' title='bbox 980 657 1006 683; x_wconf 85' lang='lat' dir='ltr'>et</span> <span class='ocrx_word' id='word_1_51' title='bbox 1031 648 1182 683; x_wconf 78' lang='lat' dir='ltr'>habeatur</span> 
     </span>
     <span class='ocr_line' id='line_1_10' title="bbox 432 698 1183 751; baseline -0.009 -14"><span class='ocrx_word' id='word_1_52' title='bbox 432 711 586 751; x_wconf 87' lang='lat' dir='ltr'>perpetuo</span> <span class='ocrx_word' id='word_1_53' title='bbox 613 701 809 742; x_wconf 76' lang='lat' dir='ltr'>cathedralis,</span> <span class='ocrx_word' id='word_1_54' title='bbox 825 701 889 746; x_wconf 87' lang='lat' dir='ltr'>ipsa</span> <span class='ocrx_word' id='word_1_55' title='bbox 905 707 935 734; x_wconf 89' lang='lat' dir='ltr'>et</span> <span class='ocrx_word' id='word_1_56' title='bbox 955 698 1077 733; x_wconf 79' lang='lat' dir='ltr'>civitate</span> <span class='ocrx_word' id='word_1_57' title='bbox 1098 709 1183 744; x_wconf 85' lang='lat' dir='ltr'>prae-</span> 
     </span>
     <span class='ocr_line' id='line_1_11' title="bbox 431 746 1181 794; baseline -0.009 -6"><span class='ocrx_word' id='word_1_58' title='bbox 431 754 512 788; x_wconf 86' lang='lat' dir='ltr'>dicta</span> <span class='ocrx_word' id='word_1_59' title='bbox 531 753 570 787; x_wconf 89' lang='lat' dir='ltr'>de</span> <span class='ocrx_word' id='word_1_60' title='bbox 585 752 714 786; x_wconf 88' lang='lat' dir='ltr'>Limoso</span> <span class='ocrx_word' id='word_1_61' title='bbox 729 763 800 785; x_wconf 89' lang='lat' dir='ltr'>cum</span> <span class='ocrx_word' id='word_1_62' title='bbox 818 750 882 784; x_wconf 82' lang='lat' dir='ltr'>suis</span> <span class='ocrx_word' id='word_1_63' title='bbox 896 747 1034 794; x_wconf 88' lang='lat' dir='ltr'>capitulo</span> <span class='ocrx_word' id='word_1_64' title='bbox 1056 755 1086 781; x_wconf 87' lang='lat' dir='ltr'>et</span> <span class='ocrx_word' id='word_1_65' title='bbox 1099 746 1181 781; x_wconf 79' lang='lat' dir='ltr'>dioc-</span> 
     </span>
     <span class='ocr_line' id='line_1_12' title="bbox 431 796 1182 838; baseline -0.012 0"><span class='ocrx_word' id='word_1_66' title='bbox 431 803 495 838; x_wconf 86' lang='lat' dir='ltr'>cesi</span> <span class='ocrx_word' id='word_1_67' title='bbox 518 800 677 836; x_wconf 87' lang='lat' dir='ltr'>limitanda</span> <span class='ocrx_word' id='word_1_68' title='bbox 699 813 714 834; x_wconf 87' lang='lat' dir='ltr'>a</span> <span class='ocrx_word' id='word_1_69' title='bbox 738 798 964 836; x_wconf 78' lang='lat' dir='ltr'>iurisdictione,</span> <span class='ocrx_word' id='word_1_70' title='bbox 986 796 1125 831; x_wconf 88' lang='lat' dir='ltr'>dominio</span> <span class='ocrx_word' id='word_1_71' title='bbox 1152 803 1182 830; x_wconf 86' lang='lat' dir='ltr'>et</span> 
     </span>
     <span class='ocr_line' id='line_1_13' title="bbox 434 845 1182 899; baseline -0.012 -11"><span class='ocrx_word' id='word_1_72' title='bbox 434 860 584 899; x_wconf 73' lang='lat' dir='ltr'><strong>potestate</strong></span> <span class='ocrx_word' id='word_1_73' title='bbox 612 848 853 896; x_wconf 75' lang='lat' dir='ltr'>archiepiscopi,</span> <span class='ocrx_word' id='word_1_74' title='bbox 869 845 996 893; x_wconf 86' lang='lat' dir='ltr'>capituli</span> <span class='ocrx_word' id='word_1_75' title='bbox 1019 853 1049 880; x_wconf 88' lang='lat' dir='ltr'>et</span> <span class='ocrx_word' id='word_1_76' title='bbox 1071 845 1182 880; x_wconf 84' lang='lat' dir='ltr'>Eccle-</span> 
     </span>
     <span class='ocr_line' id='line_1_14' title="bbox 433 896 1182 944; baseline -0.011 -8"><span class='ocrx_word' id='word_1_77' title='bbox 433 903 497 936; x_wconf 83' lang='lat' dir='ltr'>siae</span> <span class='ocrx_word' id='word_1_78' title='bbox 520 899 701 935; x_wconf 90' lang='lat' dir='ltr'>Narbonen.</span> <span class='ocrx_word' id='word_1_79' title='bbox 712 926 721 941; x_wconf 84' lang='lat'>‚</span> <span class='ocrx_word' id='word_1_80' title='bbox 737 896 856 944; x_wconf 83' lang='lat' dir='ltr'>quibus</span> <span class='ocrx_word' id='word_1_81' title='bbox 870 896 1002 930; x_wconf 79' lang='lat' dir='ltr'>subesse</span> <span class='ocrx_word' id='word_1_82' title='bbox 1025 903 1116 929; x_wconf 89' lang='lat' dir='ltr'>antea</span> <span class='ocrx_word' id='word_1_83' title='bbox 1132 907 1182 929; x_wconf 92' lang='lat' dir='ltr'>no-</span> 
     </span>
     <span class='ocr_line' id='line_1_15' title="bbox 433 948 1182 990; baseline -0.012 -4"><span class='ocrx_word' id='word_1_84' title='bbox 433 950 615 989; x_wconf 79' lang='lat' dir='ltr'>scebantur;</span> <span class='ocrx_word' id='word_1_85' title='bbox 644 948 818 982; x_wconf 83' lang='lat' dir='ltr'>maioritate</span> <span class='ocrx_word' id='word_1_86' title='bbox 852 953 955 980; x_wconf 89' lang='lat' dir='ltr'>tamen</span> <span class='ocrx_word' id='word_1_87' title='bbox 989 957 1044 978; x_wconf 87' lang='lat' dir='ltr'>seu</span> <span class='ocrx_word' id='word_1_88' title='bbox 1078 956 1182 990; x_wconf 88' lang='lat' dir='ltr'>supe—</span> 
     </span>
     <span class='ocr_line' id='line_1_16' title="bbox 434 993 1183 1043; baseline -0.011 -9"><span class='ocrx_word' id='word_1_89' title='bbox 434 1000 570 1035; x_wconf 87' lang='lat' dir='ltr'>rioritate</span> <span class='ocrx_word' id='word_1_90' title='bbox 599 999 628 1032; x_wconf 91' lang='lat' dir='ltr'>in</span> <span class='ocrx_word' id='word_1_91' title='bbox 653 998 729 1043; x_wconf 91' lang='lat' dir='ltr'>ipsis</span> <span class='ocrx_word' id='word_1_92' title='bbox 756 995 910 1035; x_wconf 79' lang='lat' dir='ltr'>Ecclesia,</span> <span class='ocrx_word' id='word_1_93' title='bbox 933 994 1072 1033; x_wconf 78' lang='lat' dir='ltr'>civitate,</span> <span class='ocrx_word' id='word_1_94' title='bbox 1095 993 1183 1040; x_wconf 85' lang='lat' dir='ltr'>capi-</span> 
     </span>
     <span class='ocr_line' id='line_1_17' title="bbox 434 1042 1181 1084; baseline -0.011 0"><span class='ocrx_word' id='word_1_95' title='bbox 434 1050 498 1084; x_wconf 91' lang='lat' dir='ltr'>tulo</span> <span class='ocrx_word' id='word_1_96' title='bbox 520 1056 550 1083; x_wconf 89' lang='lat' dir='ltr'>et</span> <span class='ocrx_word' id='word_1_97' title='bbox 565 1047 701 1082; x_wconf 84' lang='lat' dir='ltr'>dioecesi</span> <span class='ocrx_word' id='word_1_98' title='bbox 724 1046 762 1080; x_wconf 89' lang='lat' dir='ltr'>de</span> <span class='ocrx_word' id='word_1_99' title='bbox 777 1045 905 1080; x_wconf 83' lang='lat' dir='ltr'>Limoso</span> <span class='ocrx_word' id='word_1_100' title='bbox 919 1044 1021 1078; x_wconf 84' lang='lat' dir='ltr'>dictae</span> <span class='ocrx_word' id='word_1_101' title='bbox 1042 1042 1181 1077; x_wconf 86' lang='lat' dir='ltr'>Narbon.</span> 
     </span>
     <span class='ocr_line' id='line_1_18' title="bbox 434 1092 1184 1139; baseline -0.008 -6"><span class='ocrx_word' id='word_1_102' title='bbox 434 1098 605 1136; x_wconf 67' lang='lat' dir='ltr'>Ecclesiae,</span> <span class='ocrx_word' id='word_1_103' title='bbox 627 1097 709 1131; x_wconf 87' lang='lat' dir='ltr'>sicut</span> <span class='ocrx_word' id='word_1_104' title='bbox 732 1096 760 1129; x_wconf 93' lang='lat' dir='ltr'>in</span> <span class='ocrx_word' id='word_1_105' title='bbox 788 1095 857 1129; x_wconf 87' lang='lat' dir='ltr'>aliis</span> <span class='ocrx_word' id='word_1_106' title='bbox 884 1092 1091 1139; x_wconf 76' lang='lat' dir='ltr'>suffraganeis</span> <span class='ocrx_word' id='word_1_107' title='bbox 1119 1093 1184 1127; x_wconf 87' lang='lat' dir='ltr'>suis</span> 
     </span>
     <span class='ocr_line' id='line_1_19' title="bbox 434 1141 1184 1194; baseline -0.009 -12"><span class='ocrx_word' id='word_1_108' title='bbox 434 1146 641 1194; x_wconf 88' lang='lat' dir='ltr'>metropolico</span> <span class='ocrx_word' id='word_1_109' title='bbox 664 1145 722 1180; x_wconf 89' lang='lat' dir='ltr'>sibi</span> <span class='ocrx_word' id='word_1_110' title='bbox 746 1145 812 1179; x_wconf 89' lang='lat' dir='ltr'>iure</span> <span class='ocrx_word' id='word_1_111' title='bbox 829 1142 981 1178; x_wconf 86' lang='lat' dir='ltr'>subiectis</span> <span class='ocrx_word' id='word_1_112' title='bbox 1004 1142 1119 1177; x_wconf 86' lang='lat' dir='ltr'>babere</span> <span class='ocrx_word' id='word_1_113' title='bbox 1134 1141 1184 1176; x_wconf 92' lang='lat' dir='ltr'>di-</span> 
     </span>
     <span class='ocr_line' id='line_1_20' title="bbox 433 1191 1184 1244; baseline -0.011 -12"><span class='ocrx_word' id='word_1_114' title='bbox 433 1198 608 1244; x_wconf 77' lang='lat' dir='ltr'>gnoscitur,</span> <span class='ocrx_word' id='word_1_115' title='bbox 622 1195 786 1230; x_wconf 72' lang='lat' dir='ltr'><strong>reservatis</strong></span> <span class='ocrx_word' id='word_1_116' title='bbox 796 1191 1042 1232; x_wconf 76' lang='lat' dir='ltr'>reiiianetitibnS‚</span> <span class='ocrx_word' id='word_1_117' title='bbox 1055 1192 1184 1226; x_wconf 86' lang='lat' dir='ltr'>omnino</span> 
     </span>
     <span class='ocr_line' id='line_1_21' title="bbox 434 1241 1186 1292; baseline -0.007 -11"><span class='ocrx_word' id='word_1_118' title='bbox 434 1247 540 1282; x_wconf 86' lang='lat' dir='ltr'>liberis</span> <span class='ocrx_word' id='word_1_119' title='bbox 561 1254 592 1281; x_wconf 89' lang='lat' dir='ltr'>et</span> <span class='ocrx_word' id='word_1_120' title='bbox 618 1245 769 1292; x_wconf 84' lang='lat' dir='ltr'>exceptis.</span> <span class='ocrx_word' id='word_1_121' title='bbox 789 1243 905 1278; x_wconf 89' lang='lat' dir='ltr'>Verum</span> <span class='ocrx_word' id='word_1_122' title='bbox 928 1242 1001 1289; x_wconf 89' lang='lat' dir='ltr'>qnia</span> <span class='ocrx_word' id='word_1_123' title='bbox 1023 1241 1105 1276; x_wconf 86' lang='lat' dir='ltr'>dicta</span> <span class='ocrx_word' id='word_1_124' title='bbox 1128 1241 1186 1276; x_wconf 88' lang='lat' dir='ltr'>Ec—</span> 
     </span>
     <span class='ocr_line' id='line_1_22' title="bbox 252 1290 1187 1339; baseline -0.007 -8"><span class='ocrx_word' id='word_1_125' title='bbox 252 1304 286 1324; x_wconf 66' lang='lat' dir='ltr'>Cffl</span> <span class='ocrx_word' id='word_1_126' title='bbox 305 1305 419 1339; x_wconf 51' lang='lat' dir='ltr'>wonderf-</span> <span class='ocrx_word' id='word_1_127' title='bbox 435 1297 528 1331; x_wconf 63' lang='lat' dir='ltr'>clesia</span> <span class='ocrx_word' id='word_1_128' title='bbox 552 1295 590 1329; x_wconf 88' lang='lat' dir='ltr'>de</span> <span class='ocrx_word' id='word_1_129' title='bbox 604 1294 732 1330; x_wconf 87' lang='lat' dir='ltr'>Limoso</span> <span class='ocrx_word' id='word_1_130' title='bbox 756 1292 919 1328; x_wconf 79' lang='lat' dir='ltr'>facultates</span> <span class='ocrx_word' id='word_1_131' title='bbox 934 1303 995 1325; x_wconf 89' lang='lat' dir='ltr'>non</span> <span class='ocrx_word' id='word_1_132' title='bbox 1015 1290 1108 1325; x_wconf 88' lang='lat' dir='ltr'>babet</span> <span class='ocrx_word' id='word_1_133' title='bbox 1122 1303 1187 1325; x_wconf 88' lang='lat' dir='ltr'>cor·</span> 
     </span>
     <span class='ocr_line' id='line_1_23' title="bbox 238 1336 1186 1393; baseline -0.011 -10"><span class='ocrx_word' id='word_1_134' title='bbox 238 1336 420 1387; x_wconf 44' lang='lat' dir='ltr'>ii&#39;idiifffiii}</span> <span class='ocrx_word' id='word_1_135' title='bbox 436 1345 666 1393; x_wconf 80' lang='lat' dir='ltr'>respondentes</span> <span class='ocrx_word' id='word_1_136' title='bbox 701 1343 812 1378; x_wconf 90' lang='lat' dir='ltr'>bonori</span> <span class='ocrx_word' id='word_1_137' title='bbox 843 1351 873 1376; x_wconf 89' lang='lat' dir='ltr'>et</span> <span class='ocrx_word' id='word_1_138' title='bbox 903 1341 1010 1380; x_wconf 77' lang='lat' dir='ltr'>statui,</span> <span class='ocrx_word' id='word_1_139' title='bbox 1040 1340 1078 1374; x_wconf 89' lang='lat' dir='ltr'>ad</span> <span class='ocrx_word' id='word_1_140' title='bbox 1105 1352 1186 1386; x_wconf 89' lang='lat' dir='ltr'>qnos</span> 
     </span>
     <span class='ocr_line' id='line_1_24' title="bbox 238 1390 1185 1449; baseline -0.008 -17"><span class='ocrx_word' id='word_1_141' title='bbox 238 1398 344 1449; x_wconf 44' lang='lat' dir='ltr'>{222⁹st</span> <span class='ocrx_word' id='word_1_142' title='bbox 371 1396 419 1416; x_wconf 48' lang='grc' dir='ltr'>Μ’</span> <span class='ocrx_word' id='word_1_143' title='bbox 435 1396 555 1431; x_wconf 83' lang='lat' dir='ltr'>noviter</span> <span class='ocrx_word' id='word_1_144' title='bbox 581 1403 628 1429; x_wconf 88' lang='lat' dir='ltr'>est</span> <span class='ocrx_word' id='word_1_145' title='bbox 648 1402 803 1441; x_wconf 69' lang='lat' dir='ltr'>provecta,</span> <span class='ocrx_word' id='word_1_146' title='bbox 826 1391 1006 1426; x_wconf 83' lang='lat' dir='ltr'>auctoritate</span> <span class='ocrx_word' id='word_1_147' title='bbox 1031 1390 1185 1435; x_wconf 82' lang='lat' dir='ltr'>praedicta</span> 
     </span>
     <span class='ocr_line' id='line_1_25' title="bbox 435 1440 1187 1490; baseline -0.009 -10"><span class='ocrx_word' id='word_1_148' title='bbox 435 1445 636 1480; x_wconf 85' lang='lat' dir='ltr'>decernimus</span> <span class='ocrx_word' id='word_1_149' title='bbox 651 1471 660 1487; x_wconf 76' lang='lat'>,</span> <span class='ocrx_word' id='word_1_150' title='bbox 683 1444 781 1490; x_wconf 97' lang='lat' dir='ltr'>ipsam</span> <span class='ocrx_word' id='word_1_151' title='bbox 809 1442 855 1476; x_wconf 88' lang='lat' dir='ltr'>sic</span> <span class='ocrx_word' id='word_1_152' title='bbox 882 1440 1094 1475; x_wconf 80' lang='lat' dir='ltr'>honorandam</span> <span class='ocrx_word' id='word_1_153' title='bbox 1117 1452 1187 1474; x_wconf 81' lang='lat' dir='ltr'>esse</span> 
     </span>
     <span class='ocr_line' id='line_1_26' title="bbox 436 1488 1187 1537; baseline -0.008 -8"><span class='ocrx_word' id='word_1_154' title='bbox 436 1496 466 1529; x_wconf 92' lang='lat' dir='ltr'>in</span> <span class='ocrx_word' id='word_1_155' title='bbox 495 1493 692 1529; x_wconf 83' lang='lat' dir='ltr'>facultatibus</span> <span class='ocrx_word' id='word_1_156' title='bbox 714 1500 744 1527; x_wconf 89' lang='lat' dir='ltr'>et</span> <span class='ocrx_word' id='word_1_157' title='bbox 766 1490 957 1537; x_wconf 80' lang='lat' dir='ltr'>augendam,</span> <span class='ocrx_word' id='word_1_158' title='bbox 972 1488 1057 1536; x_wconf 87' lang='lat' dir='ltr'>quod</span> <span class='ocrx_word' id='word_1_159' title='bbox 1080 1501 1187 1523; x_wconf 87' lang='lat' dir='ltr'>mensa</span> 
     </span>
     <span class='ocr_line' id='line_1_27' title="bbox 436 1538 1189 1591; baseline -0.011 -12"><span class='ocrx_word' id='word_1_160' title='bbox 436 1542 625 1591; x_wconf 84' lang='lat' dir='ltr'>episcopalis</span> <span class='ocrx_word' id='word_1_161' title='bbox 641 1542 782 1577; x_wconf 87' lang='lat' dir='ltr'>eiusdem</span> <span class='ocrx_word' id='word_1_162' title='bbox 805 1540 946 1587; x_wconf 77' lang='lat' dir='ltr'>quinque</span> <span class='ocrx_word' id='word_1_163' title='bbox 971 1538 1070 1572; x_wconf 87' lang='lat' dir='ltr'>millia</span> <span class='ocrx_word' id='word_1_164' title='bbox 1098 1538 1189 1572; x_wconf 89' lang='lat' dir='ltr'>libra-</span> 
     </span>
     <span class='ocr_line' id='line_1_28' title="bbox 438 1587 1187 1638; baseline -0.009 -10"><span class='ocrx_word' id='word_1_165' title='bbox 438 1607 506 1628; x_wconf 89' lang='lat' dir='ltr'>rum</span> <span class='ocrx_word' id='word_1_166' title='bbox 528 1593 688 1627; x_wconf 81' lang='lat' dir='ltr'>anonen.</span> <span class='ocrx_word' id='word_1_167' title='bbox 707 1602 874 1638; x_wconf 72' lang='lat' dir='ltr'>parvorum</span> <span class='ocrx_word' id='word_1_168' title='bbox 890 1588 985 1623; x_wconf 87' lang='lat' dir='ltr'>annui</span> <span class='ocrx_word' id='word_1_169' title='bbox 1002 1596 1032 1622; x_wconf 87' lang='lat' dir='ltr'>et</span> <span class='ocrx_word' id='word_1_170' title='bbox 1047 1587 1187 1634; x_wconf 87' lang='lat' dir='ltr'>perpetui</span> 
     </span>
     <span class='ocr_line' id='line_1_29' title="bbox 439 1636 1190 1684; baseline -0.008 -7"><span class='ocrx_word' id='word_1_171' title='bbox 439 1642 576 1678; x_wconf 86' lang='lat' dir='ltr'>redditus</span> <span class='ocrx_word' id='word_1_172' title='bbox 584 1642 622 1676; x_wconf 89' lang='lat' dir='ltr'>de</span> <span class='ocrx_word' id='word_1_173' title='bbox 637 1642 726 1675; x_wconf 79' lang='lat' dir='ltr'>bonis</span> <span class='ocrx_word' id='word_1_174' title='bbox 741 1649 771 1675; x_wconf 88' lang='lat' dir='ltr'>et</span> <span class='ocrx_word' id='word_1_175' title='bbox 784 1639 879 1674; x_wconf 92' lang='lat' dir='ltr'>rebus</span> <span class='ocrx_word' id='word_1_176' title='bbox 891 1649 1018 1673; x_wconf 77' lang='lat' dir='ltr'>mensae</span> <span class='ocrx_word' id='word_1_177' title='bbox 1030 1636 1190 1684; x_wconf 86' lang='lat' dir='ltr'>archiepi-</span> 
     </span>
     <span class='ocr_line' id='line_1_30' title="bbox 441 1686 1190 1739; baseline -0.009 -12"><span class='ocrx_word' id='word_1_178' title='bbox 441 1693 579 1739; x_wconf 87' lang='lat' dir='ltr'>scopalis</span> <span class='ocrx_word' id='word_1_179' title='bbox 596 1690 735 1726; x_wconf 68' lang='lat' dir='ltr'>Narbon.</span> <span class='ocrx_word' id='word_1_180' title='bbox 754 1689 812 1736; x_wconf 82' lang='lat' dir='ltr'>ipsi</span> <span class='ocrx_word' id='word_1_181' title='bbox 828 1688 990 1723; x_wconf 82' lang='lat' dir='ltr'>Ecclesiae</span> <span class='ocrx_word' id='word_1_182' title='bbox 1006 1686 1045 1721; x_wconf 92' lang='lat' dir='ltr'>de</span> <span class='ocrx_word' id='word_1_183' title='bbox 1062 1686 1190 1721; x_wconf 88' lang='lat' dir='ltr'>Limoso</span> 
     </span>
     <span class='ocr_line' id='line_1_31' title="bbox 438 1739 1190 1776; baseline -0.009 0"><span class='ocrx_word' id='word_1_184' title='bbox 438 1741 650 1776; x_wconf 81' lang='lat' dir='ltr'>accommodis</span> <span class='ocrx_word' id='word_1_185' title='bbox 677 1748 707 1775; x_wconf 91' lang='lat' dir='ltr'>et</span> <span class='ocrx_word' id='word_1_186' title='bbox 737 1739 847 1773; x_wconf 86' lang='lat' dir='ltr'>vicinis</span> <span class='ocrx_word' id='word_1_187' title='bbox 873 1739 958 1772; x_wconf 82' lang='lat' dir='ltr'>iuxta</span> <span class='ocrx_word' id='word_1_188' title='bbox 989 1748 1190 1771; x_wconf 83' lang='lat' dir='ltr'>communem</span> 
     </span>
     <span class='ocr_line' id='line_1_32' title="bbox 439 1786 1193 1826; baseline -0.009 0"><span class='ocrx_word' id='word_1_189' title='bbox 439 1792 673 1826; x_wconf 74' lang='lat' dir='ltr'>extimationem</span> <span class='ocrx_word' id='word_1_190' title='bbox 704 1790 859 1824; x_wconf 87' lang='lat' dir='ltr'>bonorum</span> <span class='ocrx_word' id='word_1_191' title='bbox 889 1796 919 1822; x_wconf 92' lang='lat' dir='ltr'>et</span> <span class='ocrx_word' id='word_1_192' title='bbox 947 1799 1050 1821; x_wconf 89' lang='lat' dir='ltr'>rerum</span> <span class='ocrx_word' id='word_1_193' title='bbox 1079 1786 1193 1820; x_wconf 87' lang='lat' dir='ltr'>buius-</span> 
     </span>
     <span class='ocr_line' id='line_1_33' title="bbox 440 1835 1191 1883; baseline -0.011 -6"><span class='ocrx_word' id='word_1_194' title='bbox 440 1841 524 1877; x_wconf 84' lang='lat' dir='ltr'>modi</span> <span class='ocrx_word' id='word_1_195' title='bbox 549 1839 772 1875; x_wconf 85' lang='lat' dir='ltr'>redditualinm</span> <span class='ocrx_word' id='word_1_196' title='bbox 795 1837 953 1881; x_wconf 79' lang='lat' dir='ltr'>situanda,</span> <span class='ocrx_word' id='word_1_197' title='bbox 969 1848 1050 1883; x_wconf 85' lang='lat' dir='ltr'>quae</span> <span class='ocrx_word' id='word_1_198' title='bbox 1063 1835 1191 1882; x_wconf 87' lang='lat' dir='ltr'>quidem</span> 
     </span>
     <span class='ocr_line' id='line_1_34' title="bbox 440 1888 1194 1933; baseline -0.009 -8"><span class='ocrx_word' id='word_1_199' title='bbox 440 1892 540 1925; x_wconf 86' lang='lat' dir='ltr'>dictae</span> <span class='ocrx_word' id='word_1_200' title='bbox 562 1890 722 1925; x_wconf 85' lang='lat' dir='ltr'>Ecclesiae</span> <span class='ocrx_word' id='word_1_201' title='bbox 743 1889 781 1923; x_wconf 91' lang='lat' dir='ltr'>de</span> <span class='ocrx_word' id='word_1_202' title='bbox 804 1888 943 1926; x_wconf 76' lang='lat' dir='ltr'>Litnoso,</span> <span class='ocrx_word' id='word_1_203' title='bbox 967 1898 1087 1933; x_wconf 88' lang='lat' dir='ltr'>suoque</span> <span class='ocrx_word' id='word_1_204' title='bbox 1114 1898 1194 1932; x_wconf 90' lang='lat' dir='ltr'>pon-</span> 
     </span>
     <span class='ocr_line' id='line_1_35' title="bbox 440 1935 1196 1986; baseline -0.008 -12"><span class='ocrx_word' id='word_1_205' title='bbox 440 1941 529 1985; x_wconf 76' lang='lat' dir='ltr'>tifici,</span> <span class='ocrx_word' id='word_1_206' title='bbox 548 1940 699 1986; x_wconf 75' lang='lat' dir='ltr'>dignitate</span> <span class='ocrx_word' id='word_1_207' title='bbox 720 1952 755 1973; x_wconf 85' lang='lat' dir='ltr'>ac</span> <span class='ocrx_word' id='word_1_208' title='bbox 773 1950 869 1973; x_wconf 84' lang='lat' dir='ltr'>onere</span> <span class='ocrx_word' id='word_1_209' title='bbox 895 1945 925 1972; x_wconf 91' lang='lat' dir='ltr'>et</span> <span class='ocrx_word' id='word_1_210' title='bbox 951 1935 1196 1971; x_wconf 80' lang='lat' dir='ltr'>circumstantiis</span> 
     </span>
     <span class='ocr_line' id='line_1_36' title="bbox 441 1989 1195 2040; baseline -0.011 -10"><span class='ocrx_word' id='word_1_211' title='bbox 441 1996 509 2030; x_wconf 88' lang='lat' dir='ltr'>aliis</span> <span class='ocrx_word' id='word_1_212' title='bbox 536 2003 651 2029; x_wconf 88' lang='lat' dir='ltr'>attente</span> <span class='ocrx_word' id='word_1_213' title='bbox 674 1992 824 2040; x_wconf 78' lang='lat' dir='ltr'>pensatis,</span> <span class='ocrx_word' id='word_1_214' title='bbox 840 1991 955 2025; x_wconf 80' lang='lat' dir='ltr'>debere</span> <span class='ocrx_word' id='word_1_215' title='bbox 977 1989 1120 2024; x_wconf 86' lang='lat' dir='ltr'>sufficere</span> <span class='ocrx_word' id='word_1_216' title='bbox 1144 1989 1195 2022; x_wconf 78' lang='lat' dir='ltr'>vi—</span> 
     </span>
     <span class='ocr_line' id='line_1_37' title="bbox 442 2042 1196 2093; baseline -0.013 -11"><span class='ocrx_word' id='word_1_217' title='bbox 442 2047 568 2086; x_wconf 83' lang='lat' dir='ltr'>dimus,</span> <span class='ocrx_word' id='word_1_218' title='bbox 593 2053 713 2093; x_wconf 89' lang='lat' dir='ltr'>praeter</span> <span class='ocrx_word' id='word_1_219' title='bbox 737 2042 880 2077; x_wconf 82' lang='lat' dir='ltr'>redditus</span> <span class='ocrx_word' id='word_1_220' title='bbox 906 2049 934 2075; x_wconf 86' lang='lat' dir='ltr'>et</span> <span class='ocrx_word' id='word_1_221' title='bbox 965 2048 1134 2086; x_wconf 83' lang='lat' dir='ltr'>proventus</span> <span class='ocrx_word' id='word_1_222' title='bbox 1160 2052 1196 2073; x_wconf 88' lang='lat' dir='ltr'>ac</span> 
     </span>
     <span class='ocr_line' id='line_1_38' title="bbox 444 2089 1194 2142; baseline -0.013 -10"><span class='ocrx_word' id='word_1_223' title='bbox 444 2099 520 2137; x_wconf 79' lang='lat' dir='ltr'>iura,</span> <span class='ocrx_word' id='word_1_224' title='bbox 535 2108 616 2142; x_wconf 80' lang='lat' dir='ltr'>qnae</span> <span class='ocrx_word' id='word_1_225' title='bbox 631 2095 667 2130; x_wconf 87' lang='lat' dir='ltr'>ad</span> <span class='ocrx_word' id='word_1_226' title='bbox 686 2093 877 2140; x_wconf 76' lang='lat' dir='ltr'>praedictam</span> <span class='ocrx_word' id='word_1_227' title='bbox 897 2090 1071 2126; x_wconf 83' lang='lat' dir='ltr'>Ecclesiam</span> <span class='ocrx_word' id='word_1_228' title='bbox 1089 2089 1194 2123; x_wconf 83' lang='lat' dir='ltr'>Sancti</span> 
     </span>
     <span class='ocr_line' id='line_1_39' title="bbox 444 2140 1196 2191; baseline -0.015 -9"><span class='ocrx_word' id='word_1_229' title='bbox 444 2147 566 2182; x_wconf 87' lang='lat' dir='ltr'>Martini</span> <span class='ocrx_word' id='word_1_230' title='bbox 590 2155 680 2181; x_wconf 86' lang='lat' dir='ltr'>antea</span> <span class='ocrx_word' id='word_1_231' title='bbox 705 2142 915 2191; x_wconf 72' lang='lat' dir='ltr'>pertinebant,</span> <span class='ocrx_word' id='word_1_232' title='bbox 934 2140 1046 2174; x_wconf 85' lang='lat' dir='ltr'>babeat</span> <span class='ocrx_word' id='word_1_233' title='bbox 1073 2146 1101 2173; x_wconf 89' lang='lat' dir='ltr'>et</span> <span class='ocrx_word' id='word_1_234' title='bbox 1123 2151 1196 2185; x_wconf 88' lang='lat' dir='ltr'>per-</span> 
     </span>
     <span class='ocr_line' id='line_1_40' title="bbox 445 2188 1197 2244; baseline -0.015 -12"><span class='ocrx_word' id='word_1_235' title='bbox 445 2197 537 2244; x_wconf 87' lang='lat' dir='ltr'>cipiat</span> <span class='ocrx_word' id='word_1_236' title='bbox 566 2195 759 2242; x_wconf 76' lang='lat' dir='ltr'>integraliter</span> <span class='ocrx_word' id='word_1_237' title='bbox 793 2204 847 2238; x_wconf 88' lang='lat' dir='ltr'>per</span> <span class='ocrx_word' id='word_1_238' title='bbox 875 2191 974 2237; x_wconf 86' lang='lat' dir='ltr'>ipsius</span> <span class='ocrx_word' id='word_1_239' title='bbox 1002 2188 1197 2236; x_wconf 79' lang='lat' dir='ltr'>praesulem,</span> 
     </span>
     <span class='ocr_line' id='line_1_41' title="bbox 445 2237 1198 2294; baseline -0.015 -13"><span class='ocrx_word' id='word_1_240' title='bbox 445 2248 497 2294; x_wconf 84' lang='lat' dir='ltr'>qui</span> <span class='ocrx_word' id='word_1_241' title='bbox 517 2258 570 2293; x_wconf 89' lang='lat' dir='ltr'>pro</span> <span class='ocrx_word' id='word_1_242' title='bbox 594 2254 734 2292; x_wconf 81' lang='lat' dir='ltr'>tempore</span> <span class='ocrx_word' id='word_1_243' title='bbox 757 2242 860 2281; x_wconf 77' lang='lat' dir='ltr'>fuerit,</span> <span class='ocrx_word' id='word_1_244' title='bbox 876 2242 906 2274; x_wconf 92' lang='lat' dir='ltr'>in</span> <span class='ocrx_word' id='word_1_245' title='bbox 925 2239 1018 2274; x_wconf 87' lang='lat' dir='ltr'>rebus</span> <span class='ocrx_word' id='word_1_246' title='bbox 1033 2238 1091 2274; x_wconf 83' lang='lat' dir='ltr'>sibi</span> <span class='ocrx_word' id='word_1_247' title='bbox 1109 2237 1198 2271; x_wconf 88' lang='lat' dir='ltr'>adia-</span> 
     </span>
     <span class='ocr_line' id='line_1_42' title="bbox 447 2289 1197 2332; baseline -0.015 -1"><span class='ocrx_word' id='word_1_248' title='bbox 447 2296 592 2331; x_wconf 81' lang='lat' dir='ltr'>centibus</span> <span class='ocrx_word' id='word_1_249' title='bbox 624 2304 654 2329; x_wconf 91' lang='lat' dir='ltr'>et</span> <span class='ocrx_word' id='word_1_250' title='bbox 692 2292 812 2332; x_wconf 73' lang='lat' dir='ltr'>vicinis,</span> <span class='ocrx_word' id='word_1_251' title='bbox 849 2292 930 2325; x_wconf 81' lang='lat' dir='ltr'>iuxta</span> <span class='ocrx_word' id='word_1_252' title='bbox 963 2289 1197 2324; x_wconf 83' lang='lat' dir='ltr'>distinctionem</span> 
     </span>
     <span class='ocr_line' id='line_1_43' title="bbox 447 2339 1199 2385; baseline -0.015 -4"><span class='ocrx_word' id='word_1_253' title='bbox 447 2360 502 2381; x_wconf 83' lang='lat' dir='ltr'>sen</span> <span class='ocrx_word' id='word_1_254' title='bbox 531 2345 746 2380; x_wconf 89' lang='lat' dir='ltr'>limitationem</span> <span class='ocrx_word' id='word_1_255' title='bbox 769 2342 923 2376; x_wconf 84' lang='lat' dir='ltr'>dioecesis</span> <span class='ocrx_word' id='word_1_256' title='bbox 951 2353 1004 2385; x_wconf 90' lang='lat' dir='ltr'>per</span> <span class='ocrx_word' id='word_1_257' title='bbox 1031 2339 1107 2373; x_wconf 85' lang='lat' dir='ltr'>alias</span> <span class='ocrx_word' id='word_1_258' title='bbox 1136 2350 1199 2371; x_wconf 81' lang='lat' dir='ltr'>no-</span> 
     </span>
     <span class='ocr_line' id='line_1_44' title="bbox 447 2387 1200 2432; baseline -0.015 0"><span class='ocrx_word' id='word_1_259' title='bbox 447 2405 526 2432; x_wconf 89' lang='lat' dir='ltr'>stras</span> <span class='ocrx_word' id='word_1_260' title='bbox 553 2396 657 2430; x_wconf 86' lang='lat' dir='ltr'>literas</span> <span class='ocrx_word' id='word_1_261' title='bbox 681 2392 867 2428; x_wconf 75' lang='lat' dir='ltr'>faciendam.</span> <span class='ocrx_word' id='word_1_262' title='bbox 885 2390 1012 2425; x_wconf 84' lang='lat' dir='ltr'>Interim</span> <span class='ocrx_word' id='word_1_263' title='bbox 1033 2398 1134 2423; x_wconf 87' lang='lat' dir='ltr'>tamen</span> <span class='ocrx_word' id='word_1_264' title='bbox 1150 2387 1200 2421; x_wconf 90' lang='lat' dir='ltr'>di-</span> 
     </span>
     <span class='ocr_line' id='line_1_45' title="bbox 448 2439 1200 2486; baseline -0.015 -4"><span class='ocrx_word' id='word_1_265' title='bbox 448 2446 616 2482; x_wconf 84' lang='lat' dir='ltr'>stinctione</span> <span class='ocrx_word' id='word_1_266' title='bbox 638 2457 692 2479; x_wconf 89' lang='lat' dir='ltr'>seu</span> <span class='ocrx_word' id='word_1_267' title='bbox 722 2442 908 2477; x_wconf 89' lang='lat' dir='ltr'>limitatione</span> <span class='ocrx_word' id='word_1_268' title='bbox 937 2439 1091 2486; x_wconf 86' lang='lat' dir='ltr'>praedicta</span> <span class='ocrx_word' id='word_1_269' title='bbox 1121 2449 1200 2483; x_wconf 89' lang='lat' dir='ltr'>pen-</span> 
     </span>
     <span class='ocr_line' id='line_1_46' title="bbox 449 2487 1200 2537; baseline -0.016 -5"><span class='ocrx_word' id='word_1_270' title='bbox 449 2498 540 2532; x_wconf 88' lang='lat' dir='ltr'>dente</span> <span class='ocrx_word' id='word_1_271' title='bbox 568 2495 735 2537; x_wconf 70' lang='lat' dir='ltr'>volnmns‚</span> <span class='ocrx_word' id='word_1_272' title='bbox 766 2501 796 2527; x_wconf 90' lang='lat' dir='ltr'>et</span> <span class='ocrx_word' id='word_1_273' title='bbox 823 2491 1007 2526; x_wconf 86' lang='lat' dir='ltr'>auctoritate</span> <span class='ocrx_word' id='word_1_274' title='bbox 1042 2487 1200 2537; x_wconf 84' lang='lat' dir='ltr'>praedicta</span> 
     </span>
     <span class='ocr_line' id='line_1_47' title="bbox 450 2536 1201 2590; baseline -0.015 -9"><span class='ocrx_word' id='word_1_275' title='bbox 450 2546 662 2587; x_wconf 63' lang='lat' dir='ltr'>decernimus,</span> <span class='ocrx_word' id='word_1_276' title='bbox 684 2543 767 2590; x_wconf 78' lang='lat' dir='ltr'>quod</span> <span class='ocrx_word' id='word_1_277' title='bbox 792 2542 872 2576; x_wconf 89' lang='lat' dir='ltr'>idem</span> <span class='ocrx_word' id='word_1_278' title='bbox 895 2540 1063 2586; x_wconf 79' lang='lat' dir='ltr'>episcopus</span> <span class='ocrx_word' id='word_1_279' title='bbox 1084 2538 1123 2572; x_wconf 89' lang='lat' dir='ltr'>de</span> <span class='ocrx_word' id='word_1_280' title='bbox 1146 2536 1201 2571; x_wconf 86' lang='lat' dir='ltr'>Li-</span> 
     </span>
     <span class='ocr_line' id='line_1_48' title="bbox 452 2589 1200 2641; baseline -0.013 -10"><span class='ocrx_word' id='word_1_281' title='bbox 452 2608 552 2637; x_wconf 62' lang='lat' dir='ltr'>mosm</span> <span class='ocrx_word' id='word_1_282' title='bbox 580 2595 631 2641; x_wconf 78' lang='lat' dir='ltr'>qui</span> <span class='ocrx_word' id='word_1_283' title='bbox 660 2606 715 2641; x_wconf 88' lang='lat' dir='ltr'>pro</span> <span class='ocrx_word' id='word_1_284' title='bbox 743 2601 883 2638; x_wconf 88' lang='lat' dir='ltr'>tempore</span> <span class='ocrx_word' id='word_1_285' title='bbox 910 2589 1019 2632; x_wconf 82' lang='lat' dir='ltr'>suerit,</span> <span class='ocrx_word' id='word_1_286' title='bbox 1046 2598 1200 2623; x_wconf 88' lang='lat' dir='ltr'>summam</span> 
     </span>
     <span class='ocr_line' id='line_1_49' title="bbox 451 2637 1203 2680; baseline -0.012 0"><span class='ocrx_word' id='word_1_287' title='bbox 451 2645 594 2680; x_wconf 82' lang='lat' dir='ltr'>eamdem</span> <span class='ocrx_word' id='word_1_288' title='bbox 630 2643 668 2678; x_wconf 88' lang='lat' dir='ltr'>de</span> <span class='ocrx_word' id='word_1_289' title='bbox 710 2642 800 2677; x_wconf 88' lang='lat' dir='ltr'>bonis</span> <span class='ocrx_word' id='word_1_290' title='bbox 833 2648 862 2676; x_wconf 91' lang='lat' dir='ltr'>et</span> <span class='ocrx_word' id='word_1_291' title='bbox 895 2638 1070 2674; x_wconf 79' lang='lat' dir='ltr'>redditibus</span> <span class='ocrx_word' id='word_1_292' title='bbox 1103 2637 1203 2672; x_wconf 88' lang='lat' dir='ltr'>dictae</span> 
     </span>
    </p>
   </div>
   <div class='ocr_carea' id='block_1_3' title="bbox 238 255 413 281">
    <p class='ocr_par' dir='ltr' id='par_1_3' title="bbox 238 255 413 281">
     <span class='ocr_line' id='line_1_50' title="bbox 238 255 413 281; baseline -0.006 0"><span class='ocrx_word' id='word_1_293' title='bbox 238 256 275 281; x_wconf 67' lang='lat' dir='ltr'>An</span> <span class='ocrx_word' id='word_1_294' title='bbox 306 255 332 279; x_wconf 75' lang='grc' dir='ltr'>Γ..</span> <span class='ocrx_word' id='word_1_295' title='bbox 351 255 413 280; x_wconf 79' lang='lat' dir='ltr'>t5t7</span> 
     </span>
    </p>
   </div>
   <div class='ocr_carea' id='block_1_4' title="bbox 1016 244 1386 271">
    <p class='ocr_par' dir='ltr' id='par_1_4' title="bbox 1016 244 1386 271">
     <span class='ocr_line' id='line_1_51' title="bbox 1016 244 1386 271; baseline -0.014 0"><span class='ocrx_word' id='word_1_296' title='bbox 1016 247 1115 271; x_wconf 62' lang='lat' dir='ltr'>nt‘LLA</span> <span class='ocrx_word' id='word_1_297' title='bbox 1121 246 1203 270; x_wconf 76' lang='lat' dir='ltr'>itum</span> <span class='ocrx_word' id='word_1_298' title='bbox 1225 244 1336 268; x_wconf 56' lang='lat' dir='ltr'>Roaiam</span> <span class='ocrx_word' id='word_1_299' title='bbox 1343 245 1386 267; x_wconf 75' lang='grc' dir='ltr'>ΗΜ</span> 
     </span>
    </p>
   </div>
   <div class='ocr_carea' id='block_1_5' title="bbox 1222 295 1972 496">
    <p class='ocr_par' dir='ltr' id='par_1_5' title="bbox 1222 295 1972 397">
     <span class='ocr_line' id='line_1_52' title="bbox 1222 295 1972 343; baseline -0.008 -8"><span class='ocrx_word' id='word_1_300' title='bbox 1222 312 1348 335; x_wconf 78' lang='lat' dir='ltr'>mensae</span> <span class='ocrx_word' id='word_1_301' title='bbox 1361 298 1541 334; x_wconf 87' lang='lat' dir='ltr'>Narbonen.</span> <span class='ocrx_word' id='word_1_302' title='bbox 1558 297 1687 343; x_wconf 87' lang='lat' dir='ltr'>recipiat</span> <span class='ocrx_word' id='word_1_303' title='bbox 1701 297 1872 330; x_wconf 83' lang='lat' dir='ltr'>annuatim.</span> <span class='ocrx_word' id='word_1_304' title='bbox 1886 295 1972 330; x_wconf 84' lang='lat' dir='ltr'>Haec</span> 
     </span>
     <span class='ocr_line' id='line_1_53' title="bbox 1222 350 1407 397; baseline -0.016 -12"><span class='ocrx_word' id='word_1_305' title='bbox 1222 350 1328 397; x_wconf 81' lang='lat' dir='ltr'>igitur,</span> <span class='ocrx_word' id='word_1_306' title='bbox 1354 356 1407 383; x_wconf 87' lang='lat' dir='ltr'>etc.</span> 
     </span>
    </p>

    <p class='ocr_par' dir='ltr' id='par_1_6' title="bbox 1222 393 1972 496">
     <span class='ocr_line' id='line_1_54' title="bbox 1272 393 1972 434; baseline -0.01 0"><span class='ocrx_word' id='word_1_307' title='bbox 1272 400 1384 434; x_wconf 88' lang='lat' dir='ltr'>Datum</span> <span class='ocrx_word' id='word_1_308' title='bbox 1398 395 1553 432; x_wconf 79' lang='lat' dir='ltr'>Avenioni</span> <span class='ocrx_word' id='word_1_309' title='bbox 1570 395 1661 430; x_wconf 88' lang='lat' dir='ltr'>tertio</span> <span class='ocrx_word' id='word_1_310' title='bbox 1683 394 1806 429; x_wconf 87' lang='lat' dir='ltr'>decimo</span> <span class='ocrx_word' id='word_1_311' title='bbox 1824 393 1972 429; x_wconf 79' lang='lat' dir='ltr'>kalendas</span> 
     </span>
     <span class='ocr_line' id='line_1_55' title="bbox 1222 442 1970 496; baseline -0.011 -12"><span class='ocrx_word' id='word_1_312' title='bbox 1222 448 1422 496; x_wconf 84' lang='lat' dir='ltr'>septembris,</span> <span class='ocrx_word' id='word_1_313' title='bbox 1439 445 1638 494; x_wconf 83' lang='lat' dir='ltr'>pontificatus</span> <span class='ocrx_word' id='word_1_314' title='bbox 1655 443 1752 479; x_wconf 85' lang='lat' dir='ltr'>nostri</span> <span class='ocrx_word' id='word_1_315' title='bbox 1763 455 1846 478; x_wconf 88' lang='lat' dir='ltr'>anno</span> <span class='ocrx_word' id='word_1_316' title='bbox 1859 442 1970 490; x_wconf 87' lang='lat' dir='ltr'>primo.</span> 
     </span>
    </p>
   </div>
   <div class='ocr_carea' id='block_1_6' title="bbox 1263 505 1933 547">
    <p class='ocr_par' dir='ltr' id='par_1_7' title="bbox 1263 505 1933 547">
     <span class='ocr_line' id='line_1_56' title="bbox 1263 505 1933 547; baseline -0.01 -6"><span class='ocrx_word' id='word_1_317' title='bbox 1263 512 1322 541; x_wconf 85' lang='lat' dir='ltr'>Dat.</span> <span class='ocrx_word' id='word_1_318' title='bbox 1343 510 1390 540; x_wconf 88' lang='lat' dir='ltr'>die</span> <span class='ocrx_word' id='word_1_319' title='bbox 1405 510 1444 541; x_wconf 68' lang='grc' dir='ltr'>ΞΟ</span> <span class='ocrx_word' id='word_1_320' title='bbox 1462 507 1581 547; x_wconf 79' lang='lat' dir='ltr'>augusti</span> <span class='ocrx_word' id='word_1_321' title='bbox 1598 506 1685 543; x_wconf 83' lang='lat'><strong>1317,</strong></span> <span class='ocrx_word' id='word_1_322' title='bbox 1701 505 1801 546; x_wconf 81' lang='lat' dir='ltr'>pontif.</span> <span class='ocrx_word' id='word_1_323' title='bbox 1821 514 1897 535; x_wconf 86' lang='lat' dir='ltr'>anno</span> <span class='ocrx_word' id='word_1_324' title='bbox 1915 513 1933 534; x_wconf 85' lang='lat' dir='ltr'>t.</span> 
     </span>
    </p>
   </div>
   <div class='ocr_carea' id='block_1_7' title="bbox 1529 579 1656 588">
    <p class='ocr_par' dir='ltr' id='par_1_8' title="bbox 1529 579 1656 588">
     <span class='ocr_line' id='line_1_57' title="bbox 1529 579 1656 588; baseline 0 2677"><span class='ocrx_word' id='word_1_325' title='bbox 1529 579 1656 588; x_wconf 95' lang='lat' dir='ltr'> </span> 
     </span>
    </p>
   </div>
   <div class='ocr_carea' id='block_1_8' title="bbox 1565 667 1634 702">
    <p class='ocr_par' dir='ltr' id='par_1_9' title="bbox 1565 667 1634 702">
     <span class='ocr_line' id='line_1_58' title="bbox 1565 667 1634 702; baseline -0.014 0"><span class='ocrx_word' id='word_1_326' title='bbox 1565 667 1634 702; x_wconf 87' lang='lat' dir='ltr'>Xll.</span> 
     </span>
    </p>
   </div>
   <div class='ocr_carea' id='block_1_9' title="bbox 1228 737 1977 933">
    <p class='ocr_par' dir='ltr' id='par_1_10' title="bbox 1228 737 1977 933">
     <span class='ocr_line' id='line_1_59' title="bbox 1228 737 1976 784; baseline -0.011 -6"><span class='ocrx_word' id='word_1_327' title='bbox 1228 744 1450 778; x_wconf 80' lang='lat' dir='ltr'>Ordinationes</span> <span class='ocrx_word' id='word_1_328' title='bbox 1471 749 1497 775; x_wconf 84' lang='lat' dir='ltr'>et</span> <span class='ocrx_word' id='word_1_329' title='bbox 1515 747 1630 775; x_wconf 76' lang='lat' dir='ltr'>statuta</span> <span class='ocrx_word' id='word_1_330' title='bbox 1648 751 1705 784; x_wconf 84' lang='lat' dir='ltr'>pro</span> <span class='ocrx_word' id='word_1_331' title='bbox 1728 739 1805 772; x_wconf 82' lang='lat' dir='ltr'>bono</span> <span class='ocrx_word' id='word_1_332' title='bbox 1832 737 1976 782; x_wconf 69' lang='lat' dir='ltr'>regimine</span> 
     </span>
     <span class='ocr_line' id='line_1_60' title="bbox 1274 788 1977 836; baseline -0.01 -10"><span class='ocrx_word' id='word_1_333' title='bbox 1274 794 1409 836; x_wconf 78' lang='lat' dir='ltr'>fratrum</span> <span class='ocrx_word' id='word_1_334' title='bbox 1443 792 1562 824; x_wconf 80' lang='lat' dir='ltr'>ordinis</span> <span class='ocrx_word' id='word_1_335' title='bbox 1598 789 1868 825; x_wconf 64' lang='lat' dir='ltr'>Grandimonten„</span> <span class='ocrx_word' id='word_1_336' title='bbox 1894 788 1977 820; x_wconf 78' lang='lat' dir='ltr'>eins-</span> 
     </span>
     <span class='ocr_line' id='line_1_61' title="bbox 1274 837 1977 886; baseline -0.01 -11"><span class='ocrx_word' id='word_1_337' title='bbox 1274 855 1330 886; x_wconf 76' lang='lat' dir='ltr'>que</span> <span class='ocrx_word' id='word_1_338' title='bbox 1346 842 1546 886; x_wconf 78' lang='lat' dir='ltr'>prioratuum</span> <span class='ocrx_word' id='word_1_339' title='bbox 1567 840 1759 883; x_wconf 80' lang='lat' dir='ltr'>aliorumque</span> <span class='ocrx_word' id='word_1_340' title='bbox 1781 839 1917 871; x_wconf 74' lang='lat' dir='ltr'>locorum</span> <span class='ocrx_word' id='word_1_341' title='bbox 1935 837 1977 869; x_wconf 77' lang='lat' dir='ltr'>ad</span> 
     </span>
     <span class='ocr_line' id='line_1_62' title="bbox 1274 887 1975 933; baseline -0.01 -8"><span class='ocrx_word' id='word_1_342' title='bbox 1274 892 1411 925; x_wconf 75' lang='lat' dir='ltr'>eumdem</span> <span class='ocrx_word' id='word_1_343' title='bbox 1432 889 1569 922; x_wconf 83' lang='lat' dir='ltr'>ordinem</span> <span class='ocrx_word' id='word_1_344' title='bbox 1587 888 1735 933; x_wconf 80' lang='lat' dir='ltr'>pertinen.</span> <span class='ocrx_word' id='word_1_345' title='bbox 1760 887 1898 932; x_wconf 80' lang='lat' dir='ltr'>definitio</span> <span class='ocrx_word' id='word_1_346' title='bbox 1920 889 1975 928; x_wconf 80' lang='grc'><strong>(1).</strong></span> 
     </span>
    </p>
   </div>
   <div class='ocr_carea' id='block_1_10' title="bbox 1490 957 1704 988">
    <p class='ocr_par' dir='ltr' id='par_1_11' title="bbox 1490 957 1704 988">
     <span class='ocr_line' id='line_1_63' title="bbox 1490 957 1704 988; baseline -0.009 0"><span class='ocrx_word' id='word_1_347' title='bbox 1490 957 1704 988; x_wconf 75' lang='lat' dir='ltr'>SUMMAntUM</span> 
     </span>
    </p>
   </div>
   <div class='ocr_carea' id='block_1_11' title="bbox 1227 1018 1977 1139">
    <p class='ocr_par' dir='ltr' id='par_1_12' title="bbox 1227 1018 1977 1139">
     <span class='ocr_line' id='line_1_64' title="bbox 1227 1018 1977 1053; baseline -0.007 0"><span class='ocrx_word' id='word_1_348' title='bbox 1227 1022 1415 1053; x_wconf 83' lang='lat' dir='ltr'>l‘rooemium.</span> <span class='ocrx_word' id='word_1_349' title='bbox 1441 1036 1480 1043; x_wconf 89' lang='lat'>--</span> <span class='ocrx_word' id='word_1_350' title='bbox 1506 1019 1561 1049; x_wconf 86' lang='lat' dir='ltr'>Pro</span> <span class='ocrx_word' id='word_1_351' title='bbox 1590 1019 1693 1048; x_wconf 85' lang='lat' dir='ltr'>ordine</span> <span class='ocrx_word' id='word_1_352' title='bbox 1711 1018 1977 1048; x_wconf 87' lang='lat' dir='ltr'>Grandimontense</span> 
     </span>
     <span class='ocr_line' id='line_1_65' title="bbox 1266 1061 1977 1096; baseline -0.007 0"><span class='ocrx_word' id='word_1_353' title='bbox 1266 1067 1356 1096; x_wconf 88' lang='lat' dir='ltr'>multa</span> <span class='ocrx_word' id='word_1_354' title='bbox 1378 1075 1392 1095; x_wconf 88' lang='lat' dir='ltr'>a</span> <span class='ocrx_word' id='word_1_355' title='bbox 1411 1064 1541 1094; x_wconf 88' lang='lat' dir='ltr'>Summis</span> <span class='ocrx_word' id='word_1_356' title='bbox 1559 1061 1751 1093; x_wconf 82' lang='lat' dir='ltr'>Pontificibus</span> <span class='ocrx_word' id='word_1_357' title='bbox 1766 1062 1843 1091; x_wconf 86' lang='lat' dir='ltr'>edita</span> <span class='ocrx_word' id='word_1_358' title='bbox 1859 1066 1977 1092; x_wconf 86' lang='lat' dir='ltr'>statuta.</span> 
     </span>
     <span class='ocr_line' id='line_1_66' title="bbox 1264 1106 1976 1139; baseline -0.006 0"><span class='ocrx_word' id='word_1_359' title='bbox 1264 1128 1303 1133; x_wconf 91' lang='lat'>—</span> <span class='ocrx_word' id='word_1_360' title='bbox 1324 1108 1530 1139; x_wconf 85' lang='lat' dir='ltr'>Monasterium</span> <span class='ocrx_word' id='word_1_361' title='bbox 1555 1107 1795 1136; x_wconf 78' lang='lat' dir='ltr'>Grandimonten.</span> <span class='ocrx_word' id='word_1_362' title='bbox 1819 1106 1909 1136; x_wconf 90' lang='lat' dir='ltr'>totius</span> <span class='ocrx_word' id='word_1_363' title='bbox 1931 1117 1976 1136; x_wconf 88' lang='lat' dir='ltr'>or-</span> 
     </span>
    </p>
   </div>
   <div class='ocr_carea' id='block_1_12' title="bbox 1266 1151 1980 1281">
    <p class='ocr_par' dir='ltr' id='par_1_13' title="bbox 1266 1151 1980 1281">
     <span class='ocr_line' id='line_1_67' title="bbox 1266 1151 1979 1192; baseline -0.007 -7"><span class='ocrx_word' id='word_1_364' title='bbox 1266 1155 1344 1185; x_wconf 89' lang='lat' dir='ltr'>dinis</span> <span class='ocrx_word' id='word_1_365' title='bbox 1376 1157 1472 1192; x_wconf 84' lang='lat' dir='ltr'>caput.</span> <span class='ocrx_word' id='word_1_366' title='bbox 1504 1169 1543 1174; x_wconf 90' lang='lat'>—-</span> <span class='ocrx_word' id='word_1_367' title='bbox 1578 1151 1632 1181; x_wconf 83' lang='lat' dir='ltr'>Per</span> <span class='ocrx_word' id='word_1_368' title='bbox 1659 1151 1810 1187; x_wconf 84' lang='lat' dir='ltr'>abbatem,</span> <span class='ocrx_word' id='word_1_369' title='bbox 1841 1160 1900 1180; x_wconf 89' lang='lat' dir='ltr'>non</span> <span class='ocrx_word' id='word_1_370' title='bbox 1929 1161 1979 1190; x_wconf 87' lang='lat' dir='ltr'>per</span> 
     </span>
     <span class='ocr_line' id='line_1_68' title="bbox 1267 1195 1979 1239; baseline -0.007 -10"><span class='ocrx_word' id='word_1_371' title='bbox 1267 1200 1394 1239; x_wconf 85' lang='lat' dir='ltr'>priorem</span> <span class='ocrx_word' id='word_1_372' title='bbox 1421 1197 1655 1236; x_wconf 79' lang='lat' dir='ltr'>gubernandum.</span> <span class='ocrx_word' id='word_1_373' title='bbox 1683 1212 1722 1217; x_wconf 92' lang='lat'>—</span> <span class='ocrx_word' id='word_1_374' title='bbox 1745 1195 1771 1224; x_wconf 86' lang='lat' dir='ltr'>t.</span> <span class='ocrx_word' id='word_1_375' title='bbox 1797 1195 1874 1225; x_wconf 89' lang='lat' dir='ltr'>Ordo</span> <span class='ocrx_word' id='word_1_376' title='bbox 1902 1196 1979 1225; x_wconf 85' lang='lat' dir='ltr'>divi-</span> 
     </span>
     <span class='ocr_line' id='line_1_69' title="bbox 1267 1239 1980 1281; baseline -0.008 -7"><span class='ocrx_word' id='word_1_377' title='bbox 1267 1245 1343 1274; x_wconf 88' lang='lat' dir='ltr'>ditur</span> <span class='ocrx_word' id='word_1_378' title='bbox 1367 1243 1397 1272; x_wconf 87' lang='lat' dir='ltr'>in</span> <span class='ocrx_word' id='word_1_379' title='bbox 1420 1242 1457 1272; x_wconf 72' lang='lat'>39</span> <span class='ocrx_word' id='word_1_380' title='bbox 1476 1241 1623 1281; x_wconf 86' lang='lat' dir='ltr'>prioratus</span> <span class='ocrx_word' id='word_1_381' title='bbox 1651 1239 1871 1269; x_wconf 81' lang='lat' dir='ltr'>conventuales.</span> <span class='ocrx_word' id='word_1_382' title='bbox 1893 1256 1932 1262; x_wconf 82' lang='lat'>—</span> <span class='ocrx_word' id='word_1_383' title='bbox 1953 1240 1980 1269; x_wconf 71' lang='lat'>2.</span> 
     </span>
    </p>
   </div>
   <div class='ocr_carea' id='block_1_13' title="bbox 1268 1284 1985 1634">
    <p class='ocr_par' dir='ltr' id='par_1_14' title="bbox 1268 1284 1985 1634">
     <span class='ocr_line' id='line_1_70' title="bbox 1268 1284 1981 1318; baseline -0.004 -1"><span class='ocrx_word' id='word_1_384' title='bbox 1268 1288 1297 1318; x_wconf 93' lang='lat' dir='ltr'>ln</span> <span class='ocrx_word' id='word_1_385' title='bbox 1315 1286 1494 1317; x_wconf 81' lang='lat' dir='ltr'>monasterio</span> <span class='ocrx_word' id='word_1_386' title='bbox 1512 1294 1578 1315; x_wconf 88' lang='lat' dir='ltr'>vero</span> <span class='ocrx_word' id='word_1_387' title='bbox 1597 1284 1800 1315; x_wconf 86' lang='lat' dir='ltr'>Grandimont.</span> <span class='ocrx_word' id='word_1_388' title='bbox 1819 1284 1858 1314; x_wconf 72' lang='lat'>60</span> <span class='ocrx_word' id='word_1_389' title='bbox 1876 1284 1981 1314; x_wconf 79' lang='lat' dir='ltr'>fratres</span> 
     </span>
     <span class='ocr_line' id='line_1_71' title="bbox 1269 1327 1980 1372; baseline -0.007 -10"><span class='ocrx_word' id='word_1_390' title='bbox 1269 1336 1383 1372; x_wconf 83' lang='lat' dir='ltr'>praeter</span> <span class='ocrx_word' id='word_1_391' title='bbox 1405 1339 1563 1360; x_wconf 86' lang='lat' dir='ltr'>conversos</span> <span class='ocrx_word' id='word_1_392' title='bbox 1585 1329 1653 1358; x_wconf 89' lang='lat' dir='ltr'>sint:</span> <span class='ocrx_word' id='word_1_393' title='bbox 1669 1345 1707 1350; x_wconf 93' lang='lat'>—</span> <span class='ocrx_word' id='word_1_394' title='bbox 1724 1328 1751 1357; x_wconf 88' lang='lat'>3.</span> <span class='ocrx_word' id='word_1_395' title='bbox 1770 1327 1825 1363; x_wconf 81' lang='lat' dir='ltr'>Qui</span> <span class='ocrx_word' id='word_1_396' title='bbox 1845 1327 1980 1358; x_wconf 87' lang='lat' dir='ltr'>abbatem</span> 
     </span>
     <span class='ocr_line' id='line_1_72' title="bbox 1269 1371 1983 1413; baseline -0.008 -6"><span class='ocrx_word' id='word_1_397' title='bbox 1269 1376 1411 1407; x_wconf 83' lang='lat' dir='ltr'>canonice</span> <span class='ocrx_word' id='word_1_398' title='bbox 1444 1375 1564 1413; x_wconf 72' lang='lat' dir='ltr'>eligant.</span> <span class='ocrx_word' id='word_1_399' title='bbox 1596 1390 1635 1396; x_wconf 91' lang='lat'>-—</span> <span class='ocrx_word' id='word_1_400' title='bbox 1656 1373 1685 1403; x_wconf 67' lang='lat' dir='ltr'>t.</span> <span class='ocrx_word' id='word_1_401' title='bbox 1710 1371 1749 1402; x_wconf 85' lang='lat' dir='ltr'>De</span> <span class='ocrx_word' id='word_1_402' title='bbox 1771 1372 1983 1402; x_wconf 81' lang='lat' dir='ltr'>visitatoribus.</span> 
     </span>
     <span class='ocr_line' id='line_1_73' title="bbox 1268 1417 1985 1451; baseline -0.007 -1"><span class='ocrx_word' id='word_1_403' title='bbox 1268 1439 1307 1444; x_wconf 83' lang='lat'>-—</span> <span class='ocrx_word' id='word_1_404' title='bbox 1335 1422 1361 1451; x_wconf 82' lang='lat'>5.</span> <span class='ocrx_word' id='word_1_405' title='bbox 1381 1420 1477 1450; x_wconf 83' lang='lat' dir='ltr'>Mensa</span> <span class='ocrx_word' id='word_1_406' title='bbox 1501 1418 1657 1449; x_wconf 83' lang='lat' dir='ltr'>abbatialis</span> <span class='ocrx_word' id='word_1_407' title='bbox 1676 1417 1915 1446; x_wconf 77' lang='lat' dir='ltr'>Grandimonten.</span> <span class='ocrx_word' id='word_1_408' title='bbox 1946 1435 1985 1439; x_wconf 88' lang='lat'>—-</span> 
     </span>
     <span class='ocr_line' id='line_1_74' title="bbox 1270 1461 1983 1501; baseline -0.007 -5"><span class='ocrx_word' id='word_1_409' title='bbox 1270 1468 1297 1496; x_wconf 76' lang='grc'>6.</span> <span class='ocrx_word' id='word_1_410' title='bbox 1314 1466 1448 1495; x_wconf 85' lang='lat' dir='ltr'>Priorum</span> <span class='ocrx_word' id='word_1_411' title='bbox 1469 1464 1573 1493; x_wconf 87' lang='lat' dir='ltr'>electio</span> <span class='ocrx_word' id='word_1_412' title='bbox 1597 1464 1626 1493; x_wconf 86' lang='lat' dir='ltr'>in</span> <span class='ocrx_word' id='word_1_413' title='bbox 1652 1461 1828 1501; x_wconf 85' lang='lat' dir='ltr'>prioratibus</span> <span class='ocrx_word' id='word_1_414' title='bbox 1852 1462 1887 1492; x_wconf 90' lang='lat' dir='ltr'>ad</span> <span class='ocrx_word' id='word_1_415' title='bbox 1909 1472 1983 1501; x_wconf 83' lang='lat' dir='ltr'>qnos</span> 
     </span>
     <span class='ocr_line' id='line_1_75' title="bbox 1271 1506 1983 1550; baseline -0.007 -9"><span class='ocrx_word' id='word_1_416' title='bbox 1271 1511 1424 1550; x_wconf 87' lang='lat' dir='ltr'>pertineat.</span> <span class='ocrx_word' id='word_1_417' title='bbox 1452 1526 1491 1531; x_wconf 91' lang='lat'><em>-</em></span> <span class='ocrx_word' id='word_1_418' title='bbox 1510 1509 1535 1537; x_wconf 84' lang='lat'>7.</span> <span class='ocrx_word' id='word_1_419' title='bbox 1555 1508 1702 1537; x_wconf 86' lang='lat' dir='ltr'>Numerus</span> <span class='ocrx_word' id='word_1_420' title='bbox 1727 1506 1850 1536; x_wconf 78' lang='lat' dir='ltr'>fratrum</span> <span class='ocrx_word' id='word_1_421' title='bbox 1873 1506 1902 1536; x_wconf 91' lang='lat' dir='ltr'>in</span> <span class='ocrx_word' id='word_1_422' title='bbox 1922 1508 1983 1536; x_wconf 86' lang='lat' dir='ltr'>eis—</span> 
     </span>
     <span class='ocr_line' id='line_1_76' title="bbox 1270 1550 1984 1585; baseline -0.007 0"><span class='ocrx_word' id='word_1_423' title='bbox 1270 1556 1346 1585; x_wconf 87' lang='lat' dir='ltr'>dem.</span> <span class='ocrx_word' id='word_1_424' title='bbox 1361 1571 1401 1576; x_wconf 93' lang='lat'>—</span> <span class='ocrx_word' id='word_1_425' title='bbox 1415 1556 1441 1584; x_wconf 76' lang='lat'>8.</span> <span class='ocrx_word' id='word_1_426' title='bbox 1465 1553 1503 1582; x_wconf 86' lang='lat' dir='ltr'>De</span> <span class='ocrx_word' id='word_1_427' title='bbox 1527 1553 1613 1582; x_wconf 91' lang='lat' dir='ltr'>modo</span> <span class='ocrx_word' id='word_1_428' title='bbox 1632 1551 1809 1581; x_wconf 84' lang='lat' dir='ltr'>visitationis</span> <span class='ocrx_word' id='word_1_429' title='bbox 1828 1550 1863 1580; x_wconf 86' lang='lat' dir='ltr'>ab</span> <span class='ocrx_word' id='word_1_430' title='bbox 1881 1550 1984 1581; x_wconf 87' lang='lat' dir='ltr'>abbate</span> 
     </span>
     <span class='ocr_line' id='line_1_77' title="bbox 1272 1595 1985 1634; baseline -0.007 -5"><span class='ocrx_word' id='word_1_431' title='bbox 1272 1599 1438 1634; x_wconf 75' lang='lat' dir='ltr'>faciendae,</span> <span class='ocrx_word' id='word_1_432' title='bbox 1461 1598 1592 1633; x_wconf 85' lang='lat' dir='ltr'>dierum,</span> <span class='ocrx_word' id='word_1_433' title='bbox 1623 1600 1652 1625; x_wconf 82' lang='lat' dir='ltr'>et</span> <span class='ocrx_word' id='word_1_434' title='bbox 1673 1595 1907 1634; x_wconf 86' lang='lat' dir='ltr'>equitaturarum</span> <span class='ocrx_word' id='word_1_435' title='bbox 1926 1604 1985 1625; x_wconf 89' lang='lat' dir='ltr'>nu—</span> 
     </span>
    </p>
   </div>
   <div class='ocr_carea' id='block_1_14' title="bbox 1273 1639 1990 1899">
    <p class='ocr_par' dir='ltr' id='par_1_15' title="bbox 1273 1639 1990 1899">
     <span class='ocr_line' id='line_1_78' title="bbox 1273 1639 1987 1679; baseline -0.008 -5"><span class='ocrx_word' id='word_1_436' title='bbox 1273 1654 1362 1675; x_wconf 85' lang='lat' dir='ltr'>mero.</span> <span class='ocrx_word' id='word_1_437' title='bbox 1379 1659 1418 1665; x_wconf 91' lang='lat'>—</span> <span class='ocrx_word' id='word_1_438' title='bbox 1435 1644 1462 1672; x_wconf 77' lang='lat'>9.</span> <span class='ocrx_word' id='word_1_439' title='bbox 1485 1641 1583 1671; x_wconf 80' lang='lat' dir='ltr'>Abbas</span> <span class='ocrx_word' id='word_1_440' title='bbox 1607 1640 1725 1679; x_wconf 82' lang='lat' dir='ltr'>quando</span> <span class='ocrx_word' id='word_1_441' title='bbox 1752 1639 1878 1669; x_wconf 90' lang='lat' dir='ltr'>voluerit</span> <span class='ocrx_word' id='word_1_442' title='bbox 1899 1649 1987 1678; x_wconf 82' lang='lat' dir='ltr'>gran-</span> 
     </span>
     <span class='ocr_line' id='line_1_79' title="bbox 1273 1683 1986 1727; baseline -0.007 -9"><span class='ocrx_word' id='word_1_443' title='bbox 1273 1690 1336 1727; x_wconf 68' lang='lat' dir='ltr'>gias</span> <span class='ocrx_word' id='word_1_444' title='bbox 1368 1687 1425 1717; x_wconf 88' lang='lat' dir='ltr'>sibi</span> <span class='ocrx_word' id='word_1_445' title='bbox 1455 1685 1552 1715; x_wconf 89' lang='lat' dir='ltr'>unitas</span> <span class='ocrx_word' id='word_1_446' title='bbox 1586 1688 1682 1723; x_wconf 87' lang='lat' dir='ltr'>potest</span> <span class='ocrx_word' id='word_1_447' title='bbox 1711 1683 1839 1713; x_wconf 84' lang='lat' dir='ltr'>visitare.</span> <span class='ocrx_word' id='word_1_448' title='bbox 1870 1700 1910 1705; x_wconf 93' lang='lat'>—</span> <span class='ocrx_word' id='word_1_449' title='bbox 1943 1684 1986 1713; x_wconf 84' lang='lat' dir='ltr'>to.</span> 
     </span>
     <span class='ocr_line' id='line_1_80' title="bbox 1273 1727 1986 1762; baseline -0.01 1"><span class='ocrx_word' id='word_1_450' title='bbox 1273 1732 1438 1762; x_wconf 87' lang='lat' dir='ltr'>Translatin</span> <span class='ocrx_word' id='word_1_451' title='bbox 1454 1728 1694 1760; x_wconf 85' lang='lat' dir='ltr'>conventualium</span> <span class='ocrx_word' id='word_1_452' title='bbox 1711 1727 1747 1756; x_wconf 89' lang='lat' dir='ltr'>ab</span> <span class='ocrx_word' id='word_1_453' title='bbox 1774 1737 1831 1757; x_wconf 91' lang='lat' dir='ltr'>una</span> <span class='ocrx_word' id='word_1_454' title='bbox 1848 1727 1883 1757; x_wconf 86' lang='lat' dir='ltr'>ad</span> <span class='ocrx_word' id='word_1_455' title='bbox 1900 1727 1986 1757; x_wconf 84' lang='lat' dir='ltr'>aliam</span> 
     </span>
     <span class='ocr_line' id='line_1_81' title="bbox 1275 1772 1986 1814; baseline -0.01 -6"><span class='ocrx_word' id='word_1_456' title='bbox 1275 1780 1394 1808; x_wconf 88' lang='lat' dir='ltr'>domum</span> <span class='ocrx_word' id='word_1_457' title='bbox 1414 1775 1524 1814; x_wconf 85' lang='lat' dir='ltr'>quibus</span> <span class='ocrx_word' id='word_1_458' title='bbox 1547 1774 1582 1804; x_wconf 88' lang='lat' dir='ltr'>de</span> <span class='ocrx_word' id='word_1_459' title='bbox 1601 1773 1701 1803; x_wconf 86' lang='lat' dir='ltr'>causis</span> <span class='ocrx_word' id='word_1_460' title='bbox 1725 1772 1868 1802; x_wconf 80' lang='lat' dir='ltr'>facienda.</span> <span class='ocrx_word' id='word_1_461' title='bbox 1884 1789 1923 1794; x_wconf 97' lang='lat'><strong>—</strong></span> <span class='ocrx_word' id='word_1_462' title='bbox 1942 1772 1986 1801; x_wconf 87' lang='lat'>11.</span> 
     </span>
     <span class='ocr_line' id='line_1_82' title="bbox 1276 1817 1990 1853; baseline -0.01 0"><span class='ocrx_word' id='word_1_463' title='bbox 1276 1824 1314 1853; x_wconf 84' lang='lat' dir='ltr'>De</span> <span class='ocrx_word' id='word_1_464' title='bbox 1337 1821 1487 1851; x_wconf 84' lang='lat' dir='ltr'>mittendis</span> <span class='ocrx_word' id='word_1_465' title='bbox 1511 1820 1545 1850; x_wconf 81' lang='lat' dir='ltr'>ad</span> <span class='ocrx_word' id='word_1_466' title='bbox 1580 1818 1676 1848; x_wconf 85' lang='lat' dir='ltr'>studia</span> <span class='ocrx_word' id='word_1_467' title='bbox 1707 1817 1857 1847; x_wconf 80' lang='lat' dir='ltr'>literarum</span> <span class='ocrx_word' id='word_1_468' title='bbox 1881 1821 1910 1847; x_wconf 87' lang='lat' dir='ltr'>et</span> <span class='ocrx_word' id='word_1_469' title='bbox 1935 1818 1990 1847; x_wconf 83' lang='lat' dir='ltr'>ali-</span> 
     </span>
     <span class='ocr_line' id='line_1_83' title="bbox 1277 1863 1990 1899; baseline -0.008 -1"><span class='ocrx_word' id='word_1_470' title='bbox 1277 1868 1382 1898; x_wconf 88' lang='lat' dir='ltr'>mentis</span> <span class='ocrx_word' id='word_1_471' title='bbox 1416 1867 1459 1895; x_wconf 91' lang='lat' dir='ltr'>eis</span> <span class='ocrx_word' id='word_1_472' title='bbox 1491 1863 1706 1894; x_wconf 85' lang='lat' dir='ltr'>ministrandis.</span> <span class='ocrx_word' id='word_1_473' title='bbox 1735 1879 1775 1885; x_wconf 90' lang='lat'>—-</span> <span class='ocrx_word' id='word_1_474' title='bbox 1801 1863 1848 1899; x_wconf 72' lang='lat'>1⁶2,</span> <span class='ocrx_word' id='word_1_475' title='bbox 1876 1863 1922 1893; x_wconf 86' lang='lat'>13.</span> <span class='ocrx_word' id='word_1_476' title='bbox 1950 1863 1990 1892; x_wconf 88' lang='lat' dir='ltr'>De</span> 
     </span>
    </p>
   </div>
   <div class='ocr_carea' id='block_1_15' title="bbox 1276 1907 1998 2620">
    <p class='ocr_par' dir='ltr' id='par_1_16' title="bbox 1276 1907 1998 2620">
     <span class='ocr_line' id='line_1_84' title="bbox 1276 1907 1989 1944; baseline -0.01 0"><span class='ocrx_word' id='word_1_477' title='bbox 1276 1913 1376 1944; x_wconf 80' lang='lat' dir='ltr'>causis</span> <span class='ocrx_word' id='word_1_478' title='bbox 1402 1916 1430 1941; x_wconf 89' lang='lat' dir='ltr'>et</span> <span class='ocrx_word' id='word_1_479' title='bbox 1452 1910 1536 1940; x_wconf 89' lang='lat' dir='ltr'>modo</span> <span class='ocrx_word' id='word_1_480' title='bbox 1560 1908 1714 1939; x_wconf 87' lang='lat' dir='ltr'>amovendi</span> <span class='ocrx_word' id='word_1_481' title='bbox 1737 1907 1874 1937; x_wconf 87' lang='lat' dir='ltr'>abbatem</span> <span class='ocrx_word' id='word_1_482' title='bbox 1893 1907 1989 1938; x_wconf 80' lang='lat' dir='ltr'>Gran-</span> 
     </span>
     <span class='ocr_line' id='line_1_85' title="bbox 1277 1954 1991 1996; baseline -0.01 -6"><span class='ocrx_word' id='word_1_483' title='bbox 1277 1961 1411 1996; x_wconf 88' lang='lat' dir='ltr'>dimont.,</span> <span class='ocrx_word' id='word_1_484' title='bbox 1430 1962 1622 1995; x_wconf 86' lang='lat' dir='ltr'>caeterosque</span> <span class='ocrx_word' id='word_1_485' title='bbox 1639 1955 1871 1994; x_wconf 62' lang='lat' dir='ltr'>priores—11.</span> <span class='ocrx_word' id='word_1_486' title='bbox 1885 1954 1991 1984; x_wconf 84' lang='lat' dir='ltr'>Contra</span> 
     </span>
     <span class='ocr_line' id='line_1_86' title="bbox 1278 2002 1992 2045; baseline -0.007 -9"><span class='ocrx_word' id='word_1_487' title='bbox 1278 2007 1407 2045; x_wconf 87' lang='lat' dir='ltr'>priorem</span> <span class='ocrx_word' id='word_1_488' title='bbox 1427 2004 1578 2034; x_wconf 88' lang='lat' dir='ltr'>absentem</span> <span class='ocrx_word' id='word_1_489' title='bbox 1598 2012 1654 2032; x_wconf 89' lang='lat' dir='ltr'>non</span> <span class='ocrx_word' id='word_1_490' title='bbox 1679 2002 1748 2032; x_wconf 83' lang='lat' dir='ltr'>licet</span> <span class='ocrx_word' id='word_1_491' title='bbox 1766 2003 1936 2040; x_wconf 87' lang='lat' dir='ltr'>procedere.</span> <span class='ocrx_word' id='word_1_492' title='bbox 1955 2020 1992 2025; x_wconf 87' lang='lat'><strong>—</strong></span> 
     </span>
     <span class='ocr_line' id='line_1_87' title="bbox 1284 2047 1992 2086; baseline -0.006 -4"><span class='ocrx_word' id='word_1_493' title='bbox 1284 2053 1327 2082; x_wconf 78' lang='lat'>15.</span> <span class='ocrx_word' id='word_1_494' title='bbox 1349 2051 1388 2081; x_wconf 87' lang='lat' dir='ltr'>De</span> <span class='ocrx_word' id='word_1_495' title='bbox 1411 2049 1565 2080; x_wconf 88' lang='lat' dir='ltr'>duratione</span> <span class='ocrx_word' id='word_1_496' title='bbox 1586 2047 1708 2086; x_wconf 89' lang='lat' dir='ltr'>capituli</span> <span class='ocrx_word' id='word_1_497' title='bbox 1727 2047 1886 2084; x_wconf 76' lang='lat' dir='ltr'>generalis,</span> <span class='ocrx_word' id='word_1_498' title='bbox 1908 2048 1992 2078; x_wconf 84' lang='lat' dir='ltr'>eius-</span> 
     </span>
     <span class='ocr_line' id='line_1_88' title="bbox 1279 2091 1994 2137; baseline -0.01 -9"><span class='ocrx_word' id='word_1_499' title='bbox 1279 2107 1336 2137; x_wconf 89' lang='lat' dir='ltr'>que</span> <span class='ocrx_word' id='word_1_500' title='bbox 1359 2095 1576 2135; x_wconf 79' lang='lat' dir='ltr'>prorogatione.</span> <span class='ocrx_word' id='word_1_501' title='bbox 1598 2110 1635 2115; x_wconf 89' lang='lat'>-—</span> <span class='ocrx_word' id='word_1_502' title='bbox 1665 2092 1711 2122; x_wconf 83' lang='grc'>16.</span> <span class='ocrx_word' id='word_1_503' title='bbox 1729 2091 1923 2122; x_wconf 84' lang='lat' dir='ltr'>Diffinitorum</span> <span class='ocrx_word' id='word_1_504' title='bbox 1952 2094 1994 2122; x_wconf 78' lang='lat' dir='ltr'>fa-</span> 
     </span>
     <span class='ocr_line' id='line_1_89' title="bbox 1279 2137 1995 2179; baseline -0.007 -7"><span class='ocrx_word' id='word_1_505' title='bbox 1279 2142 1373 2172; x_wconf 84' lang='lat' dir='ltr'>cultas</span> <span class='ocrx_word' id='word_1_506' title='bbox 1396 2139 1564 2179; x_wconf 86' lang='lat' dir='ltr'>complendi</span> <span class='ocrx_word' id='word_1_507' title='bbox 1588 2148 1631 2171; x_wconf 87' lang='lat' dir='ltr'>ea,</span> <span class='ocrx_word' id='word_1_508' title='bbox 1654 2146 1729 2176; x_wconf 70' lang='lat' dir='ltr'>quate</span> <span class='ocrx_word' id='word_1_509' title='bbox 1759 2137 1788 2166; x_wconf 91' lang='lat' dir='ltr'>in</span> <span class='ocrx_word' id='word_1_510' title='bbox 1815 2137 1918 2167; x_wconf 88' lang='lat' dir='ltr'>eodem</span> <span class='ocrx_word' id='word_1_511' title='bbox 1946 2148 1995 2167; x_wconf 82' lang='lat' dir='ltr'>ca-</span> 
     </span>
     <span class='ocr_line' id='line_1_90' title="bbox 1281 2181 1994 2226; baseline -0.008 -10"><span class='ocrx_word' id='word_1_512' title='bbox 1281 2186 1373 2226; x_wconf 90' lang='lat' dir='ltr'>pitulo</span> <span class='ocrx_word' id='word_1_513' title='bbox 1406 2184 1550 2224; x_wconf 86' lang='lat' dir='ltr'>completa</span> <span class='ocrx_word' id='word_1_514' title='bbox 1575 2192 1631 2212; x_wconf 90' lang='lat' dir='ltr'>non</span> <span class='ocrx_word' id='word_1_515' title='bbox 1663 2181 1784 2211; x_wconf 76' lang='lat' dir='ltr'>suerint.</span> <span class='ocrx_word' id='word_1_516' title='bbox 1815 2197 1852 2203; x_wconf 91' lang='lat'>—-</span> <span class='ocrx_word' id='word_1_517' title='bbox 1884 2181 1926 2211; x_wconf 82' lang='lat'>17.</span> <span class='ocrx_word' id='word_1_518' title='bbox 1955 2181 1994 2210; x_wconf 83' lang='lat' dir='ltr'>De</span> 
     </span>
     <span class='ocr_line' id='line_1_91' title="bbox 1281 2225 1995 2268; baseline -0.008 -8"><span class='ocrx_word' id='word_1_519' title='bbox 1281 2231 1327 2260; x_wconf 87' lang='lat' dir='ltr'>die</span> <span class='ocrx_word' id='word_1_520' title='bbox 1354 2228 1475 2268; x_wconf 88' lang='lat' dir='ltr'>capituli</span> <span class='ocrx_word' id='word_1_521' title='bbox 1508 2227 1646 2265; x_wconf 67' lang='lat' dir='ltr'>cogendi,</span> <span class='ocrx_word' id='word_1_522' title='bbox 1676 2230 1704 2256; x_wconf 90' lang='lat' dir='ltr'>et</span> <span class='ocrx_word' id='word_1_523' title='bbox 1726 2225 1916 2255; x_wconf 86' lang='lat' dir='ltr'>diffinitorum</span> <span class='ocrx_word' id='word_1_524' title='bbox 1940 2235 1995 2255; x_wconf 90' lang='lat' dir='ltr'>nu-</span> 
     </span>
     <span class='ocr_line' id='line_1_92' title="bbox 1282 2271 1996 2307; baseline -0.007 -3"><span class='ocrx_word' id='word_1_525' title='bbox 1282 2284 1370 2304; x_wconf 86' lang='lat' dir='ltr'>nicro.</span> <span class='ocrx_word' id='word_1_526' title='bbox 1393 2290 1431 2296; x_wconf 92' lang='lat'><em>-</em></span> <span class='ocrx_word' id='word_1_527' title='bbox 1448 2274 1493 2302; x_wconf 51' lang='lat'>«18.</span> <span class='ocrx_word' id='word_1_528' title='bbox 1515 2272 1571 2307; x_wconf 85' lang='lat' dir='ltr'>Qui</span> <span class='ocrx_word' id='word_1_529' title='bbox 1587 2272 1621 2301; x_wconf 89' lang='lat' dir='ltr'>ad</span> <span class='ocrx_word' id='word_1_530' title='bbox 1647 2271 1719 2301; x_wconf 88' lang='lat' dir='ltr'>illud</span> <span class='ocrx_word' id='word_1_531' title='bbox 1740 2275 1896 2300; x_wconf 86' lang='lat' dir='ltr'>teneantur</span> <span class='ocrx_word' id='word_1_532' title='bbox 1911 2279 1996 2299; x_wconf 81' lang='lat' dir='ltr'>acce-</span> 
     </span>
     <span class='ocr_line' id='line_1_93' title="bbox 1282 2315 1996 2353; baseline -0.007 -4"><span class='ocrx_word' id='word_1_533' title='bbox 1282 2321 1359 2350; x_wconf 86' lang='lat' dir='ltr'>dere.</span> <span class='ocrx_word' id='word_1_534' title='bbox 1382 2336 1421 2340; x_wconf 91' lang='lat'>—</span> <span class='ocrx_word' id='word_1_535' title='bbox 1439 2318 1486 2353; x_wconf 72' lang='lat' dir='ltr'>to,</span> <span class='ocrx_word' id='word_1_536' title='bbox 1504 2318 1551 2348; x_wconf 73' lang='lat'>020.</span> <span class='ocrx_word' id='word_1_537' title='bbox 1576 2317 1613 2346; x_wconf 86' lang='lat' dir='ltr'>De</span> <span class='ocrx_word' id='word_1_538' title='bbox 1632 2325 1755 2346; x_wconf 90' lang='lat' dir='ltr'>numero</span> <span class='ocrx_word' id='word_1_539' title='bbox 1774 2320 1801 2345; x_wconf 85' lang='lat' dir='ltr'>et</span> <span class='ocrx_word' id='word_1_540' title='bbox 1827 2315 1918 2344; x_wconf 80' lang='lat' dir='ltr'>forma</span> <span class='ocrx_word' id='word_1_541' title='bbox 1937 2315 1996 2345; x_wconf 83' lang='lat' dir='ltr'>ele-</span> 
     </span>
     <span class='ocr_line' id='line_1_94' title="bbox 1281 2359 1995 2399; baseline -0.006 -5"><span class='ocrx_word' id='word_1_542' title='bbox 1281 2365 1387 2394; x_wconf 83' lang='lat' dir='ltr'>ctionis</span> <span class='ocrx_word' id='word_1_543' title='bbox 1420 2363 1622 2393; x_wconf 81' lang='lat' dir='ltr'>diffinitorum.</span> <span class='ocrx_word' id='word_1_544' title='bbox 1648 2378 1687 2383; x_wconf 93' lang='lat'>—</span> <span class='ocrx_word' id='word_1_545' title='bbox 1715 2361 1762 2390; x_wconf 71' lang='lat'>⁶21.</span> <span class='ocrx_word' id='word_1_546' title='bbox 1792 2359 1831 2389; x_wconf 91' lang='lat' dir='ltr'>De</span> <span class='ocrx_word' id='word_1_547' title='bbox 1860 2361 1995 2399; x_wconf 77' lang='lat' dir='ltr'>expensis</span> 
     </span>
     <span class='ocr_line' id='line_1_95' title="bbox 1282 2404 1995 2448; baseline -0.008 -9"><span class='ocrx_word' id='word_1_548' title='bbox 1282 2409 1401 2448; x_wconf 86' lang='lat' dir='ltr'>capituli</span> <span class='ocrx_word' id='word_1_549' title='bbox 1422 2408 1567 2438; x_wconf 81' lang='lat' dir='ltr'>eiusdem.</span> <span class='ocrx_word' id='word_1_550' title='bbox 1585 2424 1624 2429; x_wconf 92' lang='lat'>—</span> <span class='ocrx_word' id='word_1_551' title='bbox 1641 2406 1689 2436; x_wconf 58' lang='lat'>2⁹2.</span> <span class='ocrx_word' id='word_1_552' title='bbox 1705 2405 1743 2434; x_wconf 85' lang='lat' dir='ltr'>De</span> <span class='ocrx_word' id='word_1_553' title='bbox 1762 2404 1847 2434; x_wconf 88' lang='lat' dir='ltr'>bonis</span> <span class='ocrx_word' id='word_1_554' title='bbox 1864 2405 1995 2443; x_wconf 87' lang='lat' dir='ltr'>priorum</span> 
     </span>
     <span class='ocr_line' id='line_1_96' title="bbox 1283 2447 1996 2486; baseline -0.01 -2"><span class='ocrx_word' id='word_1_555' title='bbox 1283 2454 1499 2484; x_wconf 83' lang='lat' dir='ltr'>decedentium.</span> <span class='ocrx_word' id='word_1_556' title='bbox 1516 2452 1613 2482; x_wconf 67' lang='lat'>-023.</span> <span class='ocrx_word' id='word_1_557' title='bbox 1628 2451 1780 2486; x_wconf 86' lang='lat' dir='ltr'>Quandam</span> <span class='ocrx_word' id='word_1_558' title='bbox 1799 2448 1959 2479; x_wconf 85' lang='lat' dir='ltr'>Clementis</span> <span class='ocrx_word' id='word_1_559' title='bbox 1975 2447 1996 2477; x_wconf 84' lang='lat' dir='ltr'>V</span> 
     </span>
     <span class='ocr_line' id='line_1_97' title="bbox 1283 2493 1994 2528; baseline -0.008 0"><span class='ocrx_word' id='word_1_560' title='bbox 1283 2499 1522 2528; x_wconf 83' lang='lat' dir='ltr'>constitutionem</span> <span class='ocrx_word' id='word_1_561' title='bbox 1546 2497 1707 2526; x_wconf 78' lang='lat' dir='ltr'>consu-inat.</span> <span class='ocrx_word' id='word_1_562' title='bbox 1730 2512 1769 2517; x_wconf 91' lang='grc'>--</span> <span class='ocrx_word' id='word_1_563' title='bbox 1788 2494 1836 2524; x_wconf 68' lang='lat' dir='ltr'>at.</span> <span class='ocrx_word' id='word_1_564' title='bbox 1857 2493 1994 2523; x_wconf 83' lang='lat' dir='ltr'>Firmitas</span> 
     </span>
     <span class='ocr_line' id='line_1_98' title="bbox 1283 2539 1998 2575; baseline -0.01 -1"><span class='ocrx_word' id='word_1_565' title='bbox 1283 2550 1311 2575; x_wconf 83' lang='lat' dir='ltr'>et</span> <span class='ocrx_word' id='word_1_566' title='bbox 1337 2543 1521 2574; x_wconf 85' lang='lat' dir='ltr'>observantia</span> <span class='ocrx_word' id='word_1_567' title='bbox 1550 2542 1675 2572; x_wconf 85' lang='lat' dir='ltr'>huiusce</span> <span class='ocrx_word' id='word_1_568' title='bbox 1704 2539 1935 2570; x_wconf 86' lang='lat' dir='ltr'>constitutionis.</span> <span class='ocrx_word' id='word_1_569' title='bbox 1960 2555 1998 2560; x_wconf 89' lang='lat'>—</span> 
     </span>
     <span class='ocr_line' id='line_1_99' title="bbox 1284 2579 1997 2620; baseline -0.013 -5"><span class='ocrx_word' id='word_1_570' title='bbox 1284 2586 1331 2614; x_wconf 61' lang='lat'>⁰25.</span> <span class='ocrx_word' id='word_1_571' title='bbox 1365 2582 1553 2614; x_wconf 85' lang='lat' dir='ltr'>Enumeratio</span> <span class='ocrx_word' id='word_1_572' title='bbox 1597 2581 1782 2620; x_wconf 77' lang='lat' dir='ltr'>singulorum</span> <span class='ocrx_word' id='word_1_573' title='bbox 1815 2579 1997 2620; x_wconf 87' lang='lat' dir='ltr'>prioratuum</span> 
     </span>
    </p>
   </div>
   <div class='ocr_carea' id='block_1_16' title="bbox 1280 2642 1775 2683">
    <p class='ocr_par' dir='ltr' id='par_1_17' title="bbox 1280 2642 1775 2683">
     <span class='ocr_line' id='line_1_100' title="bbox 1280 2642 1775 2683; baseline -0.01 -9"><span class='ocrx_word' id='word_1_574' title='bbox 1280 2648 1319 2683; x_wconf 87' lang='lat' dir='ltr'>(t)</span> <span class='ocrx_word' id='word_1_575' title='bbox 1339 2647 1377 2674; x_wconf 79' lang='lat' dir='ltr'>Ex</span> <span class='ocrx_word' id='word_1_576' title='bbox 1395 2647 1499 2681; x_wconf 80' lang='lat' dir='ltr'>Regest.</span> <span class='ocrx_word' id='word_1_577' title='bbox 1521 2645 1546 2672; x_wconf 89' lang='lat' dir='ltr'>in</span> <span class='ocrx_word' id='word_1_578' title='bbox 1564 2643 1674 2672; x_wconf 80' lang='lat' dir='ltr'>Archiv.</span> <span class='ocrx_word' id='word_1_579' title='bbox 1693 2642 1775 2670; x_wconf 83' lang='lat' dir='ltr'>Vatic.</span> 
     </span>
    </p>
   </div>
   <div class='ocr_carea' id='block_1_17' title="bbox 1986 238 2165 267">
    <p class='ocr_par' dir='ltr' id='par_1_18' title="bbox 1986 238 2165 267">
     <span class='ocr_line' id='line_1_101' title="bbox 1986 238 2165 267; baseline -0.006 -1"><span class='ocrx_word' id='word_1_580' title='bbox 1986 238 2036 266; x_wconf 79' lang='lat' dir='ltr'>An.</span> <span class='ocrx_word' id='word_1_581' title='bbox 2055 239 2083 265; x_wconf 89' lang='lat' dir='ltr'>C.</span> <span class='ocrx_word' id='word_1_582' title='bbox 2100 239 2165 267; x_wconf 67' lang='lat'><strong>¹517</strong></span> 
     </span>
    </p>
   </div>
   <div class='ocr_carea' id='block_1_18' title="bbox 2264 663 2274 1567">
    <p class='ocr_par' dir='ltr' id='par_1_19' title="bbox 2264 663 2274 1567">
     <span class='ocr_line' id='line_1_102' title="bbox 2264 663 2274 1567; baseline 0 0"><span class='ocrx_word' id='word_1_583' title='bbox 2264 663 2274 1567; x_wconf 95' lang='lat' dir='ltr'> </span> 
     </span>
    </p>
   </div>
  </div>
 </body>
</html>
