2274 3265
109 274 157 299 Αη.
175 273 203 299 C.
225 274 290 299 1555

940 272 1084 294 UtissANth
1107 272 1139 293 Vl
1163 273 1208 293 ΙῬ.

304 340 376 362 nem
402 340 520 370 verum,
545 327 708 374 proprium
734 328 762 361 in
788 333 917 373 utraque
944 334 1050 361 natura

303 384 396 424 atque
425 377 622 423 perfeetum,
653 390 712 411 uon
741 376 920 422 adoptivum
950 388 1052 423 neque

302 426 479 460 secundum
503 426 676 467 fantasiam,
695 426 747 460 sed
765 438 860 459 uuum
879 433 909 459 et
923 425 1050 459 unicum

302 475 417 510 Filium
436 476 490 510 Dei
508 476 537 510 in
554 475 677 509 duabus
692 484 721 510 et
740 488 775 508 ex
793 474 927 518 duabus,
950 474 1051 508 diviua

303 525 422 559 scilicet
438 533 467 558 et
491 525 638 566 humana,
663 525 791 567 naturis,
814 524 867 558 sed
899 524 928 557 in
957 524 1051 557 unius

304 574 461 608 Personae
492 574 728 619 singularitate,
764 573 988 619 iinpassibilem
1022 581 1051 606 et

305 623 513 658 immortalem
530 622 706 666 divinitate,
729 623 783 658 scd
809 623 837 656 iu
857 622 1050 656 humanitate

305 685 360 719 pro
389 672 480 707 nobis
507 681 536 706 et
558 672 657 706 salute
686 680 789 706 nostra
828 684 951 718 passum
983 684 1051 706 vera

303 722 404 756 carnis
433 723 603 768 passione,
638 730 798 755 mortuum
822 729 852 756 et
879 720 1052 767 sepultum,

302 779 332 804 et
365 771 569 806 descendisse
597 770 634 804 ad
661 772 799 810 inferos,
822 780 852 805 et
888 770 974 804 tertia
1003 770 1052 804 die

303 820 510 855 resurrexisse
534 833 549 854 a
573 820 705 854 mortuis
729 833 796 854 vcra
819 820 922 854 carnis
946 832 1051 854 resur-

302 870 453 909 rectione,
477 877 506 904 et
533 869 584 903 die
607 870 851 915 quadragesimo
868 878 936 915 post
953 882 1052 904 resur-

302 919 471 953 rectionem
500 932 571 953 cmn
600 931 705 957 carne,
729 932 789 964 qua
820 919 1000 962 resurrexit,
1023 928 1052 953 et

300 969 404 1003 anima
439 968 622 1002 ascendisse
657 968 693 1002 ad
723 969 861 1007 coelum,
884 976 914 1002 et
941 968 1052 1002 sedere

300 1017 337 1051 ad
366 1017 527 1051 dexteram
544 1017 661 1051 Patris:
687 1017 759 1051 iude
784 1026 947 1051 venturum
969 1018 1053 1051 iudi-

301 1079 371 1101 care
408 1067 492 1100 vivos
526 1075 556 1100 et
592 1074 756 1105 mortuos,
786 1074 815 1099 et
856 1066 1050 1100 redditurum

301 1116 475 1163 unicuique
490 1115 666 1150 secundum
691 1128 784 1162 opera
808 1128 876 1156 sua,
890 1116 954 1149 sive
972 1116 1050 1150 hona

302 1165 431 1205 fuerint,
453 1165 518 1199 sive
542 1164 631 1199 mala.

350 1214 369 1260 g
403 1218 435 1248 5.
469 1214 574 1248 Credo
600 1214 693 1248 etiam
721 1214 875 1260 Spiritum
899 1213 1050 1247 Sanctum

302 1264 427 1309 plenum
452 1271 481 1298 et
505 1263 691 1310 perfectum,
712 1275 884 1309 verumque
898 1261 998 1296 Deum
1014 1275 1050 1296 ex

301 1313 393 1347 Patre
413 1321 443 1347 et
465 1312 546 1347 Filio
563 1312 800 1359 procedentem,
814 1311 1004 1357 corequalem
1022 1319 1050 1345 et

301 1362 538 1398 coessentialem
562 1370 591 1396 et
620 1361 908 1408 coomnipotentem
929 1369 960 1394 et
976 1373 1052 1395 cose-

301 1421 426 1447 ternum
455 1424 509 1457 per
531 1411 636 1446 omnia
651 1411 733 1445 Patri
758 1418 788 1444 et
812 1410 900 1444 Filio.

349 1462 369 1508 S
399 1463 431 1495 6.
461 1460 564 1495 Credo
587 1460 667 1494 hanc
682 1460 827 1494 Sanctam
843 1459 1049 1497 Trinitatem,

300 1524 362 1546 non
388 1519 449 1545 tres
471 1509 567 1553 Deos,
584 1510 637 1544 sed
663 1522 759 1543 unum
784 1509 884 1544 Deum
907 1509 1051 1555 omnipo-

301 1569 428 1600 tentem,
456 1567 632 1603 aeternum,
656 1558 842 1593 invisibilem
870 1566 900 1593 et
923 1558 1051 1593 incom-

301 1609 496 1645 mutabilem.

350 1660 414 1707 §7-
435 1658 540 1694 Credo
562 1667 700 1693 sanctam
723 1657 909 1692 catholicam
934 1665 964 1691 et
979 1670 1052 1704 apo-

301 1711 442 1745 stolicam
477 1721 572 1743 unam
609 1721 678 1743 esse
712 1720 813 1742 veram
851 1707 1050 1750 Ecclesiam,

302 1760 331 1794 in
362 1772 423 1807 qua
461 1771 557 1793 unum
591 1758 682 1792 datur
723 1757 874 1804 baptisma
911 1765 941 1791 et
982 1770 1049 1791 vera

301 1809 443 1843 omnium
474 1808 617 1842 remissio
642 1815 852 1854 peccatorum.

350 1859 370 1903 ἓ
399 1860 430 1892 8.
460 1856 564 1892 Credo
591 1857 683 1891 etiam
709 1869 811 1890 veram
841 1856 1052 1890 resurrectio—

302 1903 373 1941 nem
401 1906 543 1941 eiusdem
572 1907 692 1949 carnis,
715 1919 809 1952 quam
834 1918 919 1939 nnnc
947 1914 1051 1951 gesta-

303 1969 384 1995 mus,
402 1966 431 1991 et
455 1964 547 1990 vitam
571 1964 740 1989 aeternam.

351 2006 371 2050 g
393 2008 425 2040 9.
453 2005 557 2039 Credo
580 2005 673 2039 etiam
695 2004 773 2038 'Novi
799 2012 829 2037 et
853 2003 974 2038 Eeteris
995 2003 1053 2037 Te-

302 2050 468 2094 stamenti,
492 2054 572 2089 idest
600 2054 688 2100 legis,
716 2062 744 2087 et
763 2053 1001 2099 prophetarum,
1023 2061 1053 2087 et

302 2104 518 2151 apostolorum
544 2116 642 2138 unum
667 2115 735 2137 esse
758 2111 921 2136 auctorem
952 2103 1051 2136 Deum

303 2163 333 2189 et
361 2154 532 2188 Dominum
553 2153 816 2198 omnipotentem.

352 2204 371 2251 S
404 2206 456 2237 10.
493 2202 597 2237 Credo
626 2202 707 2236 hanc
734 2214 803 2236 esse
828 2214 930 2235 veram
959 2200 1051 2235 fidem

302 2253 512 2295 catholicam,
548 2260 578 2287 et
606 2251 690 2297 quod
728 2251 807 2285 hanc
840 2263 936 2296 super
963 2250 1054 2285 dictis

303 2302 444 2338 articulis
479 2310 561 2336 tenet
593 2310 623 2334 et
665 2300 820 2347 praedicat
856 2309 1053 2334 sacrosancta

303 2352 445 2387 Romana
481 2351 646 2385 Ecclesia:
682 2360 711 2384 et
746 2357 873 2396 propter
915 2349 1055 2384 diversas

304 2403 451 2436 haereses
473 2413 488 2435 a
511 2400 701 2447 quibusdam
725 2411 761 2432 ex
785 2399 959 2445 ignorantia
972 2407 1002 2433 et
1017 2398 1054 2432 ab

304 2451 373 2485 aliis
395 2462 432 2484 ex
457 2449 573 2484 malitia
599 2448 793 2482 introductas
820 2448 896 2482 dicit
918 2456 947 2482 et
962 2460 1054 2494 prae-

304 2501 386 2535 dicat
414 2512 480 2543 eos,
508 2498 560 2546 qui
586 2507 654 2545 post
676 2497 866 2544 baptismum
882 2497 911 2531 in
929 2505 1054 2544 peccata

304 2549 478 2588 labuntur,
510 2561 571 2582 non
617 2546 877 2594 rebaptizandos,
913 2546 966 2581 sed
1001 2559 1056 2593 per

306 2611 407 2633 veram
436 2597 660 2645 poenitentiam
681 2609 810 2631 suorum
835 2608 927 2643 posse
948 2608 1055 2631 conse-

305 2649 358 2695 qui
398 2648 518 2682 veniam
552 2654 763 2695 peccatorum.
801 2645 893 2688 Quod
922 2646 946 2681 si
984 2658 1055 2681 vero

1096 326 1291 372 poenitentes
1323 327 1350 360 in
1374 327 1523 361 charitate
1547 327 1760 365 decesserint,
1789 340 1846 360 an-

1095 384 1220 421 tequam
1255 376 1360 421 dignis
1389 377 1600 422 poeniteutiae
1624 376 1778 409 fructibus
1806 376 1844 409 ‹le

1094 425 1271 458 commissis
1311 425 1514 459 satisfecerint
1556 435 1582 458 ct
1614 426 1762 467 omissis,
1785 438 1845 458 eo-

1096 486 1163 507 rum
1178 475 1297 507 animas
1312 475 1420 520 poenis
1436 474 1610 519 l'urgatorii
1628 484 1696 520 post
1714 483 1844 508 mortem

1096 524 1231 568 purgari,
1252 532 1282 556 r‘t
1309 524 1345 556 ad
1369 536 1539 568 poenarum
1566 523 1745 557 huiusmodi
1766 523 1845 557 alle-

1097 572 1263 607 viationem
1299 581 1327 605 et
1365 572 1580 606 liberationem
1612 572 1760 618 prodi-sse
1800 575 1845 605 eis

1096 621 1236 656 lidelium
1263 623 1404 655 vivorum
1428 621 1585 666 suffragia,
1609 621 1725 655 seilicet
1747 623 1845 655 sacri—

1096 671 1176 714 licia,
1204 672 1362 707 orationes
1383 680 1412 705 et
1427 670 1644 716 eleemosynas
1659 678 1687 703 et
1706 670 1761 704 alia
1781 672 1846 716 pic-

1096 720 1165 754 tatis
1187 722 1314 761 officia,
1349 732 1429 767 quae
1461 732 1475 753 a
1515 719 1661 753 lidchhus
1691 732 1745 765 pro
1779 721 1847 753 aliis

1097 769 1242 805 fidelibus
1270 771 1334 805 lieri
1352 777 1583 805 consueverunt
1603 768 1777 803 secundum
1794 769 1846 802 Er-

1096 819 1209 854 elesiae
1238 821 1387 855 instituta.

1148 871 1167 914 ,Ε
1196 873 1246 905 11.
1281 870 1385 905 Credo
1413 869 1507 903 etiam
1543 868 1667 902 illorum
1698 869 1845 909 animas,

1095 923 1146 969 qui
1172 929 1240 967 post
1263 932 1385 955 sacrum
1406 918 1564 964 Baptisma
1580 926 1761 963 suscepturi]
1781 918 1848 951 nul-

1096 972 1154 1006 lam
1179 970 1308 1004 omniuo
1339 977 1457 1015 peccati
1484 967 1635 1001 maculam
1662 966 1705 999 vel
1727 967 1755 999 in
1781 968 1847 1001 suis

1097 1021 1247 1054 hahentes
1278 1017 1465 1064 corporibus
1495 1017 1539 1050 vel
1567 1016 1684 1050 eisdem
1714 1025 1846 1055 exutae,

1097 1078 1188 1117 prout
1211 1069 1328 1102 dictum
1352 1075 1397 1101 est
1413 1066 1571 1113 superius,
1587 1073 1660 1099 suut
1683 1074 1844 1111 purgatae,

1098 1132 1126 1152 ιιι
1150 1118 1272 1153 coelum
1295 1129 1364 1150 mox
1384 1116 1490 1162 recipi.
1512 1115 1638 1148 Illorum
1658 1123 1763 1148 autem
1780 1116 1846 1148 ani-

1095 1181 1172 1211 mas,
1195 1168 1248 1213 qui
1274 1167 1302 1200 iu
1328 1165 1448 1199 mortali
1467 1172 1607 1211 peccato,
1625 1163 1670 1196 vel
1687 1176 1758 1197 cum
1776 1164 1843 1197 solo

1094 1216 1236 1263 originali
1257 1215 1426 1257 decedunt,
1449 1226 1519 1247 mox
1544 1214 1572 1246 in
1598 1213 1755 1246 infernum
1780 1213 1843 1247 de-

1093 1266 1256 1307 scendere,
1285 1265 1394 1311 poenis
1431 1271 1533 1297 tamen
1572 1262 1751 1308 disparibus
1787 1275 1844 1308 pu-

1095 1315 1237 1353 niendas,
1265 1315 1375 1348 eadem
1404 1321 1510 1347 sancta
1532 1311 1673 1345 Romana
1703 1311 1843 1345 Ecclesia

1094 1364 1194 1399 credit
1213 1373 1241 1397 et
1272 1363 1401 1397 firmiter
1429 1369 1597 1396 asseverat.
1627 1360 1665 1394 Et
1688 1361 1770 1407 quod
1797 1361 1844 1394 ui-

1095 1414 1266 1448 hilominus
1289 1413 1317 1446 in
1348 1412 1399 1446 die
1429 1411 1538 1444 ludicii
1567 1423 1677 1444 omues
1701 1410 1845 1444 homines

1092 1472 1164 1499 aute
1180 1462 1314 1498 tribunal
1331 1461 1450 1496 Christi
1475 1472 1546 1493 cum
1570 1460 1636 1494 suis
1659 1459 1845 1506 corporibus

1093 1513 1336 1561 comparebunt,
1360 1510 1511 1544 reddituri
1532 1509 1570 1543 de
1594 1509 1681 1543 sactis
1710 1509 1846 1555 propriis

1095 1564 1257 1598 rationem.

1142 1615 1162 1661 5³
1191 1615 1241 1647 12.
1266 1611 1382 1653 Credo,
1399 1611 1478 1645 sicut
1503 1610 1594 1643 etiam
1613 1616 1696 1643 tenet
1712 1619 1740 1644 et
1755 1610 1847 1644 docet

1093 1663 1201 1697 eadem
1216 1662 1357 1696 Ecclesia
1372 1660 1477 1697 Rom,
1488 1667 1607 1706 septem
1621 1671 1690 1693 esse
1703 1659 1848 1694 ecclesia-

1094 1714 1168 1747 stica
1195 1719 1401 1750 sacramenta,
1423 1722 1520 1743 unum
1539 1709 1657 1743 scilicet
1675 1708 1846 1755 Baptisma,

1094 1763 1209 1808 dequo
1232 1762 1348 1795 dictum
1373 1768 1419 1793 est
1441 1772 1546 1805 supra.
1564 1758 1656 1792 Aliud
1680 1769 1725 1793 est
1742 1770 1846 1792 sacra-

1095 1820 1235 1847 mentum
1260 1809 1535 1851 Confirmationis,
1554 1808 1638 1855 quod
1661 1821 1714 1854 per
1735 1820 1847 1842 manus

1096 1861 1329 1908 impositionem
1341 1858 1480 1905 episcopi
1493 1858 1659 1892 conserunt
1668 1858 1847 1892 crismando

1096 1920 1229 1945 renatos.
1260 1909 1354 1943 Aliud
1378 1916 1426 1942 est
1450 1908 1657 1942 poenitentia.
1684 1907 1777 1941 Aliud
1798 1917 1846 1942 est

1095 1960 1304 1995 Eucharistia.
1334 1957 1427 1992 Aliud
1454 1965 1502 1992 est
1524 1965 1758 1991 sacramentum
1787 1956 1847 1991 Or—

1095 2010 1189 2044 dinis.
1214 2008 1309 2043 Aliud
1333 2007 1582 2041 Matrimonium.
1608 2006 1701 2040 Aliud
1726 2015 1770 2040 est
1788 2006 1847 2041 Ex-

1096 2069 1193 2094 trema
1218 2058 1343 2099 Unctio,
1366 2069 1446 2103 quae
1464 2056 1642 2090 secundum
1666 2055 1844 2090 doctrinam

1097 2108 1176 2142 heati
1200 2107 1302 2141 Iacobi
1328 2106 1560 2141 infirmantibus
1582 2105 1754 2139 exhibetur.
1785 2104 1847 2139 Sa-

1096 2166 1256 2192 cramenta
1279 2156 1499 2191 Eucharistiae
1522 2167 1558 2189 ex
1580 2155 1680 2189 azimo
1694 2154 1846 2189 sacrificat

1096 2207 1235 2242 Ecclesia
1258 2206 1399 2240 Romana
1420 2205 1589 2251 praedicta,
1614 2212 1725 2238 tenens
1746 2212 1776 2238 et
1789 2204 1847 2238 do-

1096 2269 1181 2293 cens,
1204 2256 1286 2302 quod
1316 2256 1345 2289 in
1372 2256 1438 2301 ipso
1454 2261 1649 2288 sacramento
1673 2253 1762 2300 panis
1778 2266 1847 2288 vere

1097 2313 1324 2340 transmutatur
1348 2305 1377 2338 in
1392 2304 1527 2349 Corpus,
1552 2311 1581 2337 et
1601 2303 1707 2336 vinum
1725 2302 1753 2336 iu
1772 2303 1850 2338 San-

1096 2355 1225 2401 guinem
1250 2354 1376 2388 Domini
1408 2353 1504 2387 nostri
1543 2352 1611 2386 lesu
1640 2351 1771 2386 Christi.
1801 2352 1846 2386 De

1098 2404 1297 2438 Matrimonio
1318 2415 1389 2437 vero
1414 2410 1508 2445 tenet,
1526 2401 1608 2448 quod
1629 2413 1685 2434 uec
1702 2414 1785 2435 unus
1802 2402 1847 2435 vir

1097 2453 1190 2487 simul
1208 2453 1323 2487 habere
1348 2451 1537 2499 permittitur
1560 2451 1663 2496 plures
1687 2453 1729 2492 (1)
1754 2451 1847 2485 viros.

1097 2502 1208 2537 Soluta
1238 2514 1309 2536 vero
1337 2502 1405 2547 lege
1429 2500 1621 2535 matrimonii
1646 2512 1700 2545 per
1716 2508 1848 2534 mortem

1097 2552 1279 2586 alterutrius
1307 2551 1492 2595 coniugum,
1514 2549 1669 2584 secundas
1692 2557 1719 2582 et
1744 2550 1850 2583 tertias

1132 2620 1170 2653 (l)
1182 2618 1339 2645 Addendum
1357 2618 1454 2644 forsan:
1470 2619 1601 2647 ιηιιὶίενθε,
1621 2625 1666 2642 nec
1678 2625 1731 2642 ιυια
1753 2618 1848 2641 nzulier

1097 2661 1175 2685 simul
1186 2661 1281 2685 habere
1290 2660 1460 2691 permiti-‘cur
1470 2659 1573 2689 plures.
