2274 3265
111 284 158 312 An.
176 284 204 311 C.
223 285 289 311 1525

805 282 942 307 tonnas
969 283 1027 306 xxi
1054 271 1160 314 (dictus
1181 274 1260 313 xxii)
1282 282 1331 304 Pr.
1718 270 1785 303 515

304 339 399 374 robur
424 339 568 375 obtinere
595 338 859 374 incommutabilis
881 338 1045 382 firmitatis,

1436 336 1501 371 XL.

303 394 484 428 auctoritate
498 394 654 441 praedicta
668 393 838 427 districtius
856 392 1046 436 inhibemus,
1090 405 1204 438 00„er
1225 405 1358 437 ineuntes
1375 405 1497 447 foedera
1519 416 1586 438 cum
1612 406 1767 439 haeresim-5
1782 413 1834 440 am

305 459 343 482 ne
375 447 489 495 aliquis
514 449 742 494 cuiuscumque
771 447 1044 493 praeeminentiae,

303 501 442 541 ordinis,
469 502 659 537 conditionis
686 509 738 535 aut
772 508 894 542 statuS,
921 500 1042 534 etiamsi

303 556 562 604 archiepiscopali
598 557 643 591 vel
677 555 846 602 episcopali
876 566 930 589 seu
960 554 1043 599 regia

303 615 492 662 praefulgeat
515 615 674 662 dignitate,
713 613 891 647 huiusmodi
921 612 1044 647 ordina-

304 669 419 704 tionem
453 669 545 705 Sedis
582 668 721 704 eiusdem
755 667 867 714 quovis
901 668 1042 714 quaesito

302 724 406 759 colore
437 725 483 759 vel
512 723 623 763 modo,
651 723 716 757 sive
744 734 834 756 causa
865 721 908 755 vel
944 734 1042 756 occa—

301 778 390 813 sione
423 778 561 825 qualibet
595 777 796 815 adinventis,
820 776 944 810 turbare
984 788 1039 810 seu

300 831 535 879 quomodolibet
577 831 727 878 impedire
764 840 951 877 praesumat.
979 830 1042 866 Nos

299 886 381 920 enim
395 898 431 920 ex
447 898 529 920 nunc
545 886 665 920 irritum
683 885 882 920 decernimus
894 893 922 919 et
939 886 1042 928 inane,

297 941 322 973 si
361 952 453 974 secus
492 953 588 987 super
618 940 676 975 lioc
706 953 759 986 per
794 952 1042 987 quemcumque,

297 994 407 1041 quavis
443 995 646 1033 auctoritate,
683 994 847 1040 contigerit
884 995 1039 1029 attentari.

297 1048 336 1082 Et
371 1048 574 1083 nihilominus
609 1049 638 1082 in
672 1061 754 1091 eos,
789 1048 840 1095 qui
883 1061 919 1081 ex
956 1057 1038 1082 certa

296 1101 425 1135 scientia
441 1102 627 1136 eontrarium
652 1101 762 1149 quovis
782 1101 874 1135 modo
889 1109 1040 1135 attentare

297 1156 579 1202 praesumpserint,
607 1155 960 1195 excommunicationis‚
984 1168 1039 1189 su-

295 1210 473 1256 spensionis
511 1218 541 1244 et
581 1210 734 1244 interdicti
766 1210 937 1244 sententias
965 1223 1039 1256 pro-

295 1264 488 1310 mulgamus3
511 1278 525 1298 a
549 1265 663 1311 quibus
680 1264 782 1298 nullus
804 1264 842 1298 ab
857 1264 927 1307 alio,
943 1276 1037 1311 quam

295 1331 310 1352 a
343 1317 485 1352 Romano
519 1317 683 1361 pontifice,
710 1317 954 1360 absolutionem,
983 1331 1038 1352 su-

295 1373 494 1420 spensionem
524 1372 568 1407 vel
590 1372 824 1411 relaxationem,
854 1373 912 1406 nisi
941 1372 1037 1407 duin-

295 1436 375 1462 taxat
397 1429 427 1462 in
450 1428 559 1462 mortis
583 1427 732 1468 articulo,
767 1427 805 1461 ab
838 1427 948 1461 eadem
976 1439 1037 1461 ex-

293 1482 589 1517 communicationis
627 1482 779 1516 sententia
816 1482 914 1516 valeat
952 1481 1039 1515 obti-

294 1549 378 1571 nere.
414 1536 507 1578 Quod
548 1537 571 1571 si
606 1536 742 1583 aliquem
779 1537 806 1569 in
845 1537 955 1571 mortis
987 1549 1037 1570 ar-

292 1592 385 1625 ticulo
408 1603 423 1625 a
437 1591 516 1626 dicta
533 1592 869 1626 excommunicationis
882 1591 1035 1625 sententia

291 1647 451 1692 contingat
481 1645 621 1685 absolvi,
650 1646 706 1679 nisi
743 1654 811 1692 post
844 1653 1034 1692 resumptam

290 1700 570 1735 convalescentiam
595 1728 602 1738 ,
645 1701 833 1748 quamcitius
871 1700 1037 1734 commode

290 1755 419 1801 poterit.
461 1754 635 1801 apostolico
670 1755 853 1801 conspectui
886 1766 919 1789 se
948 1767 1037 1801 prae-

289 1816 402 1848 sentet,
431 1807 610 1843 mandatum
636 1807 766 1842 Romani
791 1809 954 1843 pontificis
978 1810 1037 1843 liu-

289 1862 403 1897 militer
423 1875 519 1909 super
547 1862 604 1896 boc
633 1872 828 1910 recepturus,
848 1864 992 1898 volumus
1007 1873 1037 1899 et

290 1917 501 1956 decernimus,
525 1917 593 1951 licet
622 1918 659 1951 sit
683 1917 757 1952 satis
784 1931 799 1951 a
834 1918 899 1953 iure
929 1919 1037 1965 provi-

288 1984 371 2015 sum,
390 1971 473 2017 quod
499 1971 527 2005 in
551 1971 681 2006 eandem
699 1973 1037 2008 excommunicationis

289 2025 474 2060 sententiam
504 2026 619 2060 recidat
649 2025 717 2072 ipso
745 2026 836 2060 sacto.

338 2078 421 2114 Nulli
441 2092 516 2125 ergo
531 2080 659 2114 omnino
673 2080 836 2114 hominum
854 2081 942 2115 liceat
957 2081 1037 2117 lianc

291 2134 432 2180 paginam
455 2142 628 2169 nostrarum
649 2135 899 2181 exemptionum,
925 2136 1037 2170 libera-

291 2188 422 2231 tionum,
436 2189 614 2227 erectionis,
635 2189 865 2236 insignitionis,
887 2191 1037 2225 constitu-

291 2243 428 2281 tionum,
460 2242 669 2287 voluntatum,
696 2244 934 2290 assignationis.
960 2257 1037 2279 con-

295 2298 470 2336 cessionis,
542 2298 733 2337 donationis,
801 2299 1036 2345 deputationis,

289 2350 532 2398 applicationis,
569 2351 789 2392 translationis,
834 2353 1035 2397 cassationis,

289 2405 471 2440 irritationis
486 2433 494 2447 ,
544 2407 748 2441 revocationis
764 2434 772 2447 ,
821 2407 1012 2441 vacuationis
1028 2435 1035 2448 ‚

289 2459 507 2500 absolutionis,
539 2459 746 2500 liberationis,
782 2461 976 2496 inhibitionis
1005 2469 1035 2496 et

292 2514 554 2560 promulgationis
572 2514 758 2562 infringere,
779 2523 832 2549 etc.

340 2568 455 2603 Datum
479 2568 652 2609 Avenione,
675 2570 767 2604 tertio
787 2569 911 2604 decimo
927 2569 1034 2604 kalen-

289 2617 345 2652 das
366 2618 444 2658 iulii,
473 2619 671 2665 pontificatus
695 2619 791 2653 nostri
819 2624 902 2653 anno
929 2631 974 2653 lx.

329 2674 388 2705 Dat.
408 2676 454 2706 die
482 2676 514 2706 19
532 2675 606 2706 iunii
629 2676 714 2713 1325,
738 2676 837 2716 pontif.
860 2686 935 2706 anno
959 2685 995 2706 ix.

1185 455 1248 487 alio
1274 454 1379 497 quovis
1411 455 1500 486 modo
1525 455 1566 487 eis
1591 455 1733 497 faventes.

1356 516 1568 548 sunit-imum

1086 573 1195 602 Causae
1218 572 1387 602 condendae
1410 571 1490 609 legis.
1512 590 1546 594 -——
1571 573 1591 601 Ι.
1612 572 1831 604 Procedenduni

1126 620 1224 646 contra
1248 614 1424 656 culpabiles.

1085 679 1194 707 Ioannes
1214 679 1354 714 episcopus
1373 685 1466 706 servus
1486 685 1624 706 servorum
1654 678 1708 712 Dei.
1734 679 1834 710 diiecto

1129 723 1185 752 filio
1203 723 1344 752 Lamberto
1364 723 1395 752 do
1415 724 1505 752 ordine
1525 722 1647 752 fratrum
1659 723 1831 754 Praedicato-

1127 775 1198 801 rum,
1217 768 1377 804 inquisitori
1394 768 1547 796 haereticae
1566 769 1717 804 pravitatis
1735 769 1763 798 in
1792 770 1831 798 in·

1130 813 1225 843 feriori
1249 815 1328 850 parte
1366 814 1548 846 Lombardiae,
1580 814 1698 843 salutem
1721 816 1751 844 et
1770 821 1832 851 apo·

1129 859 1256 888 stolicam
1274 859 1497 889 benedictionem.

1133 917 1214 953 Cum
1240 917 1380 951 nonnulli
1404 917 1442 951 de
1462 919 1616 964 provincia
1644 918 1832 954 Romandio-

1085 967 1130 1002 lae
1148 996 1155 1008 ,
1187 976 1248 1001 tam
1272 967 1377 1002 clerici
1393 995 1402 1011 ,
1424 980 1516 1014 quam
1546 967 1637 1011 laici,
1672 968 1773 1004 Deum
1800 979 1830 1005 et

1085 1017 1258 1052 Romanam
1283 1026 1412 1051 matrem
1440 1017 1613 1053 Ecclesiam
1642 1018 1801 1055 offendere
1822 1049 1828 1061 ,

1084 1080 1179 1114 seque
1223 1067 1252 1100 in
1296 1067 1512 1114 praecipitium
1553 1068 1762 1104 damnationis
1799 1079 1828 1105 et

1084 1117 1193 1151 mortis
1227 1117 1410 1163 immergere
1445 1129 1505 1151 non
1552 1126 1714 1161 verentes‘,
1748 1119 1827 1154 adeo

1084 1166 1183 1200 favere
1210 1174 1239 1200 et
1264 1166 1373 1200 favisse
1401 1166 1542 1200 dicantur
1569 1166 1724 1202 damnatis
1746 1168 1828 1203 hae—

1083 1216 1198 1256 reticis,
1215 1215 1517 1257 confoederationes,
1532 1216 1647 1262 ligaset
1665 1218 1830 1253 societates

1083 1264 1221 1299 ineundo
1243 1277 1312 1298 cuni
1337 1265 1426 1311 ipsis,
1450 1276 1567 1312 eosque
1592 1267 1781 1312 receptando
1801 1279 1826 1303 et

1081 1315 1140 1349 sibi
1164 1315 1352 1361 praestando
1374 1314 1591 1360 multipliciter
1614 1317 1740 1356 auxilia,
1756 1330 1830 1352 con-

1082 1364 1150 1398 silia
1178 1372 1207 1398 et
1231 1364 1363 1408 favores,
1385 1365 1467 1410 quod
1491 1364 1529 1399 de
1552 1365 1620 1400 labe
1644 1366 1781 1401 haeresis
1795 1379 1829 1402 se

1082 1414 1288 1449 reddiderunt
1315 1423 1343 1447 et
1380 1414 1515 1449 reddunt
1544 1415 1745 1451 vehementer
1771 1429 1829 1452 su-

1080 1473 1215 1512 spectos.

1129 1515 1148 1562 g
1175 1519 1201 1549 1.
1222 1513 1285 1548 Nos
1299 1522 1359 1548 tam
1375 1515 1526 1560 ipsorum,
1542 1528 1635 1562 quam
1655 1517 1824 1552 inultorum

1079 1565 1208 1599 aliorum
1224 1564 1385 1612 periculiS,
1408 1578 1443 1599 ex
1461 1565 1640 1611 praemissis
1657 1566 1827 1602 imminen-

1081 1614 1173 1654 tibus,
1197 1614 1321 1649 obviare
1348 1614 1514 1650 salubriter
1546 1616 1734 1663 cupientes:
1769 1617 1825 1652 di·-

1080 1664 1227 1699 scretioni
1251 1673 1321 1698 tuae
1344 1666 1513 1711 apostolica
1535 1666 1718 1700 auctoritate
1744 1680 1827 1702 man-

1079 1715 1213 1754 damus,
1244 1722 1399 1760 quatenus
1421 1724 1528 1750 contra
1553 1716 1689 1751 fautores
1716 1716 1826 1751 huius-

1079 1765 1163 1799 modi
1186 1773 1216 1797 et
1239 1763 1315 1798 alios
1330 1765 1486 1811 quoslibet
1509 1765 1547 1801 de
1566 1766 1698 1801 crimine
1722 1767 1825 1814 pravi-

1079 1815 1149 1849 tatis
1177 1814 1350 1849 haereticae
1373 1814 1546 1861 culpabiles
1570 1816 1614 1850 vel
1647 1824 1826 1863 suspectos,

1079 1865 1124 1899 sic
1147 1865 1278 1899 solerter
1304 1865 1479 1900 secundani
1510 1866 1640 1901 formam
1670 1878 1825 1902 canonum

1079 1927 1113 1947 ac
1130 1914 1361 1961 privilegiorum
1377 1927 1600 1950 concessorum
1615 1916 1826 1963 inquisitionis

1079 1964 1181 1998 officio
1217 1964 1385 2012 procedere
1422 1978 1482 1999 uon
1515 1975 1703 2012 postponas,-
1738 1967 1824 2014 quod

1081 2014 1151 2048 inde
1185 2014 1294 2049 debeat
1323 2022 1374 2049 tua
1409 2014 1570 2062 diligentia
1594 2016 1706 2051 merito
1734 2029 1824 2052 com-

1080 2063 1233 2098 mendari.

1128 2112 1197 2148 Dat.
1221 2114 1388 2153 Avinione,
1419 2117 1459 2148 1⁶2
1482 2113 1541 2149 kal.
1561 2115 1824 2163 septemb.‚pont.

1080 2173 1174 2198 nostri
1198 2176 1279 2198 anno
1307 2178 1334 2198 x.

1131 2216 1191 2247 Dat.
1207 2218 1253 2247 die
1269 2218 1302 2249 321
1322 2219 1438 2257 augusti
1460 2217 1542 2255 1326,
1561 2222 1637 2258 pont.
1654 2228 1731 2249 anno
1745 2227 1770 2250 x.

1412 2319 1492 2354 XLl.

1079 2379 1193 2412 Contra
1230 2379 1418 2411 immolantes
1451 2380 1657 2417 daemonibus,
1691 2386 1744 2412 aut
1774 2391 1824 2413 re—

1126 2439 1236 2472 sponsa
1268 2434 1293 2460 et
1319 2429 1444 2461 auxilia
1478 2429 1517 2461 ab
1548 2429 1589 2461 eis
1620 2429 1822 2473 postulantes:

1127 2479 1187 2510 sive
1214 2484 1339 2510 tenentes
1366 2478 1458 2511 libros
1484 2479 1520 2511 de
1545 2479 1693 2512 eiusmodi
1712 2480 1825 2512 errori-

1128 2528 1181 2560 bus
1202 2533 1373 2560 tractantes.

1346 2582 1557 2614 SUMMARiUM

1077 2637 1262 2667 Prooemium,
1294 2654 1332 2659 -
1364 2638 1389 2666 1.
1422 2637 1618 2667 Daemonibus
1651 2638 1802 2668 immolare
1815 2662 1822 2673 ,

1117 2678 1329 2716 superstitiosis
1349 2677 1497 2715 insistere,
1512 2679 1619 2708 auxilia
1638 2684 1665 2709 et
1680 2688 1820 2718 responsa

1851 282 1898 308 An.
1919 281 1946 308 C.
1967 282 2034 309 ¹326

1854 932 1931 953 Causae
1939 935 2029 954 conden-

1846 963 1884 985 dae
1901 964 1953 988 lezts

1855 1527 2011 1548 Procedendum

1841 1562 1914 1580 eontra
1930 1559 2027 1585 culpabi·

1841 1591 1879 1611 les*
