2274 3265
167 261 218 287 An.
237 259 264 285 C.
286 258 351 287 1556

416 249 485 280 564

958 253 1056 275 unua
1063 253 1143 275 imm
1168 251 1328 273 ttOMANvM

366 326 427 360 que
471 310 671 346 laudabiliter
713 318 741 343 et
776 309 917 343 honeste.
947 306 1114 342 Provideat
1157 305 1232 351 giuti
1269 304 1385 343 libris;
1423 304 1448 337 si
1477 314 1550 337 vero
1587 302 1750 348 pauciores
1779 313 1910 335 numero

368 363 509 408 insuper,
531 359 614 407 quod
638 358 712 392 dicti
736 357 857 392 monaci
882 357 1045 392 studentes
1060 368 1115 391 ex-

368 422 480 458 pensas
503 409 612 444 faciunt
643 407 819 442 moderatas
845 414 875 441 et
911 418 972 440 nou
997 418 1108 452 super-

367 460 447 495 fluas
475 459 519 493 vet
546 458 746 504 aliquatenus
767 456 967 495 excessivas;
1000 466 1115 501 eosque

367 517 456 556 rogat
484 508 521 542 ad
551 506 746 541 reddendum
779 505 818 540 de
842 505 976 550 receptis
1003 512 1033 538 et
1060 515 1116 537 ex—

369 557 515 605 pensisin
540 556 600 590 fine
623 555 796 590 cuiuslibet
820 553 1008 596 niensis-(vet
1026 560 1114 599 prout

367 607 444 643 alias
466 606 525 641 sibi
551 605 706 646 videatur)
729 602 879 638 rationein
905 603 945 635 illi
976 602 1021 635 iel
1058 600 1117 634 illis

370 656 509 704 providis
530 663 559 689 et
583 654 740 697 discretis,
763 666 843 700 quos
867 651 948 686 idem
970 651 1054 696 prior
1081 650 1116 683 ad

371 707 429 741 hoc
455 704 579 739 duxerit
605 703 813 750 deputandos,
851 701 888 734 Et
917 699 1042 746 quando
1065 711 1119 731 eo-

370 755 514 790 rumdem
529 752 723 787 studentium
740 751 887 785 demerita
904 762 960 782 sen
979 747 1120 782 conditio

369 804 503 839 suaserit
525 815 580 837 eos
601 813 616 836 a
645 800 749 836 studio
773 798 920 837 revocari,
950 798 1032 844 prior
1056 796 1121 844 ipse

371 860 513 887 teneatur
536 851 564 885 id
584 849 741 894 (consulte
758 857 874 886 tumen,
890 855 980 880 eante
1005 854 1035 880 et
1056 845 1121 879 sol-

371 902 471 941 licite)
505 899 660 938 antistiti,
692 898 796 932 abbati
828 896 874 930 vel
909 896 958 929 alii
986 894 1122 942 praelato

372 962 482 985 eorum
512 948 651 995 proprio,
670 959 724 993 per
745 958 817 980 suas
840 945 944 978 literas
967 944 1120 977 intimare.

372 999 523 1044 Idemque
555 997 710 1035 antistes,
745 994 841 1029 abbas
880 1005 934 1027 seu
965 992 1124 1039 praelatus

375 1048 519 1095 proprius
541 1058 595 1080 eos
624 1055 769 1080 revocare
796 1043 932 1082 debeat,
955 1050 985 1075 et
1022 1041 1052 1075 in
1076 1042 1124 1076 lo-

374 1109 445 1131 cum
467 1108 576 1130 eornm
606 1094 734 1128 totidem
764 1103 914 1127 monacos
940 1090 1123 1136 subrogare,

374 1145 595 1193 appellatione.
623 1142 872 1178 contradictione
897 1141 940 1173 vel
970 1139 1124 1174 reclama-

374 1196 459 1229 tione
487 1194 619 1229 reiectis.
644 1191 860 1227 Concedimus
883 1201 1011 1236 quoque
1042 1189 1126 1223 dicto

377 1244 482 1290 priori,
503 1243 612 1278 eadem
640 1241 823 1276 auctoritate
850 1238 1038 1286 apostolica,
1062 1238 1127 1284 ple·

376 1293 494 1328 nariam
531 1298 715 1339 potestatem
744 1289 845 1323 dictos
881 1299 1031 1322 monacos
1058 1295 1127 1321 stu-

378 1343 486 1376 dentes
501 1369 510 1385 ,
533 1339 682 1387 quamdiu
708 1339 737 1372 in
767 1338 842 1384 ipsis
864 1337 976 1371 studiis
999 1336 1126 1375 suerint,

377 1391 417 1425 ab
443 1388 807 1425 excontmuuicationtnn
843 1394 873 1420 et
907 1385 1129 1432 suspensionis

379 1440 546 1474 sententiis
558 1438 732 1480 dumtaxat,
746 1448 826 1482 quae
841 1443 948 1470 contra
965 1433 1129 1468 studentes

380 1490 409 1522 in
438 1489 539 1532 locis,
566 1486 620 1521 ubi
644 1495 735 1520 erunt
754 1485 836 1518 dicta
865 1484 968 1518 studia
995 1495 1130 1529 genera-

381 1539 448 1572 liter
470 1550 508 1571 ex
531 1536 635 1571 causis
652 1533 827 1569 minoribns
849 1533 996 1580 prolatae,
1012 1532 1057 1567 vel
1077 1544 1131 1579 per

380 1595 492 1621 statuta
521 1586 568 1620 sui
607 1584 726 1618 ordinis
757 1583 823 1617 sive
863 1594 936 1616 suae
972 1581 1131 1628 religionis

381 1644 432 1670 aut
458 1634 619 1669 Ecclesiae
642 1646 698 1667 seu
722 1632 780 1666 loci
799 1632 884 1675 eins,
909 1630 992 1664 nude
1020 1642 1132 1665 coeno-

382 1684 463 1718 bitae
483 1693 568 1723 sunt,
606 1682 740 1716 inflictae
763 1680 893 1719 fuerint,
908 1692 924 1714 a
941 1679 1057 1725 quibus
1082 1679 1132 1713 ab-

382 1733 437 1767 bas
475 1733 519 1766 vel
553 1732 634 1766 alius
665 1730 820 1778 praelatus
849 1741 956 1764 eornm
987 1729 1133 1776 proprius

384 1783 471 1828 ipsos
484 1781 523 1816 de
538 1782 602 1815 iure
618 1780 663 1815 vel
685 1779 893 1826 permissione
909 1790 985 1812 snae
1006 1778 1132 1825 regulae

383 1831 545 1866 absolvere
570 1830 733 1877 potuisset,
757 1841 897 1874 congrua
920 1827 1132 1862 satisfactione

386 1881 553 1927 praemissa
569 1909 577 1919 ,
606 1881 690 1914 iuxta
721 1878 889 1925 praefatam
914 1877 1045 1910 sormam
1071 1877 1134 1911 Ec-

384 1930 512 1973 clesiae,
534 1929 728 1968 absolvendi,
751 1937 778 1962 et
803 1940 874 1961 cum
898 1927 944 1961 eis
965 1939 1062 1973 super
1091 1927 1132 1960 ir-

386 1980 583 2026 regularitate
600 2007 607 2018 ,
630 1992 723 2025 quain
747 1991 785 2012 ex
812 1977 916 2011 causis
952 1976 1133 2011 huiusmodi

386 2031 430 2064 sic
453 2030 542 2075 legati
567 2029 757 2064 celebrando
779 2027 882 2061 (lirina
900 2054 908 2069 ,
932 2040 986 2062 seu
1012 2027 1073 2061 illis
1102 2039 1134 2061 se

386 2080 462 2114 alias
485 2079 693 2113 immiscendo
712 2082 786 2119 (nou
811 2085 912 2111 tamen
939 2078 967 2110 111
991 2085 1135 2111 contem-

388 2136 474 2176 ptum
503 2129 660 2162 claviuml
684 2129 892 2170 incurrerant,
920 2126 1134 2171 dispensandi.

388 2178 447 2212 Per
463 2177 618 2224 praedicta
634 2190 705 2211 vero
734 2176 806 2210 dieti
831 2176 952 2210 monaci
973 2176 1136 2209 studentes

387 2240 403 2261 a
427 2235 578 2273 potestate
600 2227 746 2261 antistitis
771 2226 816 2259 vel
851 2225 980 2259 alterius
1009 2224 1135 2270 praelati

388 2277 436 2310 sui
452 2277 586 2321 exempti
605 2276 804 2322 aliquatenus
825 2287 886 2308 non
912 2274 1057 2309 existant.
1075 2274 1138 2307 Or-

390 2326 535 2359 diuamus
558 2325 663 2364 etiam,
690 2325 773 2371 quod
797 2324 872 2358 dicti
903 2324 1024 2357 monaci
1051 2323 1138 2356 Pari-

389 2375 484 2409 sicnsi
506 2374 620 2409 Studio
649 2375 839 2416 insistentes,
868 2374 924 2420 ipsi
950 2373 1045 2419 priori
1070 2381 1139 2406 stn-

391 2424 531 2458 dentiuni
557 2423 634 2458 ultra
649 2436 738 2458 suain
754 2424 938 2470 pensionem
957 2422 995 2455 de
1019 2422 1140 2468 viginti-

391 2473 533 2520 quinque
555 2473 703 2508 librarnm
731 2473 951 2507 turonensium
974 2484 1139 2518 parvorum

393 2523 573 2561 annuatim·,
600 2522 650 2556 alii
677 2536 747 2557 rei-0
773 2522 943 2556 cuiuslibet
962 2521 1139 2556 studiorum

395 2571 543 2609 aliorum,
570 2572 593 2605 si
624 2580 726 2606 tamen
757 2572 786 2604 in
815 2584 852 2605 eo
879 2571 1040 2617 sexaginta
1073 2582 1142 2604 ino-

1157 353 1354 400 sexagesimo
1375 352 1546 395 extiterint,
1568 349 1705 398 quilibet
1733 361 1842 385 eorum
1871 349 1910 383 de

1161 403 1302 450 quinque
1330 401 1439 436 solidis
1467 401 1565 448 ipsius
1588 408 1756 438 monetae,
1783 411 1838 433 seu
1865 400 1911 432 al-

1160 452 1268 490 terins,
1296 451 1335 485 de
1362 449 1570 497 aequivalenti
1594 460 1716 484 summa
1740 447 1911 486 dumtaxat,

1162 514 1216 548 pet·
1237 499 1505 535 contributionem
1529 509 1731 533 communem
1755 497 1794 531 de
1821 496 1912 531 dictis

1162 549 1370 597 pensionibus
1416 549 1556 595 ipsorum
1600 546 1676 582 inibi
1717 545 1912 581 studentium

1161 599 1253 633 annis
1275 598 1411 644 singulis
1439 597 1611 632 faciendam
1647 594 1810 643 providere
1833 607 1913 641 pro-

1161 655 1289 683 curent:
1319 648 1483 694 dictosque
1515 658 1664 680 monacos
1691 644 1853 678 studentes
1876 644 1912 677 ad

1162 697 1428 731 contributionem
1465 696 1564 742 ipsam
1590 693 1764 729 faciendam
1788 700 1818 727 et
1844 693 1915 727 sol-

1164 746 1299 781 vendam
1324 745 1467 780 eamdem
1492 744 1552 779 iam
1581 744 1665 778 dicto
1695 742 1800 790 priori.
1825 754 1916 788 prac-

1165 795 1246 830 satus
1276 796 1361 841 prior
1393 806 1447 841 per
1475 805 1641 828 censuram
1670 791 1915 827 ecclesiasticam

1165 852 1196 879 et
1222 845 1280 878 alia
1309 844 1408 890 ipsius
1435 843 1555 877 ordinis
1586 854 1640 876 seu
1670 840 1831 887 religionis
1867 853 1917 874 rc-

1166 894 1266 927 media
1292 893 1389 940 possit
1411 891 1520 926 eadem
1540 891 1723 926 auctoritate
1746 889 1917 936 apostolica

1166 947 1306 985 (semoto
1333 941 1551 988 appellationis
1574 939 1724 986 diffugio)
1746 945 1916 974 coarctare.

1165 992 1321 1026 Volumus
1348 998 1463 1028 tamen,
1491 989 1573 1036 qnod
1602 988 1684 1023 idem
1719 988 1802 1035 prior
1829 1000 1919 1022 sum-

1168 1049 1239 1088 ptus
1262 1040 1449 1074 nunciorum
1478 1038 1612 1078 subeat,
1639 1049 1720 1084 quos
1744 1049 1799 1084 pro
1827 1048 1919 1083 prae-

1169 1089 1273 1124 missis
1295 1088 1419 1123 duxerit
1451 1086 1724 1122 transmittendos.
1755 1085 1918 1120 Praeterea

1170 1139 1315 1173 volumus
1341 1146 1372 1172 et
1399 1137 1595 1175 ordinamus,
1628 1136 1711 1182 quod
1744 1135 1863 1180 priores
1891 1143 1917 1167 et

1169 1188 1218 1222 alii
1243 1187 1418 1222 beneficiati
1442 1194 1471 1221 et
1500 1198 1561 1219 uon
1591 1184 1778 1222 beneficiati,
1807 1183 1921 1230 praeli-

1171 1238 1250 1272 batis
1289 1236 1404 1271 studiis
1438 1234 1613 1269 insistendo
1640 1234 1709 1280 (qui
1734 1242 1837 1268 tamen
1865 1244 1921 1267 ex-

1172 1298 1285 1333 pensas
1307 1286 1337 1319 in
1361 1285 1436 1331 ipsis
1451 1285 1565 1318 studiis
1586 1283 1714 1318 aliunde
1744 1282 1921 1320 habuerint,

1170 1348 1263 1382 quam
1292 1335 1337 1369 sic
1366 1343 1398 1369 ut
1431 1346 1526 1380 supra
1550 1333 1689 1379 tangitur
1722 1331 1920 1373 ordinatum)

1170 1385 1230 1419 snb
1263 1384 1458 1419 correctione
1486 1390 1517 1416 et
1549 1380 1726 1416 obedientia
1750 1380 1781 1415 d.
1811 1380 1923 1427 prioris

1171 1433 1368 1468 studentium
1411 1431 1572 1466 humiliter
1607 1438 1781 1465 maneant:
1819 1437 1850 1464 et
1883 1429 1921 1463 ad

1172 1482 1438 1517 contributionein
1478 1479 1659 1514 huiusmodi
1693 1479 1774 1513 iuxta
1797 1478 1924 1525 quanti-

1174 1541 1251 1566 tates
1283 1531 1470 1577 praemissas
1492 1529 1596 1564 eidem
1626 1528 1721 1575 priori
1744 1527 1924 1571 solvendas,

1175 1590 1265 1627 prout
1292 1580 1343 1614 alii
1367 1579 1532 1613 studentes
1555 1577 1696 1625 praefati,
1724 1576 1926 1611 6111111131·αά-

1174 1631 1393 1675 sti·iugantnr;
1426 1637 1457 1663 et
1488 1627 1524 1661 ad
1561 1639 1614 1662 eas
1635 1626 1816 1666 solvendas,
1844 1625 1925 1660 sicut

1174 1680 1212 1713 de
1239 1679 1308 1713 aliis
1330 1677 1536 1713 studentibus
1559 1677 1619 1711 iam
1644 1676 1762 1710 dictum
1785 1675 1925 1709 seriatim

1174 1738 1204 1762 et
1233 1727 1438 1762 niodisicatim
1460 1725 1574 1765 existit,
1599 1726 1772 1773 peripsum
1791 1724 1925 1771 priorem

1177 1778 1297 1812 valcant
1347 1775 1508 1811 coarctari.
1548 1775 1645 1809 Porro
1682 1774 1852 1808 statuimus
1898 1782 1929 1807 et

1176 1827 1383 1866 ordinamus,
1411 1825 1494 1872 quod
1526 1824 1632 1859 nullus
1667 1823 1705 1859 de
1740 1823 1850 1857 ordine
1873 1834 1927 1856 seu

1178 1877 1328 1922 religione
1352 1874 1533 1910 huiusmodi
1558 1874 1596 1908 ad
1621 1872 1840 1920 recipiendum
1864 1884 1931 1906 ma—

1176 1927 1326 1973 gistratus
1350 1938 1404 1960 seu
1423 1924 1606 1959 doctoratus
1629 1923 1781 1958 bonorem
1806 1922 1845 1958 de
1867 1934 1932 1957 cae·

1177 1985 1243 2010 tero
1266 1983 1467 2018 assumatur,
1500 1974 1559 2008 nisi
1590 1974 1738 2021 praestito
1775 1986 1828 2020 per
1858 1985 1930 2008 eum

1179 2027 1326 2072 primitus
1370 2026 1545 2059 iuramento
1583 2024 1612 2056 in
1650 2024 1821 2070 praeseutia
1858 2022 1932 2057 dicti

1179 2076 1291 2122 prioris
1314 2074 1510 2109 studentium
1525 2086 1560 2108 ac
1573 2073 1742 2107 duodecim
1760 2073 1931 2120 proborum

1178 2133 1207 2159 et
1231 2125 1438 2159 discretorum
1462 2136 1497 2157 ex
1526 2122 1729 2157 studentibus
1756 2122 1933 2160 antedictis,

1179 2174 1262 2220 quod
1293 2174 1322 2207 in
1345 2173 1561 2218 assumptione
1598 2172 1699 2218 ipsius
1723 2172 1854 2206 lionoris
1886 2171 1932 2206 vel

1179 2232 1250 2257 ante
1274 2235 1330 2257 seu
1352 2231 1419 2269 post
1441 2223 1510 2256 eius
1527 2222 1704 2260 occasione,
1732 2222 1814 2256 circa
1835 2220 1934 2264 cibos,

1182 2281 1283 2306 vestes
1312 2273 1358 2306 rel
1386 2272 1444 2306 alia
1474 2284 1534 2305 non
1559 2271 1718 2317 expendet
1741 2283 1795 2317 per
1818 2283 1851 2304 se
1887 2270 1932 2303 vol

1181 2322 1298 2362 ultum,
1337 2321 1558 2367 undecumque
1587 2320 1731 2354 babuerit
1770 2319 1815 2354 rel
1844 2320 1935 2354 suerit

1182 2371 1238 2405 sibi
1262 2371 1382 2413 datum,
1403 2383 1460 2405 nec
1482 2378 1636 2417 qnantum
1662 2370 1691 2403 in
1715 2381 1752 2404 eo
1775 2370 1936 2403 fucritex-

1184 2421 1274 2466 pendi
1312 2421 1467 2467 permittet
1502 2419 1579 2454 ultra
1622 2419 1757 2453 valorem
1800 2418 1934 2452 duorum

1184 2469 1317 2503 millium
1370 2470 1588 2503 turonensium
1623 2469 1743 2514 argenti
1795 2467 1834 2502 ab
1868 2468 1937 2502 aliis

1184 2519 1278 2553 etiam
1302 2520 1368 2553 suis
1390 2519 1635 2565 consanguineis
1664 2518 1708 2551 rel
1732 2518 1852 2552 amieis.
1890 2517 1936 2551 1111

1185 2569 1291 2607 etiam,
1320 2569 1372 2614 qni
1408 2568 1444 2602 ad
1475 2567 1747 2603 baccalaureatnin
1781 2566 1937 2601 extiterint

397 2620 463 2652 nari
493 2620 538 2652 vel
566 2633 658 2666 snpra
683 2621 846 2654 studentes
875 2620 1000 2658 suerint,
1027 2619 1066 2652 de
1097 2619 1144 2652 vi-
1186 2618 1386 2657 assumendi,
1417 2625 1574 2664 praestare.
1601 2617 1746 2650 similiter
1773 2623 1939 2650 teneantur

1925 245 1973 271 An.
1992 244 2021 270 C.
2041 243 2108 270 ¹556
