2274 3265
94 265 145 291 An.
159 263 188 291 C.
208 264 276 291 ¹319

119 996 238 1017 Exordium.

98 1346 209 1366 Decretum
236 1345 271 1371 (de

85 1383 125 1404 quo
136 1378 155 1396 in
167 1377 269 1402 rubrica„

796 267 930 290 romans
958 267 1014 290 xxi
1043 257 1150 291 {dictus
1174 260 1253 293 xxiii
1283 269 1328 292 t··.1

613 320 731 355 xxm.

291 400 466 434 Reservatio
495 401 713 439 Ecclesiaram,
742 402 934 446 aliorumque
962 403 1044 435 bene-

339 450 491 494 ficiorum,
509 452 540 483 in
555 452 692 484 dominio
709 452 867 484 Romanae
888 451 1043 484 Ecclesiae

339 500 587 538 consistentium,
621 502 663 533 ad
698 513 776 544 qnae
803 502 870 544 quis
892 501 1042 534 consuevit

336 559 391 592 per
408 550 577 583 electionem
604 551 722 583 assumi
742 553 800 592 (t).

555 635 768 666 SUtttMARtUil

288 705 454 736 Exordium.
465 723 505 728 —
517 706 542 735 l.
570 706 721 736 Decretum
741 707 786 744 <de
803 707 891 745 quoin
907 706 1040 744 rubrica).

325 767 365 772 --
387 750 512 780 irritatio
536 751 760 780 contrariorum.
779 768 817 773 —-
833 750 1000 780 Clausulae.

349 827 460 855 loannes
483 826 625 862 episcopus
643 834 738 856 servus
761 834 902 856 servorum
921 826 977 859 Dei.

445 876 479 904 ad
508 875 635 904 futuram
653 877 695 905 rei
713 876 882 905 memoriam.

336 946 525 982 imminente
548 948 649 988 nobis,
678 948 749 983 licet
773 948 947 988 immeritis,
971 948 1040 982 Ec-

286 996 452 1031 rlesiarum
469 1006 499 1032 et
523 998 786 1032 monasteriorum
810 998 952 1031 omnium
976 998 1040 1032 sol-

286 1046 450 1081 lieitudine
472 1048 637 1093 generali,
665 1048 746 1082 eirca
783 1046 832 1081 illa
870 1047 1038 1094 praecipue

287 1108 344 1130 nos
367 1095 519 1131 adhibere
547 1097 695 1131 convenit
723 1097 868 1131 salutaris
890 1104 920 1130 et
937 1097 1040 1143 vigilis

286 1145 501 1191 providentiae
523 1146 685 1185 studium,
709 1158 790 1192 quae
814 1145 842 1179 iu
881 1147 973 1179 terris
1000 1145 1037 1180 ad

286 1206 343 1228 nos
365 1203 395 1229 et
416 1194 592 1230 Romanam
618 1195 792 1230 Ecclesiam
823 1195 1039 1240 spectantibus

285 1244 454 1279 constituta
479 1245 543 1279 fore
566 1255 752 1279 noscuntur.

333 1294 354 1340 ἓ
384 1296 413 1328 l.
447 1294 496 1328 Ad
529 1302 646 1328 statum
676 1294 779 1340 itaque
813 1292 980 1347 pacificum
1009 1302 1039 1327 et

286 1343 488 1390 tranquillum
504 1351 654 1377 terrarum
668 1343 838 1377 earundem
855 1350 884 1376 et
901 1342 1035 1387 partium

286 1404 457 1426 vicinarum
485 1392 615 1426 solicitis
642 1392 755 1426 studiis
774 1391 985 1430 intendentes,
1002 1404 1038 1425 ar.

284 1441 448 1488 cupientes
461 1442 623 1485 attentius,
639 1441 726 1488 quod
749 1440 1038 1487 archiepiscopales

283 1498 313 1524 et
339 1491 547 1537 episcopales,
579 1503 614 1525 ac
642 1490 826 1537 collegiatae
862 1490 1036 1530 Ecclesiae,

284 1552 341 1574 nec
364 1552 425 1574 non
449 1540 591 1574 abbatiae
607 1567 615 1582 ,
639 1541 828 1574 monasteria
846 1567 853 1578 ,
884 1540 1037 1586 prioratus

282 1598 313 1622 et
345 1589 403 1624 alia
439 1589 506 1624 loca
540 1590 751 1624 ecclesiastica
791 1601 1035 1637 quaecumque,

283 1639 454 1673 saecularia
478 1648 508 1673 et
536 1640 688 1685 r'egnlaiia
706 1646 883 1694 ,θΧριῃρῑῃ
920 1647 950 1672 et
974 1651 1035 1672 non

281 1697 428 1734 exempta
445 1716 452 1729 ,
480 1688 518 1723 ad
544 1701 681 1735 quorum
712 1689 863 1734 regimina
894 1700 948 1734 per
971 1687 1037 1722 ele-

281 1738 417 1772 ctionem
447 1738 572 1793 praelati
596 1746 830 1772 consuevi-erunt
851 1739 981 1779 assumi,
1007 1739 1035 1771 in

281 1786 400 1822 eisdem
422 1789 528 1822 terris
538 1788 754 1825 consistentia
780 1787 972 1834 ubicumque
993 1788 1038 1821 di-

281 1844 348 1871 ctae
377 1845 478 1872 terrae
506 1838 692 1881 consistant,
714 1849 787 1871 eum
816 1837 883 1871 illas
912 1837 956 1871 vel
986 1837 1036 1872 illa

282 1899 338 1933 pro
374 1895 517 1934 tempore
544 1899 598 1933 per
620 1899 745 1921 cessum
770 1886 815 1921 vel
845 1886 1011 1920 decessum
1028 1914 1035 1925 ,

282 1948 336 1970 seu
365 1936 442 1970 alias
463 1936 764 1983 quomodocumque
793 1943 954 1982 pastorum
989 1936 1036 1969 vel

281 1985 571 2020 administratorum
601 1986 753 2031 regimine
775 1997 881 2019 carere
908 1985 1036 2019 contin—

281 2043 345 2080 get,
374 2035 518 2081 personis
546 2048 653 2082 pacem
683 2035 873 2074 amantibus,
899 2034 988 2068 nobis
1006 2042 1035 2068 et

280 2083 383 2119 eidem
401 2083 562 2119 Ecclesiae
576 2083 738 2118 Romanae
753 2084 900 2118 fidelibus
915 2092 943 2116 (1
959 2083 1035 2117 alias

281 2133 420 2173 idoneis,
451 2141 574 2168 nostrae
602 2133 836 2189 cooperationis
860 2133 1035 2167 ministerio

280 2184 537 2223 (emundantur,
575 2185 786 2230 proviSionem
822 2183 965 2217 omnium
1006 2190 1035 2216 et

281 2233 477 2279 ingularum
509 2211 839 2279 aicliiepiscopalium,
862 2232 1034 2278 episcopa—

282 2282 371 2323 lium,
399 2282 596 2328 aliarumque
614 2282 849 2328 collegiatarum
874 2281 1035 2316 Ecclesia-

283 2344 363 2374 rum,
387 2344 444 2366 nec
459 2343 521 2366 non
539 2330 744 2375 abbatiarum,
758 2331 1034 2370 monasteriorum,

283 2381 477 2428 prioratuum
501 2390 531 2414 et
557 2381 689 2414 aliorum
713 2381 853 2415 locorum
877 2381 1035 2415 ecclesia-

282 2432 434 2465 sticornm
463 2430 678 2477 quorumlibet
702 2430 946 2476 praedit-,tornum
965 2442 1034 2464 con-

282 2481 461 2514 sistentium
483 2492 511 2513 tn
543 2480 635 2513 tertis
659 2479 840 2534 praedictis,
865 2492 947 2513 nunc
982 2492 1036 2512 va-

283 2531 422 2564 cantium
463 2538 492 2562 et
532 2538 750 2563 vacatuioium
802 2530 1033 2575 imposterum,

282 2579 406 2625 quoties
442 2591 494 2612 eas
542 2578 587 2612 vel
624 2591 658 2612 ea
700 2590 904 2624 quocumque
942 2578 1035 2611 modo

317 2658 356 2695 (t)
376 2658 415 2685 Ex
432 2658 535 2693 Regest.
559 2660 584 2684 in
607 2657 713 2684 Archiv.
738 2657 822 2684 Vatic.

1715 263 1785 295 287

1086 335 1194 358 vacare
1221 324 1394 370 coutingtt
1417 326 1616 373 autaliquam
1633 340 1687 362 seu
1707 328 1835 375 aliquod

1084 373 1283 416 eorumdem,
1306 373 1504 420 dispositioni
1521 385 1550 410 et
1570 376 1759 411 ordinationi
1778 390 1836 412 no-

1084 430 1166 455 strae
1198 432 1227 457 et
1250 422 1343 457 Sedis
1367 424 1566 470 Apostolicae
1596 427 1752 472 usquead
1776 439 1836 461 no-

1084 478 1183 505 strum
1220 480 1248 506 et
1280 472 1380 519 ipsius
1409 473 1501 509 Sedis
1525 474 1769 522 beneplacitum,
1796 476 1835 511 de

1083 521 1276 566 apostolicae
1306 523 1470 577 potestatis
1507 523 1704 570 plenitudine
1728 537 1835 560 reser-

1085 582 1216 605 v:amus
1253 571 1436 607 auctoritate
1474 573 1647 619 apostolica
1679 575 1836 610 universis

1084 619 1310 659 Ecclesiarum.
1333 620 1541 662 abbatiarum,
1559 625 1835 665 monasteriorum,

1084 669 1281 715 prioratuum
1305 679 1334 705 et
1357 671 1488 707 alioruin
1513 672 1655 707 locorum
1684 674 1836 709 ecclesia-

1082 719 1232 754 sticorum
1269 720 1486 767 quorumlibet
1520 722 1753 769 praedictorum
1781 736 1836 758 ca-

1084 769 1206 815 pitulis,
1228 769 1388 815 collegiis
1407 771 1616 806 conventibus
1638 779 1667 806 et
1692 774 1835 819 personis

1082 818 1257 854 districtius
1280 819 1485 860 inhibentes,
1518 833 1556 855 ne
1579 821 1608 855 iu
1641 822 1761 856 eisdem
1798 823 1834 856 ad

1082 867 1214 915 aliquam
1243 869 1456 914 electionem,
1493 871 1765 912 nominationem,
1788 873 1834 906 vel

1083 917 1325 974 postulationem
1340 931 1394 953 seu
1416 920 1634 976 provisionem
1652 933 1836 968 qua-mcum

1081 979 1154 1014 (1110,
1177 968 1201 1002 si
1227 969 1398 1004 vacationis
1422 970 1589 1017 tempusin
1608 971 1653 1005 eis
1668 971 1713 1005 vel
1730 972 1833 1019 aliqua

1081 1029 1135 1051 seu
1164 1017 1271 1064 aliquo
1305 1031 1341 1053 ex
1377 1019 1496 1054 eisdem
1526 1032 1611 1054 nune
1638 1020 1741 1055 forsan
1769 1021 1834 1056 im-

1082 1067 1199 1101 mineat
1223 1068 1266 1103 vel
1295 1068 1501 1115 imposterum
1540 1069 1728 1110 imminebit
1751 1083 1834 1117 quo-

1080 1117 1240 1171 quomodo
1269 1118 1457 1163 procedant·
1494 1130 1550 1153 nos
1578 1120 1661 1153 enim
1689 1132 1725 1154 ex
1750 1132 1834 1154 nuuc

1851 275 1899 301 Au.

1862 1131 1954 1151 irritatio

1081 1164 1203 1199 irritum
1244 1165 1445 1201 decernimus
1486 1176 1516 1202 et
1559 1167 1648 1202 inane
1682 1169 1832 1216 quicquid
1858 1170 1886 1182 '⁷³'
1916 1169 1959 1182 '¹¹¹¹'

1080 1222 1189 1249 contra
1213 1214 1394 1251 huiusmodi
1425 1217 1667 1252 reservationem
1690 1226 1720 1252 et
1748 1218 1834 1252 intri-

1080 1263 1232 1298 bitiouem
1259 1274 1381 1300 nostras
1403 1277 1419 1300 a
1449 1266 1616 1313 praedictis
1634 1267 1781 1314 capitulis
1802 1275 1833 1302 et

1079 1313 1300 1353 comentibus
1324 1327 1360 1349 ac
1382 1314 1452 1349 aliis
1479 1315 1737 1370 quibuscumque
1767 1329 1834 1364 per-

1078 1362 1178 1402 sonis
1200 1364 1314 1410 quavis
1328 1364 1513 1399 auctoritate
1526 1365 1664 1400 scienter
1687 1366 1754 1400 vel
1749 1378 1835 1413 igno-

1081 1420 1184 1445 rant‹r
1211 1413 1352 1448 extiterit
1374 1421 1572 1449 attentatum.

1129 1461 1212 1496 Nulli
1254 1475 1328 1508 ergo
1364 1463 1495 1497 omniuo
1534 1463 1700 1498 hominum
1742 1463 1833 1498 liceat

1080 1510 1160 1545 lianc
1189 1512 1331 1558 paginam
1371 1520 1550 1547 nostrarum
1588 1513 1835 1553 reservationis,

1080 1560 1278 1596 inhibitionis
1312 1570 1342 1595 et
1369 1563 1605 1597 constitutionis
1641 1562 1836 1608 infringere,

1078 1617 1131 1643 etc.

1131 1659 1243 1693 Datum
1294 1660 1448 1695 Avenioni
1496 1661 1600 1696 idibus
1622 1661 1835 1709 septembris,

1080 1709 1281 1756 pontificatus
1310 1712 1407 1744 nostri
1437 1723 1520 1745 anno
1545 1722 1586 1744 tv.

1099 1766 1157 1795 Dat.
1176 1767 1222 1796 die
1243 1767 1276 1796 13
1293 1767 1471 1807 septembris
1493 1768 1575 1802 1319,
1587 1772 1665 1807 pont.
1682 1777 1759 1797 anno
1778 1776 1814 1796 lv.

1401 1941 1514 1976 XXIV.

1080 2025 1267 2057 Mandatum
1295 2023 1530 2067 arcln'episcopi's
1552 2029 1578 2054 et
1606 2023 1752 2067 episcopis
1769 2023 1833 2055 An-

1125 2074 1219 2116 yline,
1240 2080 1269 2105 nt
1291 2084 1339 2105 eos
1360 2073 1479 2116 publice
1501 2072 1678 2104 denuncient
1703 2083 1832 2105 excom—

1127 2123 1307 2160 municatos,
1330 2122 1385 2165 qni
1405 2129 1511 2154 contra
1531 2121 1619 2154 Sedis
1639 2122 1833 2165 Apostolt'cae

1125 2172 1360 2216 prohibitionem
1380 2171 1560 2204 Hiberniam
1575 2172 1670 2202 armis
1682 2170 1831 2214 impetere,

1127 2222 1328 2264 caedibusque
1354 2228 1379 2253 et
1404 2220 1522 2264 rapinis
1548 2220 1670 2252 miscere
1692 2220 1832 2263 ausifue-

1126 2279 1196 2303 rant
1219 2272 1276 2312 (ti.

1345 2338 1559 2369 sUMMARtUM

1076 2419 1151 2447 Suos
1171 2427 1257 2447 curas
1282 2417 1399 2455 exponit
1416 2415 1546 2445 Pontifex
1570 2424 1621 2454 pro
1647 2415 1828 2454 procuranda

1117 2473 1206 2500 regno
1234 2462 1355 2500 Angtiae
1380 2470 1459 2500 pace.
1481 2477 1520 2482 —-
1544 2461 1570 2489 1.
1595 2460 1636 2489 Ad
1660 2460 1688 2488 id
1712 2459 1831 2489 anathe-

1117 2513 1191 2537 mate
1232 2507 1370 2536 defixisse
1402 2505 1571 2534 Hiberniam
1608 2503 1830 2542 quomodolibet

1117 2551 1331 2590 perturbantes:
1358 2567 1393 2570 —
1420 2549 1452 2578 Et
1481 2549 1597 2578 duobus
1627 2547 1829 2578 cardinalibus

1117 2597 1312 2635 praecepisse,
1333 2599 1363 2624 ut
1380 2593 1550 2624 huiusmodi
1567 2594 1741 2623 sententiam
1765 2601 1831 2632 pro-

1112 2658 1151 2692 (i)
1171 2658 1211 2684 Ex
1232 2656 1340 2683 Collect.
1362 2656 1462 2687 Rimer,
1485 2659 1556 2682 tomo
1576 2662 1616 2686 n1,
1634 2662 1692 2689 pag.
1714 2654 1775 2681 Sto.

1884 1468 2001 1488 clausulae.

1918 273 1946 299 C.
1968 274 2034 300 ¹519

1982 1137 2034 1150 run-
