2274 3265
441 255 508 286 770
979 261 1163 284 nummulum
1188 260 1344 283 noatttutuu

389 318 516 352 Soldani
537 316 663 351 saevitia
693 316 723 350 in
748 315 893 362 parvulos
916 315 1115 360 christianos,
1142 319 1184 350 ta
1207 318 1234 349 b.

389 367 516 411 Son-gine
540 366 633 399 Pons.
664 366 697 398 V.
728 364 958 399 Avenionensis
979 364 1131 400 Ecclesia.

389 417 549 461 Syna-ulum
577 417 741 448 Saxonum
762 414 937 458 damnatur,
967 415 1037 449 575
1063 417 1090 449 b.

389 465 591 511 Spei-onistae.
613 463 788 507 (haeretici)
811 464 1015 510 ipsorumque
1042 463 1095 498 sitii
1124 472 1151 497 et
1175 462 1343 509 complices
1365 461 1689 501 excommunicantur,
1714 463 1757 495 47
1781 473 1810 495 α.
1834 460 1923 508 Ipso-

488 527 555 549 rum
579 513 774 559 aliorumque
798 525 928 559 poenae,
956 515 1030 546 ibid.
1054 515 1082 547 b.

388 563 526 610 Spiritus
547 563 654 597 Sancti
679 562 717 596 de
745 562 896 596 Sulinona
921 563 1158 597 monasterium.
1193 563 1226 596 V.
1250 561 1502 596 Coelestinorum
1525 560 1780 606 congregationis
1801 569 1853 594 etc.

388 612 525 659 Spiritus
550 612 607 655 (SA
630 612 659 646 in
682 612 789 646 Monte
813 611 984 646 l‘essulano
1013 611 1177 659 hospitale.
1215 613 1246 644 V.
1275 610 1419 652 inferius,

387 662 524 708 Spiritus
547 662 604 705 (S.)
634 661 663 695 in
687 660 778 695 Saxia
807 661 845 694 de.
871 661 954 695 Urbe
978 661 1145 707 hospitale,
1168 673 1239 695 cum
1263 660 1410 695 omuibus
1438 660 1506 695 eius
1533 659 1693 699 membris,
1718 659 1808 694 bonis
1829 667 1923 707 atque

486 712 639 757 personis,
667 711 726 745 sub
755 711 948 757 protectione
974 710 1067 745 Sedis
1095 710 1293 757 Apostolicae
1315 710 1485 756 suscipitur
1519 718 1549 744 et
1574 708 1729 743 subiectio
1759 708 1923 755 hospitalis

483 760 516 794 S.
540 760 678 807 Spiritus
701 761 730 794 in
754 759 859 794 Monte
882 759 1055 795 pessulano
1083 759 1229 806 hospitali
1253 759 1410 806 praedicto
1434 758 1637 807 approbatur.
1668 760 1735 792 107
1763 771 1793 792 α.

385 810 524 856 Spiritus
549 810 684 844 Sanctus
706 810 848 856 impurae
867 809 1020 843 libertatis
1042 818 1149 844 auctor
1167 821 1236 844 esse
1258 821 1320 843 non
1341 817 1455 856 potest,
1482 811 1555 843 215
1572 821 1602 843 a.

386 859 552 906 Spintulas
577 859 732 894 iudicibus
756 859 975 893 ecclesiasticis
998 858 1063 893 dari
1092 866 1171 892 vetat
1193 858 1342 893 Urbanus
1367 858 1407 893 Vl
1434 858 1512 903 PR,
1534 860 1604 893 589
1627 860 1654 892 b.

385 909 571 955 Squinantia
593 908 667 955 quid
691 910 742 952 sit,
771 909 841 941 50ss
868 910 895 941 b.
926 909 959 941 V.
985 917 1088 943 notam
1112 908 1149 941 ad
1178 908 1295 943 calcem
1319 907 1435 943 colum.
1459 908 1559 943 eiusd.

385 958 564 1004 Squirolus,
588 958 724 992 murium
748 957 871 1004 species
893 957 1005 1004 qualis,
1034 960 1104 991 446
1126 959 1154 991 b.
1190 959 1221 992 V.
1243 966 1347 992 notam
1367 957 1404 992 ad
1424 957 1541 993 calcem
1561 956 1676 991 colum.
1705 956 1808 991 eiusd.

384 1008 516 1041 Strenae
540 1020 595 1054 pro
624 1008 739 1041 nuncio
762 1007 881 1053 accepti
904 1019 918 1041 a
942 1006 1026 1041 Sede
1052 1006 1162 1053 Apost.
1189 1007 1330 1042 beneficii
1355 1015 1510 1048 vetantur,
1534 1009 1603 1041 577
1627 1019 1658 1041 α.

384 1058 565 1098 Surianum,
585 1069 637 1091 arx
656 1056 730 1092 olim
759 1057 877 1090 munita
909 1055 991 1104 apud
1013 1055 1201 1098 Viterbiutn,
1229 1059 1274 1092 59
1296 1059 1324 1091 b.
1354 1057 1389 1091 V.
1413 1066 1518 1092 notam
1538 1055 1577 1092 ad
1596 1055 1715 1091 calcem
1736 1055 1795 1090 col.
1821 1056 1923 1091 eiusd.

1140 1209 1183 1250 Τ

387 1308 421 1341 Τ.
446 1307 579 1351 Signum
603 1305 686 1352 quod
719 1317 814 1352 super
840 1305 981 1340 habitum
1009 1315 1131 1352 gestant
1161 1305 1270 1340 fratres
1305 1304 1435 1339 Ordinis
1464 1305 1497 1339 S.
1535 1305 1686 1345 Antonii,
1714 1304 1865 1352 quodque
1887 1304 1926 1339 ab

487 1355 549 1398 illis
572 1358 709 1401 potentia
734 1364 870 1394 vocatur,
896 1357 965 1389 144
987 1358 1015 1389 b.

388 1405 554 1440 Taliartlus
579 1405 653 1452 quid
677 1406 729 1445 sit,
752 1406 821 1438 446
851 1407 879 1438 b.
917 1406 948 1438 Γ.
980 1413 1083 1439 notam
1113 1404 1151 1439 ad
1177 1404 1294 1438 calcem
1321 1403 1436 1437 colum.
1461 1404 1563 1438 eiusd.

387 1455 633 1488 Tarraconensis
657 1454 815 1501 provincia
845 1454 874 1487 in
903 1454 980 1488 duas
1007 1453 1120 1497 divisa,
1143 1455 1208 1487 271
1242 1466 1260 1488 α
1287 1462 1317 1488 et
1339 1455 1366 1487 b.

389 1504 579 1538 Taxillorum
608 1516 662 1538 seu
686 1503 824 1538 alearum
850 1503 912 1537 ludi
939 1502 1155 1550 reprobantur,
1185 1504 1253 1537 509
1278 1504 1304 1536 b.

387 1554 557 1600 Templarii
594 1554 700 1588 multis
722 1553 759 1586 ab
782 1552 922 1587 Ecclesia
945 1553 1067 1587 exaltati
1098 1552 1280 1595 honoribus,
1311 1554 1379 1585 188
1402 1565 1431 1585 a.
1449 1551 1526 1586 Mala
1551 1551 1590 1585 ab
1613 1552 1688 1598 ipsis
1703 1560 1831 1598 patrata,
1848 1553 1923 1586 ibid.

485 1612 515 1637 et
533 1616 591 1648 seq.
622 1602 828 1645 Damnantur,
856 1614 1030 1648 eorumque
1058 1602 1136 1636 bona
1164 1601 1275 1635 Ordini
1306 1601 1438 1634 militum
1469 1600 1677 1648 Hierosolym.
1702 1601 1924 1647 applicantur,

485 1654 555 1686 226
578 1654 605 1685 b.

386 1702 637 1736 Terracinenses.
665 1700 787 1735 Statuta
811 1713 825 1734 a
849 1701 995 1735 cardinali
1019 1700 1052 1735 S.
1080 1700 1215 1734 Sabinae
1243 1712 1298 1745 pro
1327 1699 1387 1733 illis
1414 1698 1495 1746 edita
1520 1699 1695 1743 firmantur,
1723 1701 1792 1733 627
1822 1701 1849 1733 b.

386 1752 479 1786 Terra
504 1750 615 1785 Sancta
638 1749 847 1784 Hierusalem.
876 1749 1000 1785 Fideles
1026 1750 1229 1784 exhortantur
1243 1749 1362 1783 adeius
1385 1748 1666 1795 recuperationem,
1695 1751 1757 1783 111
1789 1751 1815 1782 b.
1846 1748 1923 1784 Eius

485 1801 642 1837 sanctitas,
669 1802 736 1834 1212
759 1813 787 1834 α.
819 1799 994 1834 Solicitudo
1016 1799 1109 1834 Rom.
1135 1799 1292 1833 Ecclesiae
1327 1811 1382 1845 pro
1409 1799 1475 1832 eius
1511 1798 1766 1845 recuperatione,
1798 1800 1865 1833 187
1895 1800 1923 1833 b.

386 1851 488 1885 Tertia
519 1849 640 1895 Regula
666 1850 792 1883 fratrum
818 1858 847 1883 et
891 1862 1033 1884 sororum
1071 1849 1165 1883 'l'ertii
1207 1848 1337 1882 Ordinis
1368 1861 1384 1882 a
1415 1847 1449 1881 B.
1483 1847 1652 1882 Francisco
1689 1848 1839 1883 instituta.
1879 1847 1926 1882 De

486 1899 579 1933 modo
603 1900 802 1933 examinandi
828 1899 966 1934 volentes
995 1900 1108 1933 intrare
1131 1900 1158 1932 in
1190 1897 1341 1932 Ordinem
1360 1926 1367 1937 ,
1390 1899 1437 1931 90
1452 1900 1479 1931 b.
1498 1897 1653 1931 Del'ortna
1673 1910 1728 1932 eos
1751 1897 1924 1944 recipiendi

486 1949 623 1983 volentes
647 1949 759 1982 intrare
784 1950 812 1983 in
842 1948 1007 1992 Ordinem,
1034 1950 1072 1982 91
1103 1962 1131 1982 a.
1157 1948 1202 1982 De
1226 1948 1323 1982 forma
1346 1947 1470 1981 habitus
1493 1956 1521 1981 et
1548 1947 1696 1994 qualitate
1718 1948 1926 1982 indumento-

486 2012 566 2041 rum,
579 2000 654 2032 ibid.
669 2000 695 2031 b.
711 1997 757 2032 De
779 1998 966 2046 spectaculis
984 2007 1013 2032 et
1033 1998 1184 2032 conviviis
1206 1997 1370 2037 evitandis,
1390 1998 1463 2030 ibid.
1481 1996 1525 2031 De
1544 1997 1730 2031 abstinentia
1750 2006 1777 2031 et
1795 1997 1925 2036 ieiunio,

486 2051 559 2082 ibid.
588 2048 634 2082 De
653 2048 849 2082 confessione
875 2057 902 2081 et
924 2049 1159 2086 communione,
1187 2049 1232 2081 92
1260 2049 1288 2080 b.
1317 2046 1361 2080 De
1392 2058 1552 2080 armorum
1573 2046 1751 2086 delatione,
1781 2048 1855 2081 ibid.
1879 2046 1926 2081 De

487 2099 629 2132 dicendis
657 2097 742 2131 horis
760 2098 932 2136 canonicis,
955 2099 1028 2131 ibid.
1059 2097 1104 2131 De
1127 2097 1333 2140 testamentis,
1358 2098 1406 2130 95
1418 2109 1447 2130 α.
1462 2096 1508 2130 De
1525 2108 1611 2143 pace,
1629 2098 1702 2130 ibid.
1723 2095 1768 2130 De
1787 2096 1925 2130 vexatio-

488 2149 578 2181 nibus
601 2156 707 2181 contra
725 2147 773 2180 ius
787 2156 816 2181 et
832 2147 1002 2193 privilegia,
1016 2149 1088 2181 ibid.
1104 2147 1150 2181 De
1168 2147 1362 2185 iuramentis,
1377 2147 1451 2180 ibid.
1468 2146 1514 2180 De
1526 2147 1618 2180 missa
1633 2146 1786 2180 audienda
1802 2155 1830 2180 et
1846 2158 1923 2180 con-

487 2198 666 2243 gregatione
683 2197 833 2241 facienda,
851 2199 925 2230 ibid.
950 2199 976 2230 b.
992 2196 1037 2230 De
1057 2196 1201 2231 fratribus
1217 2197 1347 2231 infirmis
1365 2204 1394 2230 et
1416 2195 1584 2234 defunctis,
1600 2197 1675 2229 ibid.
1699 2195 1746 2229 De
1762 2196 1925 2238 ministris,

489 2251 534 2281 94
562 2260 591 2281 α.
619 2245 665 2280 De
705 2247 880 2281 visitatione
904 2256 932 2280 et
965 2246 1159 2281 correctione
1183 2246 1447 2293 delinquentium,
1476 2247 1550 2279 ibid.
1581 2245 1625 2279 De
1658 2245 1791 2280 vitandis
1818 2246 1923 2292 litigiis

490 2298 568 2330 inter
593 2310 625 2329 se
648 2305 675 2330 et
701 2310 771 2330 eum
795 2297 876 2340 aliis,
904 2298 977 2330 ibid.
1002 2298 1028 2329 b.
1056 2296 1198 2338 Qualiter
1221 2306 1249 2330 et
1275 2309 1329 2343 per
1347 2308 1427 2343 quos
1450 2297 1478 2330 in
1507 2295 1703 2329 abstinentiis
1736 2295 1833 2342 possit
1856 2295 1925 2329 dis-

490 2347 624 2393 pensari,
647 2348 720 2380 ibid.
743 2347 787 2380 De
816 2347 1094 2391 incorrigibilibus,
1117 2348 1191 2380 ibid.
1216 2346 1262 2380 De
1286 2358 1346 2381 non
1370 2345 1608 2380 observantibus
1626 2344 1792 2391 Regulam,
1811 2347 1884 2379 ibid.

392 2397 486 2430 'l'ertii
515 2395 644 2429 Ordinis
669 2396 837 2430 Servorum
876 2396 908 2429 Β.
937 2396 977 2430 M.
1016 2395 1052 2429 V.
1084 2395 1232 2441 Regulae.
1263 2395 1309 2430 De
1339 2395 1529 2441 recipiendis
1564 2396 1594 2429 in
1625 2395 1756 2433 Ordine,
1794 2397 1862 2429 705
1890 2408 1920 2429 α.

490 2445 622 2479 Habitus
646 2445 773 2480 fratrum
797 2455 824 2479 et
855 2459 1011 2484 sororum,
1040 2447 1113 2479 ibid.
1138 2445 1363 2480 Caeremoniae
1395 2446 1424 2479 in
1453 2445 1556 2480 dando
1584 2444 1693 2479 habitu
1722 2445 1840 2479 noviter
1869 2458 1923 2478 re—

490 2497 590 2542 ceptis
612 2495 836 2534 ohservandae,
867 2498 940 2529 ibid.
972 2495 1084 2529 Forma
1115 2495 1344 2541 professionis,
1374 2497 1441 2529 704
1478 2508 1507 2529 α.
1540 2494 1693 2529 professis
1721 2507 1736 2528 a
1775 2494 1923 2540 religione

492 2545 672 2590 praeclusus
695 2558 866 2591 regressus,
888 2547 962 2579 ibid.
989 2547 1015 2578 b.
1041 2543 1086 2578 De
1109 2545 1194 2579 ltoris
1216 2545 1374 2579 canonicis
1389 2545 1521 2592 aliisque
1538 2544 1695 2578 vocalibus
1718 2544 1923 2587 orationibus,

491 2596 563 2627 ibid.
587 2595 632 2629 De
659 2604 797 2641 tempore
820 2596 964 2629 horarum
988 2594 1206 2636 dicendarum,
1232 2596 1305 2628 ibid.
1334 2594 1381 2628 De
1405 2594 1603 2629 confessione
1625 2603 1654 2628 et
1686 2594 1921 2633 communione,

490 2646 563 2677 ibid.
585 2644 629 2678 De
648 2644 770 2678 silentio
792 2647 820 2679 in
840 2645 995 2688 ecclesiis,
1020 2646 1087 2678 705
1110 2657 1139 2678 a.
1164 2644 1209 2679 De
1233 2645 1402 2679 reverentia
1426 2644 1595 2691 episcopis,
1626 2644 1770 2691 parochis
1791 2643 1923 2690 aliisque
