2274 3265
233 265 280 290 Λη.
299 264 317 289 C
346 264 410 291 1995

268 1007 383 1028 Exordium

239 1905 317 1925 Causae
328 1903 423 1929 eiigendi

239 1937 287 1956 novi
311 1937 424 1962 episcopa-

480 252 545 283 152

776 315 826 349 Vl.

453 398 691 432 Dismembratio
709 398 987 442 archiepiscopatus
1014 398 1155 430 Tolosan.

426 457 450 481 et
483 447 590 481 erectio
626 448 815 492 episcopatus
852 448 1079 492 Appamiarwn
1115 449 1175 489 (l).

695 525 908 556 SUMMARtUM

429 593 593 624 Exordium.
622 611 660 616 —
684 594 709 622 t.
732 593 843 623 Causae
873 592 1005 630 erigendi
1029 592 1094 621 novi
1118 592 1178 630 epi-

468 643 615 677 scopatus.
633 655 671 660 —-
698 637 769 667 Villa
795 637 1001 675 Appaniiarum
1023 637 1051 665 in
1073 636 1176 665 civita-

470 688 525 713 ten)
550 683 685 721 erigitur:
708 699 745 704 -—
762 682 794 711 Et
813 681 940 710 Ecclesia
967 680 993 709 S.
1018 679 1130 709 Martini
1150 680 1177 708 in

469 727 675 757 cathedralem.
695 743 733 748 —
755 726 782 755 2.
805 725 860 754 Dos
889 726 952 754 novi
977 725 1177 763 episcopatus.

467 788 506 793 —
528 770 554 801 3.
579 770 678 800 Robur
700 770 816 799 decreto
836 769 976 799 additum.

474 837 627 866 Bonifaoius
643 837 786 873 episcopus
804 842 898 864 servus
922 841 1062 863 servorum
1081 834 1135 866 Dei,

565 887 598 914 ad
623 887 785 921 perpetuam
812 885 852 913 rei
878 884 1047 912 memoriam.

480 950 641 985 Romanus
664 947 818 989 Pontiftx,
845 947 912 994 qui
935 958 1090 994 supernae
1118 945 1182 980 dis-

432 999 598 1047 positionis
619 997 748 1032 arbitrio
776 998 804 1032 in
829 1008 995 1044 supremae
1023 995 1182 1042 diguitatis

430 1047 558 1096 specula
586 1047 787 1087 constitutus
804 1046 1015 1081 Ecclesiaium
1039 1045 1181 1079 omnium

432 1107 533 1132 rector
573 1096 770 1143 agnoscitur,
811 1096 971 1143 vineasque
1007 1095 1182 1129 dominicae

431 1156 538 1182 custos
560 1146 715 1193 generalis
737 1155 764 1180 et
789 1146 900 1189 cultor,
922 1157 957 1179 ac
981 1145 1077 1179 totius
1093 1144 1184 1178 ovilis

432 1197 579 1232 catholici
616 1204 841 1243 pastorumque
863 1195 1006 1229 omnium
1031 1194 1184 1228 Summus

433 1247 559 1290 Pastor
582 1245 621 1280 de
643 1246 832 1292 apostolicae
865 1244 1059 1292 plenitudine
1094 1251 1185 1290 pote—

432 1296 519 1331 statis
541 1274 651 1337 tijadita
679 1294 736 1330 sibi
760 1307 775 1329 a
799 1295 952 1335 Domino,
976 1306 1067 1328 cuius
1095 1294 1184 1327 nutui

432 1355 544 1381 cuneta
566 1344 779 1385 subserviunt
805 1343 955 1378 obediunt
977 1343 1111 1390 singula,
1135 1342 1187 1376 oh-

433 1403 607 1441 temperant
632 1394 792 1434 universa;
815 1393 970 1428 interdum
991 1392 1186 1427 cathedrales

432 1454 462 1479 et
483 1444 558 1479 alias
583 1444 649 1478 unit
672 1453 698 1477 et
724 1443 861 1478 adnectit
889 1443 1068 1483 Ecclesia33
1097 1442 1188 1476 iuter-

433 1495 509 1529 dum
552 1506 623 1528 vero
660 1494 697 1527 ad
735 1494 975 1548 episcopatuum
1018 1492 1188 1526 divisiones

436 1543 604 1592 procedere
645 1555 705 1577 non
746 1543 880 1577 omittit:
920 1554 992 1576 cum
1037 1541 1188 1588 temporis

435 1593 568 1642 qualitas
583 1592 732 1640 suggerit
757 1604 868 1627 causae
893 1591 1094 1626 rationabiles
1118 1602 1188 1638 per-

436 1643 586 1678 suadent:
612 1651 643 1676 ut
667 1642 785 1681 omnia
810 1653 890 1689 quae
924 1640 1093 1688 pontificali
1132 1652 1188 1674 uo-

436 1700 566 1727 seuntur
589 1692 719 1726 officio
714 1692 890 1736 imminere,
913 1690 1085 1738 prudenter
1097 1698 1126 1725 et
1145 1702 1188 1724 so-

437 1743 531 1777 lerter
553 1749 696 1776 exerceat
717 1753 752 1775 ac
775 1741 890 1776 salubri
914 1751 943 1775 et
968 1739 1094 1788 provida
1114 1752 1189 1774 exe-

438 1792 491 1840 qui
514 1791 637 1826 studeat
661 1793 794 1826 actione.

486 1845 501 1886 g
537 1844 564 1875 t.
598 1841 681 1876 Sane
713 1841 950 1876 considerantes
973 1840 1137 1880 attentius,
1161 1848 1191 1874 et

440 1893 516 1928 infra
540 1893 674 1927 claustra
706 1891 840 1939 pectoris
864 1891 1063 1926 meditatione
1097 1889 1190 1924 solli-

439 1945 498 1979 cita
522 1944 727 1982 revolventes,
755 1941 838 1989 quod
869 1941 1022 1976 Tolosana
1052 1940 1191 1975 Ecclesia

441 2009 540 2044 usque
568 1996 645 2031 adeo
673 1996 808 2042 amplam
837 2004 866 2029 et
890 1994 1035 2028 diffusam
1065 1994 1191 2028 dioece-

440 2049 498 2082 sim
522 2047 655 2090 obtinet,
684 2055 774 2093 piont
803 2057 838 2080 ex
868 2047 931 2091 ipsa
961 2045 1031 2078 facti
1061 2044 1192 2079 eviden-

441 2099 479 2133 tia
503 2098 682 2137 innotescit
700 2096 785 2144 quod
809 2095 985 2129 Tolosanus
1012 2095 1191 2141 episcopus

440 2149 492 2232 gui
516 2148 615 2182 extitit
636 2159 691 2194 pro
720 2154 869 2193 tempore
895 2146 1000 2192 nequit
1026 2146 1137 2191 ipsam,
1162 2153 1191 2178 ut

462 2198 533 2232 ebet
572 2205 602 2231 et
642 2196 803 2234 convenit
845 2195 984 2234 visit-ire
1027 2206 1086 2227 non
1126 2194 1192 2229 sine

440 2249 524 2295 gnavi
565 2248 741 2282 animarum
777 2244 945 2293 dispendio
986 2256 1191 2292 personarum

441 2297 621 2345 degentium
659 2297 688 2331 in
723 2296 851 2331 eadem:
888 2302 1054 2342 pensantes
1089 2294 1193 2338 etiam,

440 2347 524 2395 quod
548 2346 686 2382 Ecclesia
712 2348 775 2394 ipsa
798 2346 827 2380 in
853 2344 1054 2393 proventibus
1077 2352 1103 2377 et
1129 2343 1195 2378 ied-

441 2397 560 2433 ditibus
601 2396 715 2432 annuis
753 2405 812 2430 tam
850 2395 1032 2439 affluenter,
1068 2401 1194 2441 tamque

443 2447 608 2494 magnifice
648 2447 808 2481 abundare
847 2446 1060 2492 conspicitur,
1103 2453 1194 2491 prout

443 2498 541 2533 famae
570 2497 726 2532 veridicae
754 2496 869 2531 revelat
891 2496 1033 2540 assertio,
1055 2502 1085 2530 et
1113 2494 1193 2528 clara

444 2548 503 2582 fide
519 2548 685 2593 dignorum
702 2546 878 2582 testimonia
898 2545 1095 2593 profitentur,
1110 2543 1193 2591 quod

443 2597 482 2631 de
506 2598 644 2644 ipsorum
670 2595 872 2631 multitudine
902 2596 1027 2642 eopiosa
1051 2606 1112 2629 non
1144 2606 1196 2627 so-

480 2668 518 2699 (l)
535 2668 572 2693 Ex
594 2668 694 2701 Reges!⁴
714 2667 738 2693 in
759 2667 863 2693 archivus
884 2666 965 2693 Vatic.

1004 259 1128 282 BULLAR
1135 260 1141 281 l
1148 259 1191 281 {titt
1220 257 1380 280 ROMANUM

1217 314 1282 349 lum
1309 312 1447 356 duobus,
1482 312 1535 347 sed
1574 311 1716 358 pluribus
1742 312 1834 348 etiam
1867 320 1965 358 potest

1216 363 1373 411 episcopis
1395 362 1480 397 iuxta
1503 373 1578 397 suae
1601 361 1765 407 dignitatis
1791 362 1965 397 decentiam

1217 426 1309 448 annis
1335 412 1469 457 singulis
1502 411 1675 458 providem
1711 411 1860 458 quodque
1895 424 1967 457 pio-

1220 471 1340 510 pterea
1363 462 1461 497 felicis
1477 460 1703 496 recordationis
1717 460 1866 496 Clemens
1885 461 1967 508 Papa

1218 520 1351 560 quartus
1386 511 1608 558 praedecessor
1642 517 1759 552 noster,
1794 510 1968 545 animarum

1220 562 1357 597 fidelium
1398 561 1491 596 saluti
1529 560 1744 608 prospiciens,
1780 568 1810 594 et
1848 559 1969 595 illarum

1221 611 1354 658 partium
1380 611 1520 645 notitiam
1546 610 1669 657 plenam
1699 609 1831 649 habens,
1854 609 1892 644 ad
1916 609 1972 643 di—

1221 661 1371 695 visionem
1407 660 1586 695 buiusmodi
1621 660 1820 706 episcopatus
1852 658 1971 693 Tholo-

1220 711 1305 750 sani‚
1341 709 1415 744 dum
1452 710 1585 750 viveret,
1613 710 1742 744 firmiter
1777 708 1970 750 intendebat.

1221 768 1335 794 certam
1360 759 1395 793 ad
1420 758 1490 802 hoc,
1512 758 1592 793 sicut
1613 759 1774 799 asseritur,
1802 743 1970 793 dioecesiui

1222 807 1457 854 distinguendo,
1474 807 1577 842 villam
1595 808 1832 855 Appamiarum,
1851 807 1970 854 pridem

1222 857 1260 892 ‹le
1288 857 1369 892 dicta
1398 857 1574 892 'l'liolosana
1606 857 1741 892 dioecesi
1776 857 1972 898 existentem,

1223 907 1325 941 locum
1352 907 1458 953 utique
1481 906 1619 941 nobilem
1647 914 1677 941 et
1704 906 1872 953 insignem,
1897 906 1974 940 mul-

1224 957 1324 1003 tisque
1344 955 1622 990 commoditatibus
1645 956 1832 1002 praeditum,
1854 956 1892 991 ad
1916 956 1972 990 Dei

1223 1005 1349 1040 laudem
1377 1013 1407 1040 et
1440 1005 1584 1051 gloriam,
1617 1005 1837 1040 exaltationem
1861 1006 1975 1040 catlio—

1225 1055 1302 1090 licae
1325 1054 1412 1096 fidei,
1445 1062 1475 1090 et
1503 1054 1598 1089 divini
1622 1054 1727 1089 cultus
1760 1063 1975 1101 augmentum,

1225 1105 1263 1139 dc
1288 1105 1415 1140 fratrum
1441 1112 1617 1139 nostrorum
1638 1103 1770 1139 consilio
1793 1112 1823 1138 et
1845 1116 1975 1139 assensu

1225 1168 1259 1189 ac
1289 1154 1450 1202 potestatis
1479 1154 1674 1201 plenitudine
1706 1154 1916 1200 supradictae
1946 1155 1976 1188 in

1226 1203 1382 1239 civitatem
1416 1204 1581 1250 erigimus,
1608 1211 1638 1237 et
1667 1203 1801 1238 civitatis
1829 1203 1979 1237 vocabulo

1227 1254 1426 1300 insignimus,
1457 1265 1524 1288 earn
1552 1266 1567 1287 a
1592 1252 1811 1288 iuiisdietione
1841 1252 1978 1300 qualibet

1225 1304 1396 1339 Tliolosani
1436 1303 1576 1350 episcopi
1619 1303 1744 1349 penitus
1784 1302 1977 1337 eximentes:

1226 1353 1411 1388 auctoritate
1434 1352 1527 1388 Sedis
1546 1351 1748 1399 Apostolicae
1767 1352 1978 1392 decernendo,

1229 1412 1261 1438 ut
1283 1403 1370 1438 Beati
1393 1402 1518 1437 Martini
1551 1401 1739 1437 confessoris
1761 1401 1905 1442 ecelesia,
1934 1402 1980 1436 ei-

1228 1453 1298 1487 dem
1322 1452 1438 1486 civitati
1464 1451 1574 1495 vicina,
1607 1452 1636 1485 in
1669 1464 1730 1498 qua
1764 1464 1881 1498 corpus
1916 1451 1982 1498 glo-

1229 1503 1302 1537 riosi
1333 1502 1486 1536 Antonini
1515 1501 1676 1548 martyris⁷
1712 1510 1802 1548 prout
1831 1501 1981 1548 proponi-

1229 1562 1288 1593 tur,
1307 1551 1485 1606 requiescit3
1507 1551 1546 1585 sit
1568 1550 1607 1585 de
1625 1559 1748 1586 caetero
1783 1560 1813 1585 et
1831 1550 1982 1585 habeatui

1231 1601 1406 1650 praedictae
1425 1600 1557 1636 civitatis
1576 1599 1716 1635 Ecclesia
1735 1599 1931 1635 cathedralis.

1278 1656 1293 1695 g
1318 1649 1590 1686 ⁶2.C011cedimus
1612 1661 1738 1697 quoque
1757 1662 1794 1684 ex
1817 1662 1902 1685 nunc
1924 1663 1983 1684 au-

1231 1701 1376 1736 tlioritate
1412 1699 1568 1747 praedicta
1591 1708 1620 1734 et
1650 1699 1817 1743 donamus,
1843 1698 1983 1746 deputa-

1232 1764 1312 1791 mus
1346 1760 1376 1785 et
1398 1750 1491 1784 etiam
1521 1749 1720 1797 providemus
1747 1748 1851 1784 suturo
1873 1748 1984 1796 Appa-

1232 1801 1364 1835 miarum
1388 1799 1549 1846 episcopo
1574 1800 1707 1846 eiusque
1734 1797 1984 1854 suecessoribus,

1232 1851 1284 1898 qui
1315 1863 1369 1896 pro
1393 1858 1533 1896 tempore
1552 1849 1679 1889 suerint,
1702 1848 1742 1883 de
1768 1848 1893 1884 situatis
1915 1848 1986 1883 red-

1232 1900 1351 1935 ditibus
1369 1909 1399 1935 et
1416 1899 1619 1947 proventibus
1651 1898 1843 1947 supradictis
1865 1907 1984 1947 septem

1233 1950 1326 1985 millia
1352 1950 1501 1985 librarum
1523 1949 1684 1985 Turonen.
1710 1961 1889 1996 parvarum,
1914 1961 1985 1995 per-

1233 2001 1379 2057 cipienda
1395 2001 1516 2047 integre
1538 2012 1621 2035 anno
1637 1999 1777 2048 quolibet
1795 1998 1833 2034 ab
1848 1998 1984 2033 eisdem:

1235 2052 1273 2086 ita
1311 2050 1393 2098 quod
1430 2050 1511 2085 idem
1553 2050 1779 2097 Appamiarum
1820 2048 1987 2104 episcopus

1234 2109 1263 2136 et
1291 2113 1491 2136 successores
1519 2100 1617 2146 ipsius
1652 2099 1785 2134 habeant
1820 2106 1850 2134 et
1883 2100 1987 2153 perci—

1235 2152 1320 2198 piant
1352 2150 1382 2185 in
1412 2148 1592 2185 huiusmodi
1616 2148 1792 2184 redditibus
1824 2149 1985 2183 annuatim

1235 2200 1345 2236 decem
1373 2200 1468 2235 millia
1496 2199 1645 2234 librarum
1666 2198 1807 2234 eiusdem
1832 2206 1987 2240 monetae,

1234 2249 1425 2298 computatis
1460 2250 1489 2284 in
1526 2250 1570 2284 eis
1597 2249 1697 2284 tribus
1732 2248 1871 2283 millibus
1902 2247 1988 2282 libris

1237 2310 1379 2335 monetae
1407 2299 1507 2347 ipsius
1530 2299 1565 2334 ad
1590 2311 1668 2346 quos
1692 2298 1834 2334 redditus
1860 2306 1891 2333 et
1915 2310 1984 2344 pro-

1238 2359 1347 2385 ventus
1376 2350 1536 2385 Ecclesiae
1557 2349 1786 2396 Appamiarum
1809 2348 1900 2382 annis
1927 2348 1988 2382 sin-

1234 2400 1316 2447 gulis
1343 2399 1514 2435 ascendere
1536 2398 1775 2446 dignoscuntur.

1285 2456 1299 2493 ᾗ
1323 2455 1353 2485 5,
1378 2449 1461 2492 Quia
1489 2461 1573 2489 ver0‚
1598 2449 1682 2496 quod
1715 2449 1752 2484 de
1775 2447 1897 2484 civitate
1921 2447 1985 2494 ipsa

1238 2514 1291 2548 per
1321 2500 1521 2547 Apostolicae
1544 2498 1636 2534 Sedis
1668 2497 1892 2546 providentiam
1925 2497 1988 2531 cir-

1236 2558 1450 2597 cumspectam
1486 2550 1599 2585 factum
1635 2557 1665 2583 et
1701 2549 1878 2583 ordinatum
1920 2560 1988 2582 esse

1237 2599 1463 2647 dignoscitur
1457 2613 1488 2635 in
1511 2599 1569 2635 hae
1592 2607 1690 2647 parte
1714 2599 1876 2646 perpetuis
1902 2597 1989 2632 sutu-

1238 2649 1278 2683 ris
1314 2649 1509 2697 humoribus
1543 2662 1610 2684 esse
1638 2648 1782 2683 volumus
1810 2647 1987 2685 valiturum,

1983 259 2030 285 An.
2047 258 2074 284 C.
2092 257 2162 285 1295

1996 818 2047 840 Vitta
2060 819 2171 845 Appanua-

1989 857 2031 871 rum
2053 851 2072 870 in
2096 850 2172 869 eivita-

1989 886 2029 902 tcm
2047 882 2144 906 erigitur:

2009 1363 2032 1384 Et
2047 1362 2142 1383 Ecclesia
2157 1361 2177 1383 S.

1995 1393 2077 1415 ›tsi-tini
2100 1395 2121 1414 in
2142 1399 2179 1413 ea-

1996 1425 2119 1446 iaedi-atem.

2012 1657 2051 1679 Dos
2069 1659 2115 1679 novi
2135 1659 2182 1684 epi-

1998 1693 2104 1716 scepsius.

2017 2457 2082 2477 tiohur
2100 2457 2185 2478 decreto

2004 2490 2102 2509 additum.
