2274 3265
237 294 287 320 An.
308 293 335 320 C.
353 295 418 321 ¹575
483 283 549 315 561
1005 291 1190 314 nucerianum
1219 290 1379 313 nonnum

1987 288 2037 313 An.
2058 286 2087 313 C.
2103 288 2168 314 ¹575

1272 349 1287 387 ς’
1309 347 1342 376 2.
1366 342 1435 377 Non
1468 341 1668 376 obstantibus
1694 340 1829 384 statutis,
1852 340 1969 375 consii-
1992 353 2123 373 01„„.„.,„„,
2135 354 2170 373 ΛΟ,

1225 391 1400 426 unionibus
1415 419 1424 435 ,
1447 391 1602 426 mandatis
1628 399 1656 424 et
1689 386 2073 424 consuetudinibus‘⁰³⁸⁸'-

761 346 842 381 xlv.

436 430 526 470 Ouml
563 429 706 471 officiales
729 429 834 460 Status
865 428 1067 460 Ecclesiasnm'
1089 427 1183 459 ›uerru-

273 1048 388 1068 Exordium.

252 1193 420 1216 Constituirotde

240 1231 278 1252 qua
290 1231 308 1245 m
322 1225 419 1245 rubricat

482 491 546 511 nem
575 484 683 521 cnqant
711 479 752 510 ur!
778 489 926 519 prunum,
951 478 1036 520 liqna
1058 484 1082 509 et
1103 476 1180 507 simi<

483 531 536 565 na,
559 529 670 571 absque
682 527 831 559 sotun'une
854 527 924 559 insti
939 527 1039 570 pretii,
1064 526 1121 559 sibi
1136 526 1182 556 ‹le-

482 579 647 621 serendum.

700 654 911 685 stulttatttttu

434 724 600 754 Exordium.
624 740 659 744 -
687 725 708 751 l.
738 722 910 750 (Ioustitutio
937 721 980 753 (fle
1005 728 1053 756 aput
1076 721 1102 745 tn
1131 727 1180 744 ›n—

474 770 571 805 bre'ca).
590 786 626 790 —
649 769 675 797 2.
699 767 881 796 (illistantiuni
911 764 1069 801 derogatio.
1095 778 1132 783 -—-
1155 762 1181 789 3.

474 814 587 843 Poenae
611 811 853 842 inobedientium.

480 880 625 915 Gregorius
645 879 787 914 opiscopus
806 883 901 904 servus
921 880 1060 902 servorum
1077 872 1137 903 nei.

569 929 602 956 ad
626 927 787 962 perpetuam
818 925 858 953 rei
881 922 1048 952 memoriam.

486 990 679 1025 Relevatioui
696 989 883 1023 iniustorum
899 985 1115 1032 gravaminum
1133 996 1184 1017 no-

435 1050 571 1077 strorum
601 1038 821 1074 subditorum,
851 1035 1033 1082 praesertim
1065 1046 1184 1081 paupe-

436 1103 518 1128 rum,
538 1088 700 1135 providere
724 1086 847 1133 pietatis
869 1084 983 1119 studiis
1005 1083 1182 1130 cupientes.

484 1144 499 1183 g
527 1141 552 1172 1,
580 1137 742 1172 Universis
764 1145 791 1170 et
821 1134 954 1180 siugulis
982 1133 1184 1180 Apostolicae

436 1189 530 1225 Sedis
566 1187 677 1233 legatis
711 1198 746 1220 ac
774 1185 893 1219 vicariis
920 1183 1184 1229 gubernatoribus

437 1238 568 1277 nostris,
596 1245 625 1271 et
653 1247 872 1270 successorum
898 1241 1075 1267 nostrorum
1118 1232 1184 1266 Ro·

437 1299 602 1323 manorum
634 1285 836 1324 Pontificum,
863 1283 955 1317 etiam
979 1283 1004 1316 si
1028 1283 1090 1316 sint
1119 1281 1185 1316 Ro-

437 1349 547 1373 manae
570 1336 730 1370 Ecclesiae
758 1333 960 1375 cardinales,
984 1332 1186 1366 thesaurariis

437 1397 467 1423 et
495 1385 668 1421 rectoribus
691 1382 901 1430 generalibus,
925 1394 1047 1416 necnon
1078 1390 1185 1416 recto—

439 1437 525 1472 ribus
547 1444 575 1470 et
605 1434 804 1477 marescallis,
826 1445 861 1466 ac
885 1431 1105 1478 potestatibus,
1133 1444 1185 1465 ca-
1206 1454 1208 1463 .

440 1486 584 1534 pitaneis,
600 1484 810 1531 depositurus,
828 1482 997 1520 iudicibus,
1008 1481 1186 1516 castellanis

441 1641 686 1680 nuncupentur,
712 1630 929 1679 praesentibus
945 1638 975 1665 et
1003 1630 1126 1669 futuris,
1156 1630 1184 1664 in

440 1684 615 1719 civitatibus
642 1682 803 1717 Bononiae
827 1689 856 1714 et
879 1680 1001 1714 Perusii
1020 1709 1029 1718 ,
1059 1692 1185 1714 earum-

440 1747 500 1781 que
524 1732 802 1767 communitatibus
824 1739 854 1764 et
873 1729 1082 1772 districtibus,
1107 1742 1186 1764 nec-

440 1796 502 1818 non
536 1781 784 1820 Romandiolae,
820 1779 976 1814 Marchiae
1010 1778 1209 1823 Anconae,1

441 1833 573 1867 ducatus
587 1831 761 1878 Spoletani,
785 1829 968 1863 patrimonii
993 1828 1079 1863 Beati
1103 1828 1185 1863 Petri

440 1883 470 1916 in
489 1881 636 1920 Thuscia,
651 1879 851 1926 Campaniae,
868 1878 1042 1913 Maritimae
1064 1886 1093 1912 et
1110 1878 1186 1912 Mas-

440 1944 493 1966 sae
507 1930 674 1966 Trabariae
691 1929 858 1976 provinciis
872 1937 898 1963 et
915 1929 985 1962 aliis
999 1928 1187 1967 civitatibus,

441 1981 532 2016 terris
559 1989 587 2014 et
604 1980 680 2014 locis
701 1979 803 2014 dictae
826 1979 985 2013 Ecclesiae
1009 1978 1188 2012 immediate

441 2030 588 2066 subiectis
618 2033 762 2077 (quorum
779 2029 904 2064 nomina
921 2028 1027 2063 haberi
1043 2027 1188 2062 volumus

443 2080 663 2128 praesentibus
690 2092 745 2126 pro
767 2079 949 2126 expressis),
974 2088 1080 2113 tenore
1099 2090 1189 2124 prae-

442 2131 578 2165 sentium
597 2130 771 2165 districtius
790 2128 983 2167 inhibemus,
998 2141 1036 2162 ne
1050 2128 1189 2162 frumen-

442 2189 507 2215 tum
531 2189 559 2215 et
586 2180 644 2214 alia
667 2179 769 2223 blada,
792 2179 910 2222 vinum,
934 2178 1028 2224 ligna,
1049 2177 1189 2221 foenum,
1209 2220 1211 2222 v

444 2230 546 2276 paleas
568 2238 619 2264 aut
643 2242 692 2263 res
719 2229 794 2263 alias
821 2228 857 2262 ad
888 2229 1041 2275 ipsorum,
1065 2240 1118 2261 seu
1142 2227 1190 2261 of-

442 2279 601 2318 ficiatium.
622 2279 818 2313 familiarium
843 2287 872 2312 et
891 2278 1096 2324 hospitiorum
1113 2290 1188 2311 suo-

443 2342 509 2363 rum
546 2329 592 2363 rel
629 2329 758 2363 aliorum
793 2340 1067 2375 quorumcumque
1097 2340 1188 2361 usum

442 2381 624 2427 spectantia.
655 2392 708 2427 per
733 2379 816 2414 eires
837 2387 867 2413 et
891 2379 1009 2414 incolas
1036 2379 1189 2413 dictarum

443 2430 619 2471 civitatum,
652 2431 930 2469 communitatum,
966 2430 1189 2470 districtuum,

445 2481 686 2526 provinciarum,
716 2489 865 2515 terrarum
895 2489 924 2513 et
956 2480 1109 2522 locorum,
1133 2489 1188 2512 seu

446 2543 499 2577 per
522 2531 658 2578 ipsorum
675 2531 787 2564 civium
804 2539 835 2565 et
859 2529 1031 2563 incolarum
1056 2528 1191 2574 navigia.

446 2593 556 2615 currus
577 2589 627 2614 aut
655 2580 813 2618 animalia,
836 2580 941 2625 gratis,
966 2579 1033 2613 sine
1063 2579 1142 2612 iusto
1161 2585 1189 2610 et

447 2630 566 2675 integro
591 2630 684 2663 naulo
700 2639 728 2663 et
744 2630 884 2675 praemio
903 2629 1004 2663 statim
1026 2627 1189 2670 solvendo,

448 2679 559 2713 deferri
584 2679 693 2714 faciant
718 2691 771 2713 seu
801 2679 999 2726 compellant.

1224 441 1387 476 contrariis
1414 440 1681 487 quilmscumque,
1704 451 1783 486 quae
1809 451 1862 485 per
1879 452 1969 486 pram

1225 499 1331 525 sentes
1371 502 1581 528 revocamus,
1610 501 1770 523 cassamus
1797 497 1826 522 ct
1856 488 1971 523 viribus

1226 553 1405 574 vacuamus.

1272 595 1287 631 ,ξ
1310 594 1341 623 5.
1365 589 1429 623 Nos
1451 589 1548 627 cuim,
1571 588 1674 623 omnia
1697 595 1727 622 ct
1749 586 1872 633 singula
1888 599 1972 633 prae-

1225 647 1331 686 cepta,
1356 639 1490 681 damna,
1514 638 1669 682 mulctas,
1692 636 1973 672 condemnationes

1224 698 1249 722 ct
1276 688 1350 722 alias
1380 701 1516 734 poenas,
1539 688 1563 721 si
1589 700 1668 734 quae
1696 694 1802 721 contra
1835 693 1971 720 nostram

1226 737 1408 771 huiusmodi
1423 737 1655 775 inhibitionem,
1671 736 1732 770 sint
1755 736 1799 769 vel
1821 736 1850 769 in
1869 744 1974 782 poste—

1226 800 1293 821 rum
1319 787 1430 821 fuerint
1446 795 1604 825 attentata,
1625 799 1760 821 exnunc
1775 785 1974 819 decernimus

1226 837 1320 875 irrita,
1337 844 1366 870 ct
1383 836 1499 871 nullius
1519 837 1643 884 penitus
1658 837 1790 870 existere
1806 835 1972 869 firmitatis.

1225 887 1264 921 Et
1305 886 1511 920 nihilominus
1548 898 1658 920 omnes
1685 895 1712 919 et
1750 884 1892 930 singuli,
1920 885 1974 932 qui

1225 944 1330 971 contra
1349 945 1485 971 nostram
1512 936 1701 983 praedictam
1729 934 1949 969 inhibitionem
1968 963 1974 973 ,

1225 986 1290 1020 sive
1325 999 1361 1020 ex
1389 998 1443 1020 sua
1473 986 1671 1024 temeritate,
1707 984 1771 1019 sive
1799 996 1836 1019 ex
1873 983 1975 1018 alieno

1227 1035 1373 1070 mandato
1385 1036 1490 1070 venire
1504 1034 1783 1082 praesumpserint,
1795 1034 1976 1068 cuiuscum-

1225 1098 1286 1131 que
1314 1085 1485 1131 dignitatis,
1500 1093 1612 1127 status,
1635 1084 1766 1124 ordinis,
1784 1082 1976 1118 conditionis

1226 1135 1372 1174 existant,
1401 1135 1493 1169 etiam
1514 1135 1538 1168 si
1565 1133 1735 1181 pontificali
1759 1140 1810 1166 aut
1825 1131 1881 1166 alia
1898 1144 1977 1178 qua-

1228 1185 1272 1218 vis
1301 1184 1439 1230 fulgeant
1461 1184 1624 1229 dignitate,
1653 1190 1775 1230 praeter
1790 1182 1890 1216 dictae
1912 1181 1977 1215 Ec-

1226 1234 1338 1268 clesiae
1366 1234 1554 1277 cardinales,
1577 1231 1912 1267 excommunicationis
1935 1231 1977 1265 in·

1227 1291 1351 1318 currant
1367 1283 1554 1318 sententiam
1580 1284 1646 1329 ipso
1670 1281 1763 1322 facto,
1785 1289 1815 1316 et
1842 1280 1976 1328 duplum

1227 1334 1305 1374 eius,
1320 1333 1403 1380 quod
1422 1346 1476 1380 pro
1493 1333 1659 1380 praedictis
1669 1331 1789 1366 solvere
1800 1330 1977 1369 debuerint,

1230 1384 1290 1417 illis
1324 1395 1406 1430 quos
1433 1395 1529 1430 super
1558 1381 1741 1429 praemissis
1762 1380 1977 1427 gravaverint,

1229 1433 1392 1467 restituere
1420 1440 1609 1472 teneantur,
1633 1431 1716 1465 nulla
1747 1431 1776 1464 in
1806 1431 1864 1464 hac
1894 1438 1978 1477 parte

1206 1515 1208 1520 ,
1228 1483 1423 1522 remissione,
1446 1482 1562 1517 directe
1587 1481 1632 1516 vel
1657 1480 1809 1515 indirecte
1825 1479 1977 1518 facienda,

439 1546 469 1572 et
496 1536 564 1570 aliis
587 1534 841 1581 quibuscumque
860 1531 1047 1565 officialibus
1071 1531 1187 1565 nostris
1206 1549 1208 1560 ι

439 1594 469 1621 et
484 1584 625 1620 eiusdem
649 1583 821 1624 Ecclesiae,
839 1593 1041 1628 quocumque
1060 1581 1187 1615 nomine
1206 1597 1208 1607 v

1228 1533 1274 1567 eis
1293 1532 1494 1579 aliquatenus
1514 1532 1655 1566 valitura.
1679 1530 1748 1572 Qua
1764 1529 1892 1576 quidem
1911 1541 1979 1563 sen-

1230 1582 1321 1616 tentia
1342 1581 1447 1625 (cuius
1475 1580 1703 1616 absolutionem
1732 1580 1805 1614 Sedi
1835 1578 1979 1625 Aposto—

1230 1632 1306 1666 licae
1326 1631 1503 1678 specialiter
1526 1632 1739 1671 reservamus)
1757 1628 1863 1663 nullus
1882 1628 1979 1675 possit

1207 1706 1209 1712 ·
1229 1681 1359 1721 absolvi,
1387 1681 1445 1714 nisi
1468 1680 1639 1715 satisfactio
1658 1686 1688 1714 et
1711 1678 1842 1724 duplum
1866 1677 1980 1712 huius—

1231 1731 1313 1765 modi
1352 1730 1475 1765 realiter
1502 1729 1592 1764 fuerit
1630 1729 1776 1776 primitus
1812 1727 1978 1774 persoluta.

1229 1781 1312 1815 Nulli
1338 1792 1425 1825 ergO,
1448 1788 1502 1813 etc.

1278 1830 1392 1864 Datum
1415 1829 1498 1876 apud
1528 1828 1659 1863 Pontem
1683 1827 1824 1873 Sorgiae,
1847 1826 1977 1860 Arenio·

1208 1894 1210 1899 ’
1231 1881 1338 1914 nensis
1358 1879 1522 1921 dioecesis,
1538 1878 1660 1913 decimo
1682 1878 1818 1924 septimo
1832 1875 1981 1911 kalendas

1231 1930 1308 1969 iulii,
1333 1929 1533 1976 pontificatus
1562 1928 1659 1962 nostri
1688 1939 1771 1961 anno
1801 1927 1903 1960 tertio.

1283 1992 1343 2022 Dat.
1361 1992 1408 2022 die
1428 1992 1461 2021 15
1480 1991 1553 2020 iunii
1574 1990 1658 2026 1373,
1678 1988 1779 2028 pontif.
1795 1998 1871 2018 anno
1890 1997 1930 2018 111.

1568 2165 1635 2200 XV.

1232 2243 1278 2275 De
1291 2242 1445 2286 scriptura
1471 2241 1631 2274 literarum
1665 2238 1906 2283 apostolicarum
1929 2247 1983 2281 per

1280 2292 1440 2335 scriptores
1477 2292 1566 2323 iuxta
1603 2289 1845 2322 distributionem
1874 2294 1983 2320 secreta

1282 2343 1397 2374 riorum
1424 2341 1481 2373 cito
1509 2340 1662 2384 facienda,
1699 2346 1725 2371 et
1746 2337 1982 2371 inobedientium

1279 2403 1377 2436 poena
1407 2392 1468 2434 (l).

1496 2473 1710 2504 SUMMARIUM

1237 2537 1258 2566 l,
1296 2538 1444 2576 Scriptura
1478 2537 1627 2566 literarum
1663 2536 1892 2575 apostolicarum
1925 2535 1981 2565 cito

1274 2582 1416 2611 facienda.
1436 2600 1472 2604 —-
1495 2582 1522 2611 02.
1553 2582 1646 2611 Poena
1676 2581 1919 2611 inobedientium.
1945 2597 1983 2602 —

1273 2627 1299 2656 3.
1322 2627 1488 2656 Clausulae.

1268 2690 1308 2724 (t)
1325 2689 1361 2715 Ex
1380 2690 1484 2724 Regest.
1504 2690 1528 2715 in
1551 2688 1658 2715 Archiv.
1679 2688 1760 2714 Vatie.

2001 599 2083 619 Poenae
2096 600 2170 619 tuntum

1988 631 2094 650 ruentium.
