2274 3265
96 270 145 297 An.
164 269 182 295 C
210 267 275 293 ¹280
932 268 1088 291 Nicotaus
1112 269 1142 290 iv
1167 268 1213 289 Pr.
1746 261 1790 291 89
1859 268 1909 293 ΛΠ,
1928 268 1946 294 t:
1973 268 2038 293 1289

1129 328 1143 365 ,ξ
1175 325 1205 356 l.
1236 322 1352 367 Quare,
1380 323 1419 357 de
1446 325 1607 358 communi
1632 325 1762 359 fratrum
1781 336 1838 358 no·
1868 332 2038 359 Parti-nmmum

293 371 410 406 dustria
424 372 506 407 circa
518 373 680 419 dirigenda
698 372 856 420 quaelibet
875 381 905 407 et
920 372 1039 418 agenda
1081 380 1216 406 strorum
1257 372 1390 406 consilio
1419 381 1447 407 et
1485 386 1634 414 assensu,
1681 374 1837 420 praesenti
1854 366 1912 416 ’ἐφ’
1930 370 1976 390 “’““’
1992 371 2039 383 ”“”

1869 396 1958 414 *natttiin
1986 396 2025 414 atti

293 420 461 455 salubriter
504 421 615 457 afferre
663 422 880 457 universaliter
927 422 1041 455 maiora
1084 421 1246 456 sanctione
1293 422 1460 456 statuimus
1500 431 1529 458 et
1564 423 1768 458 decernimus
1800 404 2036 457 de⁶i¹·³‘-¹‘¹⁴¹*·‘·'“·

294 471 460 505 commoda
487 470 693 516 dignoscitur.
728 472 773 506 Ac
807 472 877 505 ideo
900 479 1042 518 reputan-

293 322 432 361 consilii,
460 330 489 358 et
511 331 657 370 expertae
679 323 972 371 circumspectionis
996 323 1040 356 in-

113 1240 162 1260 Cum
173 1239 198 1258 ἰίε
210 1235 286 1256 Eccle-

101 1272 144 1292 siae
172 1266 284 1292 vectigalis

102 1304 196 1329 partitur.

1855 464 1891 478 eo«
1903 458 1964 483 portin
1975 462 1999 475 ne
2013 457 2040 476 di<

295 528 340 554 tes
362 520 594 566 incongruum,
625 528 659 555 ut
674 521 730 568 ipsi
753 520 938 555 Cardinales
961 528 1043 554 tanta

296 569 424 615 praediti
453 569 616 616 dignitate,
639 571 797 617 tantisque
820 569 1045 605 sollicitudini-

297 620 356 654 bus
396 632 431 654 ac
458 619 618 654 laboribus
645 620 817 666 aggravati,
845 620 898 666 qui
924 620 961 655 ad
997 618 1045 652 fe-

297 669 429 704 rendum
475 668 640 703 nobiscnm
682 678 839 704 tantorum
890 669 1045 704 sarcinam

296 731 426 753 onerum
459 718 550 753 nobis
580 718 832 753 incumbentium
861 731 898 753 ex
925 728 1049 766 aposto-

297 768 374 803 licae
415 767 517 803 officio
556 767 734 808 servitutis,
769 768 837 802 dies
874 767 1048 803 laboriosos

296 826 409 863 agunt,
438 825 609 864 noctesque
646 817 825 864 perducunt
862 817 1047 858 insomnes,

297 866 469 902 reddantur
506 866 646 901 eiusdem
687 866 849 902 Romanae
886 867 1047 902 Ecclesiae

297 923 506 962 proventuum
534 923 564 950 et
593 915 787 960 reddituum,
822 928 857 951 ac
886 916 1047 962 prosperi-

297 965 368 999 tatis
395 972 551 1012 expertes,
578 965 628 999 eui
648 966 885 1000 communicant
901 965 930 999 in
945 965 1049 1000 diver-

297 1014 355 1054 sis,
393 1014 625 1060 conspicientes
658 1027 784 1061 quoque
820 1016 851 1049 in
889 1014 1050 1049 nonnullis

298 1063 413 1108 regnis,
442 1064 623 1110 provinciis,
658 1063 779 1104 insulis,
806 1063 947 1104 lacubus,
975 1063 1050 1098 civi·

299 1113 426 1156 tatibus,
451 1113 542 1147 terris
581 1121 611 1147 et
632 1112 710 1147 locis
735 1112 892 1147 Ecclesiae
928 1125 1050 1147 memo-

301 1170 382 1197 ratae
405 1162 538 1196 ubilibet
565 1162 744 1196 constitutis
780 1163 845 1196 iura
873 1170 905 1197 et
928 1162 1051 1196 iurisdi-

300 1212 421 1246 ctiones
451 1211 549 1258 ipsius
577 1211 738 1246 Ecclesiae
761 1211 876 1245 multae
899 1211 1051 1245 hactenus

301 1260 509 1307 negligentiae
533 1261 688 1307 patuisse,
711 1269 740 1294 et
768 1260 842 1295 alias
865 1260 974 1295 multis
996 1272 1051 1294 cx-

301 1311 400 1355 posita
435 1309 530 1344 fuisse
557 1309 734 1357 dispendiis
768 1321 823 1356 per
844 1310 1051 1344 occultatores

300 1368 330 1394 et
371 1367 579 1404 occupatores
614 1358 822 1405 multiplices,
852 1359 904 1406 qui
939 1358 977 1393 ad
1015 1370 1050 1393 ea

300 1420 412 1444 manus
434 1408 558 1443 illicitas
581 1407 810 1448 extenderunt3
833 1408 963 1454 dignum
992 1408 1052 1442 du-

299 1458 415 1502 ximus,
450 1466 484 1492 ut
507 1457 683 1503 praedictos
704 1456 869 1493 Romanae
892 1457 1051 1492 Ecclesiae

300 1507 467 1542 universos
489 1505 622 1550 fructus,
650 1506 794 1542 redditus
816 1516 845 1541 et
869 1515 1052 1553 proventus,

299 1568 378 1604 quos
405 1557 435 1590 in
463 1555 590 1591 Siciliae
614 1564 644 1591 et
666 1556 811 1603 Angliae,
833 1555 964 1603 aliisque
980 1557 1053 1602 qui-

301 1606 437 1641 buslibet
465 1606 583 1651 regnis,
614 1605 772 1645 Sardinia,
799 1604 940 1649 Corsica,
967 1605 1048 1640 aliis-

299 1668 360 1703 quo
383 1655 511 1693 insulis:
540 1667 598 1690 nec
620 1667 681 1690 non
705 1655 734 1689 in
758 1654 896 1690 Marcbia
921 1655 1052 1689 Anconi-

301 1714 382 1746 tana,
411 1704 568 1752 provincia
590 1704 809 1745 Romaniolae,
832 1704 947 1739 ducatu
976 1705 1051 1749 Spo-

300 1755 417 1798 letano,
439 1763 519 1789 terra
547 1754 766 1793 Arnulforum,
804 1754 993 1801 patrimonio
1015 1754 1051 1788 B.

300 1804 384 1839 Petri
407 1804 437 1838 in
465 1804 592 1844 Tuscia,
615 1804 788 1851 Campania
821 1813 850 1839 et
884 1804 1052 1844 Maritima,

299 1852 443 1895 Sabinia,
466 1853 567 1889 Massa
594 1852 753 1897 Trabaria,
773 1852 982 1900 Carfagnana,
1006 1865 1053 1888 co-

300 1904 410 1937 mitatu
449 1902 620 1943 Venesini,
655 1904 778 1937 civitate
812 1902 1053 1946 Beneventana,

301 1964 336 1987 ac
362 1952 430 1987 aliis
453 1953 546 1987 terris
573 1960 603 1987 et
628 1951 717 1992 locis,
745 1960 774 1987 et
798 1952 945 1987 censibus
970 1963 1053 1998 prac-

301 2001 456 2036 dictorum
480 2002 590 2036 eadem
615 2001 756 2036 Ecclesia
780 2001 924 2036 obtinere
946 2001 1055 2047 digno-

301 2051 412 2092 scitur,
439 2050 624 2086 Cardinales
655 2051 712 2097 ipsi
736 2050 832 2085 modo
867 2050 1054 2098 participent

302 2098 521 2147 infrascripto,
558 2100 679 2135 firmam
710 2100 861 2135 babentes
885 2099 1053 2142 fiduciam,

302 2149 386 2196 quod
407 2150 445 2184 de
460 2158 583 2185 caetero
599 2162 775 2197 percorum
792 2149 1053 2188 sollicitudinem,

302 2198 509 2245 diligentiam,
532 2208 562 2234 et
578 2199 862 2234 considerationem
893 2207 1051 2245 expertam

303 2247 480 2295 favorisque
503 2248 706 2294 praesidium,
736 2249 764 2282 in
788 2249 906 2283 eisdem
932 2249 1007 2282 locis
1026 2256 1053 2282 et

304 2298 396 2331 terris
436 2297 576 2332 fidelium
605 2306 723 2332 crescet
759 2297 902 2341 devotio,
938 2297 1053 2332 iustitIa

305 2346 432 2394 plenius
452 2347 610 2388 reddetur,
633 2355 664 2382 et
690 2348 832 2394 aequitas
860 2346 1053 2393 diligentiori

304 2396 410 2430 studio
456 2396 561 2431 habita
600 2396 793 2437 servabitur,
837 2405 988 2443 occupata
1027 2404 1055 2430 et

304 2445 436 2481 alienata
473 2446 502 2480 in
531 2453 644 2480 statum
674 2446 816 2481 debitum
846 2446 1054 2485 reducentur,

305 2503 334 2528 et
378 2495 637 2530 restaurabuntur
679 2495 770 2529 etiam
807 2495 972 2542 dissipata3
1016 2496 1055 2528 ita

306 2545 389 2591 qnod
414 2545 595 2580 huiusmodi
624 2544 822 2592 participatio
855 2545 960 2591 magni
998 2545 1056 2578 bo·

307 2595 394 2629 noris
413 2602 443 2629 et
470 2594 613 2629 utilitatis
629 2594 742 2641 pariter
758 2594 796 2628 sit
813 2594 1055 2629 incrementum.

388 2655 462 2685 Ball.
487 2654 562 2684 Rom.
592 2655 645 2683 t'ol.
666 2654 711 2683 lt‘.
898 2655 934 2684 11³.

1086 470 1282 517 plenitudine
1311 471 1499 517 apostolicae
1537 474 1710 518 potcstatis,
1741 480 1773 506 nt
1801 471 1942 508 dedam.

1087 520 1239 555 universis
1262 519 1433 559 fructibus,
1458 521 1651 565 redditibus,
1680 522 1840 568 proventi-

1086 569 1164 613 bus,
1189 570 1331 610 mutetis,
1359 570 1677 605 condemnationibus
1707 580 1735 605 ct
1767 584 1841 606 cen-

1087 619 1175 653 sibus
1197 619 1390 666 snpradictis
1414 619 1465 654 liat
1493 620 1606 655 divisio
1625 621 1654 654 in
1678 621 1756 655 duas
1775 633 1841 667 par-

1088 677 1146 711 tes,
1169 682 1302 716 quarum
1319 681 1378 703 una
1407 669 1513 715 Papali
1537 669 1689 704 Gamerae
1716 682 1842 717 semper

1089 719 1189 762 cedat,
1209 719 1327 765 reliqua
1351 731 1423 753 vero
1452 719 1532 754 inter
1559 718 1742 753 Cardinales
1764 731 1842 754 eos—

1089 769 1159 803 dem
1176 769 1348 815 aequalitcr
1362 768 1530 808 dividatur,
1553 768 1702 814 quodque
1721 776 1838 814 partem

1090 819 1271 853 huiusmodi
1301 817 1533 865 praedictorum
1558 817 1735 857 fructuum,
1772 818 1844 851 red-

1090 868 1233 907 dituum,
1262 875 1492 914 proventuum,
1530 866 1737 905 muletarum,
1768 878 1844 899 con-

1090 917 1327 952 demnationnm
1351 925 1380 951 ct
1403 928 1556 951 censuum
1579 914 1756 961 Collegium
1773 914 1843 949 Car·

1091 967 1242 1001 ‹linaliuin
1279 965 1454 1000 eorundem
1489 964 1638 1011 percipiat
1673 965 1741 998 iure
1773 976 1843 998 suo.

1091 1015 1132 1049 Ut
1159 1025 1262 1050 autem
1293 1015 1449 1061 praedicta
1482 1013 1670 1049 successivis
1700 1013 1843 1059 tempori-

1093 1064 1150 1099 bus
1189 1064 1348 1099 salubrius
1375 1073 1405 1099 et
1437 1064 1546 1098 utilius
1571 1062 1693 1096 valeant
1720 1062 1843 1096 effectui

1092 1114 1275 1161 mancipari,
1302 1113 1473 1150 sancimus,
1503 1122 1534 1147 nt
1563 1112 1716 1146 institutio
1739 1119 1769 1145 ct
1797 1111 1845 1145 de-

1092 1164 1211 1197 stitutio
1230 1171 1400 1202 rectorum,
1435 1162 1489 1208 qui
1525 1171 1681 1207 praeerunt
1705 1160 1780 1194 locis
1816 1169 1845 1193 et

1093 1213 1181 1247 terris
1205 1211 1372 1259 praedictis
1394 1219 1424 1245 et
1447 1221 1725 1257 quorumcumque
1750 1210 1845 1244 etiam

1092 1261 1222 1296 aliorum
1248 1262 1420 1303 fructuum,
1443 1260 1598 1294 dictorum
1620 1258 1799 1293 reddituum
1817 1267 1846 1292 et

1094 1319 1324 1357 proventuum,
1367 1309 1574 1349 muletarum,
1608 1308 1847 1341 condemnatio-

1094 1372 1168 1394 num
1217 1368 1245 1394 et
1281 1371 1434 1393 censuum
1475 1358 1679 1392 collectorum
1716 1356 1765 1390 liat
1809 1356 1847 1390 de

1093 1409 1224 1444 consilio
1239 1408 1454 1443 Cardinalium
1480 1407 1724 1454 praedictorum.

1142 1463 1157 1502 ξ
1185 1463 1217 1492 2.
1242 1458 1324 1493 Nulli
1347 1469 1422 1503 ergo
1449 1457 1579 1491 omnino
1607 1455 1771 1489 bominum
1805 1455 1847 1488 li-

1093 1516 1161 1543 ceat
1190 1508 1269 1542 lianc
1296 1507 1442 1554 paginam
1467 1515 1592 1540 nostrae
1615 1504 1848 1547 concessionis,

1094 1558 1212 1601 statuti,
1236 1557 1387 1595 mandati,
1411 1556 1646 1601 sanctionisquc
1667 1552 1848 1599 infringere,

1095 1608 1140 1642 vel
1164 1608 1190 1642 ei
1221 1619 1299 1641 ausu
1330 1606 1498 1639 temerario
1527 1604 1693 1639 contraire.
1723 1602 1755 1638 Si
1779 1603 1849 1650 quis

1094 1666 1197 1691 autem
1226 1656 1286 1690 boc
1312 1663 1465 1689 attentare
1495 1653 1764 1701 praesumpserit,
1798 1654 1850 1686 in-

1095 1706 1310 1753 dignationem
1348 1704 1574 1751 ommpotentis
1598 1703 1654 1737 Dei
1683 1711 1712 1737 et
1747 1701 1850 1735 beato-

1096 1770 1163 1791 rum
1189 1755 1274 1790 Petri
1303 1763 1333 1789 et
1356 1754 1442 1788 Pauli
1476 1753 1690 1801 apostolorum
1723 1752 1789 1786 eius
1816 1764 1849 1786 se

1096 1806 1215 1840 noverit
1244 1806 1458 1839 incursurum.

1144 1855 1217 1889 Eoo
1260 1854 1427 1888 Nicotaus
1475 1852 1646 1887 catholicae
1688 1850 1850 1885 Ecclesiae

1096 1905 1275 1952 episcopus.

1144 1953 1213 1999 Ego
1251 1952 1413 1988 Gerardus
1454 1951 1640 1986 Sabinensis
1678 1950 1849 1996 episcopus

1095 2002 1280 2049 subscripsi.

1145 2051 1213 2097 Ego
1251 2051 1386 2086 loannes
1430 2049 1632 2084 Tusculanus
1680 2048 1849 2094 episcopus

1096 2101 1281 2148 subscripsi.

1146 2150 1212 2196 Ego
1245 2152 1338 2185 frater
1372 2148 1548 2183 Matthaeus
1585 2146 1663 2180 tituli
1703 2145 1737 2180 S.
1768 2145 1849 2179 Lau-

1098 2200 1186 2233 rentii
1212 2200 1240 2233 in
1263 2200 1400 2234 Damaso
1417 2197 1577 2244 presbyter
1591 2195 1759 2231 cardinalis
1777 2193 1848 2228 sub-

1097 2249 1220 2296 scripsi.

1146 2298 1213 2344 Ego
1240 2297 1354 2332 Petrus
1382 2295 1461 2330 tituli
1490 2296 1596 2330 Sancti
1630 2293 1724 2327 Marci
1760 2305 1848 2340 pres-

1100 2348 1188 2396 byter
1222 2346 1390 2382 cardinalis
1424 2344 1609 2390 subscripsi.

1146 2397 1214 2443 Ego
1242 2396 1376 2431 Iacobus
1411 2394 1546 2428 Sanctae
1574 2393 1690 2427 Mariae
1726 2392 1755 2425 in
1792 2390 1847 2425 Via

1098 2446 1172 2481 Lata
1196 2447 1346 2481 diaconus
1369 2444 1535 2479 cardinalis
1563 2441 1747 2488 subscripsi.

1146 2496 1214 2541 Ego
1237 2494 1398 2541 Neapoleo
1420 2492 1527 2528 Sancti
1548 2491 1676 2525 Adriani
1697 2490 1847 2524 diaconus

1099 2545 1264 2581 cardinalis
1291 2543 1474 2589 subscripsi.

1148 2595 1215 2642 Ego
1247 2593 1300 2628 Fr.
1336 2593 1466 2627 Latinus
1498 2590 1655 2625 Ostiensis
1681 2597 1710 2624 ct
1737 2587 1849 2623 Velle-

1101 2645 1212 2678 trensis
1241 2643 1411 2689 episcopus
1439 2640 1624 2687 subscripsi.

1875 1464 1924 1485 Curi.
1935 1466 2027 1485 lusiam!

1878 1865 1958 1885 ,Nix->lut
1975 1864 2006 1884 FP
2022 1864 2045 1884 Η

1866 1900 1886 1916 et
1913 1896 2048 1916 cardinalium

1866 1927 2035 1952 subscriptiones
