2274 3265
0 3233 3 3265 i

0 2447 7 2647 1

5 2982 8 3020 i

6 3026 9 3064 i

5 3137 9 3208 i

5 3223 10 3265 i

90 261 140 289 An.
157 261 186 288 C.
202 261 265 288 ¹28t

330 317 467 346 martinus
484 317 626 354 episeopus
659 324 755 346 servus
770 323 910 346 sorvorum
931 315 987 344 Det.

334 389 355 436 g
382 391 412 422 t.
434 388 522 423 Viam
550 388 733 423 ambitiosae
766 386 947 434 cupiditatis
982 398 1032 420 re-

99 446 129 483 3³¹
148 446 272 481 mentttqan-
287 438 404 483 ligiosis
428 437 589 485 potissime
612 436 865 472 mendicantibus
889 435 1033 483 praeclu-

89 476 272 530 {ssm'flssssmss'ffflssss'
286 487 359 522 dere
381 488 545 533 cupientes
571 486 610 522 ad
632 487 709 521 alios
735 486 864 521 ordines
892 497 1033 532 praeser-

88 540 271 590 ⁰⁸⁵h‚b⁸fj¹¹¹⁵³¹¹¹¹¹¹
287 537 340 571 tim
369 537 561 572 monasticos
589 535 716 579 (suc-atis
743 544 845 570 tamen
874 534 1033 569 coloribus

89 576 194 597 ''¹⁰'e'
286 586 499 621 asserentibus
532 585 573 620 ob
607 585 727 632 frugem
767 584 905 620 melioris
942 585 1033 621 vitae.

285 644 338 670 aut
363 635 505 670 arctioris
525 635 751 678 observantiae)
775 643 835 668 tam
858 634 957 669 sancti
978 633 1035 668 Be-

286 685 415 729 nedicti,
441 697 535 732 quam
563 683 797 728 CisterciensiS,
816 682 1034 719 Camaldulen·

284 735 340 774 sis,
366 733 668 777 Vallis-Unibrosae,
689 733 923 768 Canonicorum
940 746 1035 779 regu-

286 784 395 818 larium
415 783 521 818 Sancti
542 784 723 830 Augustini,
747 783 794 817 vel
819 784 952 817 aliorum
973 796 1036 817 mo-

287 834 476 867 nasticorum
504 833 652 868 ordinum
673 834 837 868 convolare
861 833 1036 868 nitentibus

285 883 441 917 licentiam
474 895 490 917 a
518 882 602 917 Sede
628 882 821 930 Apostolica,
849 896 903 917 seu
928 883 1037 930 legatis

284 940 337 967 aut
360 932 479 967 nuntiis
501 934 642 967 eiusdem
666 932 761 968 Sedis
782 934 818 967 ad
843 932 1036 968 transferen-

284 982 360 1016 dum
382 993 416 1016 se
451 982 491 1016 de
518 983 767 1017 mendicantium
801 982 966 1017 ordinibus
999 983 1035 1017 ad

284 1031 363 1066 alios
393 1031 533 1071 ordines,
569 1033 751 1078 praesertim
780 1045 814 1067 ea
842 1033 960 1066 ratione
987 1036 1036 1074 (ut

286 1080 452 1116 verisimile
471 1090 529 1120 est,
556 1090 648 1128 prout
667 1082 734 1116 facti
755 1081 910 1116 evidentia
934 1081 1036 1123 (locet)

286 1138 320 1165 ut
335 1129 463 1165 liberius
473 1130 599 1176 degant,
612 1131 843 1178 dignitatesque,
865 1139 892 1165 et
915 1131 1036 1165 benefi-

285 1180 329 1214 cia
341 1180 511 1215 monastica
524 1183 675 1227 consequi
689 1181 822 1224 valeant,
843 1188 873 1215 et
894 1192 931 1214 ex
945 1181 1037 1214 certis

286 1229 354 1263 aliis
391 1229 495 1263 causis
521 1229 676 1264 honestati
700 1243 762 1265 non
785 1230 934 1265 consonis
956 1229 1038 1263 obti-

287 1278 448 1312 uentibus.
471 1279 511 1312 Αῑ
534 1281 674 1314 volentes
692 1280 784 1314 etiam
806 1279 1036 1313 conservationi

287 1328 433 1362 ordinum
456 1328 704 1363 mendicantium
730 1329 912 1375 providere:
935 1337 1037 1362 aucto-

287 1377 375 1411 ritate
396 1378 566 1423 apostolica
590 1390 628 1413 ex
656 1386 739 1413 certa
761 1379 904 1422 scientia,
931 1386 1038 1412 tenore

287 1429 499 1474 praesentium
522 1429 731 1468 declaramus,
754 1437 785 1463 et
810 1430 902 1463 etiam
926 1428 1038 1462 derer-

288 1481 404 1525 nimus,
422 1487 606 1524 statuentes,
628 1479 712 1527 quod
733 1479 771 1514 de
786 1487 909 1514 caetero
932 1478 1038 1512 nullus

288 1530 453 1576 religiosus
478 1529 625 1564 ordinum
663 1530 909 1564 mendicantium
950 1541 1037 1576 quo-

288 1591 508 1626 rumcumque,
530 1580 759 1626 cuiuscumque
780 1580 908 1623 gradus,
926 1588 1038 1623 status,

287 1628 476 1664 conditionis
504 1631 547 1664 vel
587 1630 746 1676 religionis
777 1629 902 1668 existat,
936 1641 1039 1676 quan-

288 1687 493 1727 tumcumque
505 1687 535 1713 et
549 1680 821 1727 qualitercumque
836 1678 932 1725 possit
946 1687 974 1713 et
988 1678 1037 1712 de-

289 1729 371 1774 beat,
389 1731 502 1764 virtute
518 1730 751 1777 cuiuscumque
770 1729 925 1771 licentiae,
946 1729 1036 1763 etiam

288 1779 400 1814 indulti
423 1779 600 1826 apostolici,
617 1791 672 1814 seu
693 1779 923 1824 poenitentiarii
943 1779 1037 1812 nostri

289 1841 395 1864 curam
423 1829 572 1874 gerentis,
600 1829 646 1863 vel
675 1830 732 1864 alia
764 1830 875 1876 quavis
902 1828 1039 1863 auctori-

290 1887 351 1914 tate
380 1880 544 1917 hactenus,
572 1880 664 1913 etiam
695 1892 750 1926 per
782 1880 884 1913 literas
911 1886 1039 1924 aposto-

289 1928 365 1964 licas
377 1928 559 1963 facultatum
575 1930 760 1975 quorumvis
776 1937 836 1963 tam
854 1928 1040 1973 legatorum,

291 1978 337 2013 vel
366 1979 550 2012 nuntiorum
577 1979 672 2013 Sedis
704 1978 917 2025 Apostolicae,
946 1990 1039 2024 quam

290 2029 347 2062 alia
370 2029 567 2068 auctoritate,
590 2028 725 2063 maxime
747 2028 787 2063 de
817 2027 1042 2062 transferendis

291 2077 449 2118 fratribus,
478 2086 532 2111 aut
559 2077 718 2125 aliquibus
745 2078 925 2124 praesertim
954 2077 1041 2111 ordi-

293 2140 365 2162 num
391 2126 638 2162 mendicantium
666 2127 906 2174 professoribus,
939 2127 967 2160 in
993 2139 1043 2171 ge-

293 2189 368 2211 nere
391 2177 437 2211 vel
453 2178 482 2210 in
500 2178 605 2223 specie
623 2177 662 2211 ab
678 2177 844 2212 ordinibus
858 2176 1041 2211 huiusmodi

293 2227 540 2261 mendicantium
567 2227 628 2261 sub
649 2240 851 2274 quacumque
876 2227 1042 2260 verborum

294 2277 390 2310 forma
426 2286 597 2322 appareant
624 2277 744 2311 admitti
777 2277 822 2310 vel
855 2276 961 2322 recipi,
990 2288 1044 2323 per

293 2326 416 2372 aliquos
434 2328 527 2359 etiam
550 2327 727 2373 superiores
755 2326 873 2360 ordinis
894 2338 949 2360 seu
975 2338 1043 2359 ino-

294 2376 440 2417 nasterii,
479 2384 532 2409 aut
572 2376 629 2410 loci
671 2377 848 2413 monastici,
877 2388 931 2409 seu
972 2375 1045 2410 alias

294 2430 324 2463 in
349 2429 553 2473 monachum,
581 2429 627 2464 vel
650 2431 679 2464 in
705 2431 828 2464 fratrem
853 2430 986 2464 alicuius
1008 2442 1043 2463 ex

295 2483 461 2518 ordinibus
484 2484 666 2519 monasticis
688 2484 890 2530 supradictis,
913 2485 959 2518 vel
978 2483 1046 2518 aliis

100 2542 211 2594 ιζὶῐᾷζῠῃθῐξ·
232 2541 283 2563 0²¹·
296 2539 454 2585 expressis
481 2537 601 2581 (ordine
623 2537 892 2573 Cartltusiensium
922 2538 1046 2573 dumta-

125 2580 154 2594 ⁰⁸¹
187 2580 346 2626 ’ΜΗ-κω
373 2596 514 2640 excepto)
541 2592 601 2626 sub
623 2604 723 2639 poena
746 2593 1048 2627 excommunicatio-

101 2607 158 2634 cipit.

299 2646 359 2688 nis,
387 2659 479 2694 quam
504 2655 565 2682 tam
591 2647 787 2695 recipientes,
815 2659 908 2695 quam
930 2647 1047 2694 recepti

899 257 1065 280 mannans
1086 257 1119 279 1v
1142 258 1188 280 pi».
1724 248 1764 282 31

1834 259 1886 286 An.
1901 256 1928 284 C.
1951 256 2012 284 ¹2⁸¹

1075 311 1144 357 ipso
1171 310 1251 345 sacto
1278 310 1453 355 incurrent,
1480 319 1508 346 et
1542 324 1637 358 quam
1665 324 1702 348 ex
1736 325 1821 347 nunc

1076 369 1162 405 prout
1187 372 1224 394 ex
1245 368 1318 394 tunc
1335 369 1441 394 contra
1460 361 1631 409 quemlibet
1652 371 1822 407 transgres-

1074 421 1175 444 sorem
1202 408 1439 455 quomodolibet
1459 411 1486 443 iu
1512 412 1701 455 piutetnissis,
1723 412 1820 446 seien-

1075 459 1113 492 tia
1141 466 1172 492 et
1197 458 1382 492 auctoritato
1409 459 1561 499 antefatis,
1590 460 1819 506 profi-rimustn

1076 507 1123 541 liis
1144 507 1280 554 scriptis.
1305 506 1342 541 Et
1372 520 1386 540 a
1417 509 1553 548 nemine,
1581 510 1638 543 nisi
1661 511 1822 546 dumtaxat

1075 556 1248 591 altono-10
1270 556 1421 591 pontifice
1444 561 1669 605 (praeterquam
1691 560 1721 594 in
1745 573 1821 594 mor-

1077 607 1115 641 tis
1153 606 1301 645 articulo)
1341 608 1601 641 excommunicati
1642 608 1821 644 liuiusmodi

1078 656 1198 701 possint
1233 657 1440 690 absolutionis
1476 655 1662 691 beneficium
1694 670 1823 705 quomo-

1076 705 1193 739 dolibet
1228 705 1381 739 obtinere.
1419 705 1455 740 Et
1493 706 1698 740 nibilominus
1732 717 1999 754 set-ttsqttacomionqn

1077 755 1152 790 fucta
1177 768 1237 790 non
1261 763 1398 797 teneant,
1421 764 1449 790 et
1473 755 1590 790 nullius
1618 757 1748 791 existant
1776 747 2020 799 es·¹,{'1'¹¹⁴⁰²²⁵³⁰⁰'

1078 805 1203 839 licaciae
1229 806 1275 839 vel
1300 805 1462 840 momenti.
1485 804 1699 840 Decet-nentes
1731 807 1823 841 etiam

1077 863 1106 889 et
1130 855 1280 895 volentes,
1310 855 1394 902 qnod
1430 855 1455 888 si
1484 856 1555 902 quis
1590 855 1741 890 hactenus
1764 855 1826 889 vir·
1853 866 1969 902 rumpi„
2000 869 2020 888 iu

1078 913 1142 939 tute
1178 905 1318 939 cuiusvis
1346 905 1490 939 licentiae
1521 918 1575 939 seu
1605 905 1741 940 mandati
1766 899 2020 955 Ιιιι-ζζζζῖᾶῇζξᾙῗ

1078 954 1212 989 iusmodi
1237 954 1343 989 fuisset
1367 963 1513 1001 receptus
1533 954 1570 989 ad
1593 954 1729 1002 aliquem
1759 968 1826 989 mo—

1079 1004 1230 1039 nasticum
1255 1004 1409 1044 ordinem,
1433 1012 1463 1038 et
1483 1004 1620 1038 habitum
1639 1012 1825 1039 consuetum

1078 1054 1205 1088 solitum
1231 1053 1345 1099 gestari
1383 1066 1437 1100 per
1472 1054 1643 1088 monac-lios
1670 1053 1740 1088 talis
1774 1067 1827 1088 or-

1079 1103 1159 1137 dinis
1174 1104 1375 1149 suscepisset,
1394 1104 1458 1136 sive
1472 1102 1695 1150 professionem
1711 1104 1826 1139 emise⁴

1079 1153 1128 1192 rit,
1147 1154 1213 1186 sive
1232 1164 1308 1195 non,
1338 1152 1396 1186 sub
1421 1152 1501 1187 dicta
1521 1165 1618 1198 poena
1635 1160 1778 1188 teneatur
1795 1153 1825 1187 in

1079 1203 1269 1236 monasterio
1293 1202 1322 1235 in
1347 1213 1410 1248 quo
1431 1210 1575 1249 receptus
1588 1201 1680 1237 fuerit
1696 1202 1826 1245 (etiamsi

1080 1250 1228 1285 beneficia
1258 1250 1478 1295 ecclesiastica,
1505 1263 1560 1285 seu
1590 1252 1736 1286 ret-torius
1765 1251 1828 1287 Ec·-

1078 1300 1244 1335 clesiarum
1282 1301 1465 1346 quarumvis
1501 1299 1649 1344 obtineat)
1676 1309 1756 1335 stare
1796 1302 1825 1334 in

1079 1351 1146 1384 eius
1170 1350 1251 1384 totali
1275 1349 1470 1384 ordinatione
1482 1350 1703 1384 etbuiusmodi
1719 1349 1828 1385 ordine

1080 1400 1252 1433 monastico
1276 1399 1437 1434 Altir-sinio
1464 1399 1630 1433 deservire.

1127 1449 1147 1497 ἓ
1174 1453 1206 1484 2.
1229 1449 1263 1484 Si
1291 1450 1361 1496 quis
1383 1458 1487 1484 antem
1521 1458 1680 1496 praetextu
1710 1448 1829 1484 buius-

1080 1501 1162 1534 modi
1191 1500 1346 1537 licentiae,
1370 1499 1415 1533 vel
1439 1500 1507 1533 sine
1533 1499 1653 1536 babitu,
1684 1501 1728 1534 vel
1757 1511 1828 1534 eum

1080 1549 1187 1585 babitu
1212 1549 1353 1596 vagando
1375 1549 1546 1590 incederet,
1562 1549 1734 1584 monitione
1747 1562 1832 1595 prae-

1080 1601 1125 1634 via
1164 1608 1324 1638 tent-atur,
1351 1606 1380 1632 et
1402 1597 1513 1634 debeat
1548 1600 1624 1633 intra
1662 1606 1830 1633 terminum

1080 1649 1262 1697 quindecim
1287 1648 1411 1684 dierum
1436 1661 1450 1683 a
1476 1648 1526 1683 die
1559 1648 1742 1683 monitionis
1770 1648 1831 1683 liu-

1082 1699 1214 1734 iusmodi
1240 1699 1524 1742 computandorum
1549 1698 1585 1733 ad
1610 1699 1677 1733 eius
1705 1698 1832 1745 religio-

1082 1761 1165 1788 nem,
1196 1749 1239 1783 rel
1275 1748 1430 1791 ordinem,
1466 1748 1549 1783 undc
1583 1760 1653 1783 cum
1690 1747 1831 1789 licentia,

1082 1800 1126 1834 vel
1143 1799 1210 1833 sine
1229 1799 1352 1834 licentia
1370 1807 1551 1839 recesserat,
1566 1810 1718 1833 remeare:
1743 1798 1831 1845 quod

1081 1851 1105 1884 si
1131 1848 1253 1884 efficere
1279 1849 1461 1895 neglexerit,
1494 1856 1562 1895 post
1591 1848 1693 1895 ipsum
1724 1847 1832 1882 termi-

1083 1912 1157 1935 num
1185 1909 1345 1947 tamquam
1371 1897 1512 1932 notorius
1536 1906 1674 1945 apostata
1698 1910 1832 1932 excom-

1083 1950 1260 1984 municatus
1288 1949 1316 1982 in
1341 1947 1491 1983 omnibus
1526 1958 1554 1982 et
1579 1960 1634 1994 per
1656 1947 1761 1982 omnia
1784 1946 1831 1981 de⁴

1083 2000 1154 2034 beat
1176 2012 1230 2045 per
1257 1997 1429 2046 quemlibet
1452 1998 1601 2044 reputari,
1624 2005 1653 2031 et
1675 1996 1714 2031 ab
1735 1997 1832 2030 omni-

1084 2050 1142 2083 bus
1171 2048 1340 2088 retractari,
1378 2047 1471 2082 etiam
1514 2060 1567 2093 per
1603 2047 1831 2080 invocationem

1083 2099 1188 2134 auxilii
1225 2097 1343 2133 bracltii
1381 2097 1561 2140 saecularis,
1589 2096 1714 2143 quoties
1742 2095 1832 2130 fuerit

1084 2157 1310 2197 opportunum.

1132 2199 1152 2246 g
1175 2203 1206 2233 5.
1236 2198 1268 2231 In
1305 2195 1417 2231 futuris
1441 2205 1544 2230 autem
1568 2195 1676 2231 nullus
1702 2207 1738 2229 ex
1761 2207 1834 2242 pro·
1853 2211 2019 2232 obstantium&

1087 2247 1258 2282 sessoribus
1285 2247 1418 2281 alicuius
1451 2259 1487 2280 ex
1518 2245 1680 2280 ordinibus
1709 2244 1934 2279 mendi-‘⁰⁸³¹i0·

1086 2299 1223 2332 cantium
1260 2296 1439 2331 huiusmodi
1484 2296 1512 2329 in
1548 2295 1683 2342 aliquem
1718 2306 1831 2328 mona-

1086 2348 1199 2382 sticum
1223 2347 1365 2380 ordinent
1389 2345 1717 2388 (Cat·tliusiun‹=nsium
1740 2344 1833 2378 dunt-

1088 2405 1169 2432 taxat
1211 2399 1358 2442 excepto)
1398 2395 1494 2441 possit
1534 2402 1583 2428 aut
1629 2393 1739 2427 debeat
1779 2405 1834 2439 per

1087 2458 1320 2494 quemcumtpte
1374 2444 1468 2490 recipi
1520 2453 1568 2477 aut
1610 2442 1728 2477 admitti
1771 2442 1834 2476 rir-

1090 2505 1153 2531 tutc
1180 2496 1310 2530 alicuius
1338 2494 1481 2529 licentiae
1509 2493 1554 2526 vel
1579 2492 1688 2526 indulti
1716 2492 1834 2539 absque

1090 2544 1271 2580 huiusmodi
1311 2543 1434 2577 licentia
1469 2542 1609 2588 speciali,
1646 2541 1705 2576 sub
1741 2541 1834 2576 dictis

1090 2596 1214 2643 poenis:
1244 2602 1273 2629 et
1304 2593 1509 2628 nibilominus
1542 2604 1632 2626 secus
1660 2591 1736 2626 facta
1772 2604 1832 2625 non

1090 2653 1211 2680 teneant
1242 2644 1309 2692 ipso
1338 2644 1403 2677 iure
1432 2641 1610 2677 huiusmodi
1638 2640 1774 2676 licentiis
1805 2648 1834 2675 et

1861 1458 2006 1483 Contumacou,

1844 1493 1951 1516 ostentata·
1987 1490 2026 1511 do*

1844 1524 1917 1545 clarat.
