2274 3265
187 277 238 303 An.
259 276 287 301 C.
305 275 370 303 ifflss

210 488 248 508 Pro
265 488 342 514 copiis>

202 685 240 704 Pru
262 684 371 704 (1111110111-

205 877 245 897 Pro
263 876 373 896 inhibitio-

190 912 229 928 ne·

206 1075 244 1095 Pro
259 1075 374 1094 intimatio·

193 1112 230 1126 ne-

206 1272 245 1292 l'ro
282 1271 377 1297 appellu-

194 1306 263 1324 none*

185 1474 190 1476 -
204 1466 242 1485 Pro
253 1468 336 1486 testium
344 1465 377 1484 d·-

195 1495 336 1522 positionibus

214 2054 253 2073 1⁹10
278 2057 384 2074 sementia

201 2085 310 2105 definitiva
364 2087 383 2104 et

202 2121 247 2135 eius
259 2119 385 2135 iustrumen-

202 2152 234 2166 io·

218 2491 257 2511 Pro
275 2491 389 2512 interlocu-

207 2524 266 2543 terlis

434 263 503 296 322

966 268 1153 291 BULLAtttUM
1177 265 1339 290 ROMANUM

387 328 565 374 receptione
591 326 684 360 unius
706 325 884 359 turonensis
906 335 976 358 cum
1000 323 1130 356 dimidio
1173 321 1262 355 miles
1296 328 1485 353 turonenses
1521 330 1576 362 pro
1605 316 1686 362 petia
1719 315 1854 361 registri,
1892 322 1926 348 ut

385 377 530 410 similiter
556 375 618 409 sint
642 374 790 408 contenti.

434 425 454 471 S
476 426 533 459 26.
551 423 627 458 Item
650 422 733 470 quod
759 433 813 469 pro
832 422 919 467 copia
943 422 1008 455 sive
1023 420 1132 466 copiis,

386 474 450 507 sive
468 474 497 507 in
518 482 671 519 quaterno
690 471 799 506 sivein
821 471 911 517 petiis
924 469 1027 515 longis
1047 469 1132 507 113111,

386 522 424 557 de
447 522 520 557 solio
546 522 610 555 sive
633 521 672 555 de
696 521 776 566 petia
798 520 919 566 registri
945 530 1041 552 uuum
1071 526 1135 551 tan-

387 580 451 605 tum
477 571 612 606 similem
641 571 793 615 recipiant
821 578 1034 603 turonensem.

434 620 530 667 §27-
552 619 628 654 Item
652 618 736 665 quod
767 629 822 663 pro
844 617 992 650 citatione
1020 616 1050 648 111
1078 627 1136 648 311-

386 670 501 704 dientia
532 668 656 714 publica
694 667 844 713 legenda,
876 666 956 699 ultra
995 663 1135 697 medium

386 718 520 752 similem
538 726 740 752 turonensem
765 716 840 762 ipsis
862 714 1002 760 recipere
1017 712 1135 745 licitum

389 780 449 802 non
473 767 596 802 existat.

436 816 456 863 ἓ
477 819 534 850 28.
554 815 632 850 Item
657 814 742 860 quod
768 825 821 859 pro
842 811 1041 849 inhibitione,
1057 822 1138 856 quae.

390 867 418 899 in
442 866 547 900 causis
575 865 638 898 lieri
663 863 761 905 solet,
788 862 812 895 si
843 861 1003 906 redigatur
1026 859 1056 891 in
1078 871 1139 904 pu-

389 914 505 948 blicum
535 915 792 949 instrumentum,
824 923 877 944 sex
906 908 1026 942 similes
1048 914 1140 942 turo—

392 975 504 998 nenses
527 962 692 1008 recipiant,
719 968 749 994 et
772 972 833 993 uon
858 959 948 992 ultra.

438 1012 536 1058 §29-
569 1011 645 1044 ltem
668 1021 724 1056 pro
758 1008 975 1049 intimatione,
1006 1018 1077 1040 cum
1108 1006 1138 1039 in

392 1061 554 1107 publicum
586 1059 744 1104 redigatur
779 1059 1046 1094 instrumentum,
1067 1067 1138 1089 non

391 1111 525 1157 amplius
565 1120 659 1156 quam
695 1115 830 1154 quatuor
865 1106 984 1140 similes
1019 1105 1141 1138 valeant

393 1160 531 1204 recipere
555 1167 753 1192 turonenses.

440 1208 460 1255 S
488 1210 543 1243 50.
572 1207 649 1241 Item
675 1218 730 1252 pro
751 1204 979 1250 appellatione„
1007 1204 1032 1236 si
1058 1201 1142 1236 redi—

393 1266 483 1301 gatur
502 1258 531 1291 in
551 1256 715 1301 publicum
733 1255 990 1291 instrumentum,
1007 1252 1045 1285 de
1061 1251 1141 1297 petia

395 1307 514 1352 registri
537 1306 618 1340 duos
633 1305 792 1338 dumtaxat
823 1311 1011 1336 turonenses
1025 1301 1142 1334 similes

395 1356 532 1401 recipere
556 1355 675 1389 licitum
700 1353 739 1387 sit
762 1352 892 1385 eisdem.

441 1404 461 1451 ἓ
489 1406 545 1437 31.
587 1403 662 1437 ltem
699 1401 783 1449 quod
816 1401 855 1434 de
890 1398 1143 1434 attestationibus

394 1454 533 1495 testium,
560 1465 640 1499 quos
672 1453 807 1497 quisque
845 1450 1035 1483 notariorum
1070 1458 1139 1481 exa-

395 1502 558 1536 minaverit
585 1500 809 1548 prael'atorum,
843 1498 882 1532 de
917 1498 996 1544 petia
1020 1495 1142 1542 registri

395 1551 607 1597 receptionem
636 1549 771 1583 duorum
802 1546 1020 1581 turonensium
1055 1545 1144 1579 simi·

396 1601 469 1634 lium
494 1612 555 1633 uon
590 1599 736 1638 excedam
770 1606 798 1631 et
826 1596 864 1629 (le
884 1597 973 1642 eopia
1006 1596 1143 1641 ipsarum

395 1649 628 1694 attestationum
655 1658 751 1681 unum
787 1658 858 1679 cuin
895 1644 1026 1678 dimidio
1053 1643 1143 1678 simi-

397 1697 470 1731 lium
511 1697 730 1731 turonensium
773 1694 882 1728 notarii
924 1693 1073 1739 praedicti
1107 1691 1145 1724 de

398 1748 477 1792 petia
501 1745 643 1779 eiusdem
667 1745 789 1790 registri
814 1742 979 1789 recipiant„
1006 1743 1032 1776 si
1056 1741 1145 1786 copia

398 1798 461 1840 ipsa
491 1796 520 1828 in
550 1795 681 1829 sormam
711 1793 870 1840 publicam
907 1791 1077 1836 redigatur.
1113 1788 1145 1822 Si

399 1856 469 1877 vero
491 1843 673 1878 huiusmodi
709 1842 798 1888 copia
828 1841 857 1874 in
883 1840 990 1887 papiro
1014 1839 1147 1885 recipia-

398 1903 459 1932 tur,
496 1902 586 1939 prout
621 1904 715 1939 supra
739 1892 778 1925 de
801 1891 870 1924 aliis
893 1890 993 1936 copiis
1020 1898 1067 1922 est
1089 1900 1144 1922 ex-

399 1954 553 1988 pressum.

447 1990 467 2037 S
489 1992 545 2025 52.
575 1990 651 2024 Item
675 1991 713 2023 «le
738 1988 892 2024 sententia
916 1987 1074 2021 definitiva
1093 1999 1148 2032 pro

399 2039 538 2085 qualibet
572 2041 652 2085 petia
677 2038 799 2084 registri
825 2044 955 2083 possunt
978 2035 1146 2070 duodecim

400 2089 518 2122 similes
552 2089 690 2134 recipere
728 2096 924 2120 turonenses..
964 2084 1009 2118 De
1038 2085 1146 2118 instru-

402 2146 507 2172 mento
534 2149 607 2171 vero
628 2136 766 2184 publico,
795 2148 866 2169 cum
891 2146 947 2181 per
969 2146 1001 2167 se.
1021 2133 1060 2167 de
1080 2145 1150 2167 sen-

401 2187 495 2221 tentia
520 2187 585 2233 ipsa
605 2186 783 2220 confectum
805 2184 954 2226 extiterit,
976 2183 1147 2217 duodecim

400 2236 521 2270 similes
545 2244 732 2270 turonenses
764 2247 819 2281 pro
851 2232 990 2280 qualibet
1028 2232 1149 2278 registri

402 2285 483 2330 petia
511 2285 697 2325 debeantur5
721 2292 750 2318 et
777 2296 834 2330 pro
861 2283 949 2328 copia
973 2282 1149 2316 sententiae

404 2337 432 2367 in
463 2334 589 2381 publico
618 2334 682 2367 sive
710 2334 739 2366 in
773 2332 909 2379 simplici
936 2339 1088 2378 quantum
1121 2338 1151 2363 et

402 2384 439 2417 «le
467 2383 535 2417 aliis
560 2383 660 2429 copiis
688 2382 834 2428 superius
868 2389 913 2415 est
951 2391 1148 2426 expressum.

450 2432 470 2479 S
498 2434 555 2467 53.
575 2432 652 2466 Item
675 2430 758 2478 quod
776 2431 814 2465 (le
834 2429 1066 2464 interlocutoria
1088 2428 1149 2462 vim

403 2481 581 2524 definitivae
608 2480 758 2519 habente,
796 2488 826 2513 ut
851 2480 890 2513 de
912 2478 1067 2513 sententia
1090 2490 1152 2511 su-

406 2543 458 2576 pra
487 2531 630 2576 proxime
665 2530 861 2576 exprimitur,
890 2528 1088 2562 observetur.
1119 2525 1150 2560 Si

405 2592 477 2613 vero
513 2580 583 2614 talis
611 2578 844 2614 interlocutoria
880 2578 938 2611 rim
975 2576 1153 2611 definitivae

405 2640 602 2675 nequaquam
636 2628 768 2671 habeat,
802 2627 992 2674 recipiantur
1019 2625 1083 2659 duo
1104 2625 1154 2658 si-

1170 381 1265 416 supra
1294 368 1408 402 (licitur
1436 364 1672 412 coinputand0;
1707 371 1737 397 et
1765 364 1791 398 si
1815 364 1853 398 de
1876 363 1926 397 in-

1173 416 1372 452 terlocutoria
1409 416 1472 461 ipsa
1516 415 1761 448 instrumentum
1803 424 1858 458 per
1891 424 1926 447 se

1175 467 1335 514 publicum
1361 466 1429 503 liat,
1457 475 1512 497 sex
1542 475 1597 509 pro
1631 461 1742 496 eodem
1779 468 1926 508 poterunt

1175 516 1315 561 recipere
1340 515 1560 547 instrumento.

1224 565 1244 611 S
1271 566 1328 597 34.
1363 562 1440 596 Item
1482 562 1649 598 votumus,
1688 559 1857 594 statuimus
1896 568 1927 594 et

1176 614 1269 647 etiam
1294 611 1488 648 ordinamus,
1503 610 1586 657 quod
1604 616 1744 643 caeterae
1763 608 1926 642 iudiciales

1179 669 1324 696 taxentur
1346 659 1522 694 secundum
1548 659 1675 692 modum
1695 657 1844 704 superius
1870 656 1927 691 de-

1178 711 1352 756 signatum,
1381 709 1439 743 boc
1457 716 1560 743 tamen
1584 707 1707 742 adiecto
1731 715 1759 740 et
1782 706 1927 740 ordinato

1179 759 1356 805 specialiter
1392 766 1422 791 et
1462 769 1626 803 expresse,
1666 755 1751 803 quod
1786 755 1927 789 videlicet

1181 809 1374 853 ubicumque
1404 807 1433 839 in
1459 805 1669 840 taxationibus
1695 804 1861 839 antedictis
1889 804 1928 838 dc

1181 857 1343 891 turonensi
1372 867 1483 901 grosso
1519 855 1550 888 fit
1579 855 1711 897 mentio,
1746 854 1777 888 id
1813 854 1852 887 (le
1876 853 1928 887 illo

1182 905 1312 950 intelligi
1330 905 1487 941 volumus,
1507 904 1659 949 quamdiu
1675 902 1819 937 Romana
1832 902 1927 937 Curia

1182 955 1271 989 fuerit
1294 954 1369 988 citra
1394 960 1535 992 montes;
1566 952 1616 985 ubi
1642 964 1715 986 vero
1738 951 1816 986 ultra
1838 964 1929 986 mon-

1182 1012 1242 1042 tes,
1272 1003 1391 1037 Romae.
1414 1001 1558 1035 videlicet
1595 1001 1641 1034 vel
1676 1001 1705 1034 in
1729 1000 1796 1034 aliis
1824 1000 1929 1035 ltaliae

1184 1053 1341 1099 partibus,
1375 1052 1492 1085 curiam
1521 1062 1591 1084 esse
1619 1049 1785 1094 contigerit
1811 1049 1929 1095 ipsam,

1184 1114 1332 1136 romanus
1355 1102 1422 1135 loco
1439 1099 1620 1133 turonensis
1638 1106 1785 1145 ponatur,
1798 1106 1930 1133 0100111-

1184 1159 1310 1198 putetur
1337 1150 1366 1183 in
1397 1147 1608 1183 taxationibus
1630 1147 1806 1182 antedictis.

1231 1200 1251 1246 ἓ
1282 1201 1338 1233 55.
1367 1198 1505 1232 Caveant
1537 1205 1641 1231 tamen
1670 1197 1780 1231 notarii
1811 1208 1932 1230 memo-

1184 1251 1257 1290 rati,
1291 1248 1375 1295 quod
1401 1254 1528 1294 propter
1553 1245 1740 1292 praemissas
1764 1245 1931 1280 modifica—

1186 1298 1298 1341 tiones,
1321 1297 1494 1343 scripturas
1523 1294 1708 1341 prolixiores
1732 1306 1931 1342 nequaquam

1184 1346 1331 1387 efficiant,
1360 1357 1463 1392 nequ-e
1488 1351 1605 1391 ponant
1627 1344 1787 1390 superflua
1816 1344 1845 1377 iu
1870 1343 1934 1378 eis-

1184 1395 1268 1439 dem,
1292 1395 1350 1429 nisi
1375 1402 1466 1439 prout
1488 1393 1698 1427 necessarium
1716 1392 1812 1427 fuerit
1831 1401 1860 1427 et
1876 1399 1934 1432 est,

1186 1444 1339 1478 hactenus
1367 1443 1431 1477 lieri
1456 1449 1662 1482 consuetum,
1697 1454 1757 1476 nec
1782 1441 1936 1476 malitiose

1185 1493 1328 1528 differant
1355 1492 1403 1527 vel
1427 1492 1552 1526 differre
1575 1499 1744 1536 procurent
1765 1491 1937 1537 scripturas

1187 1542 1328 1589 partibus
1353 1542 1524 1587 assignare.
1561 1539 1763 1574 Contrarium
1791 1551 1866 1574 vero
1889 1539 1938 1573 fa-

1187 1592 1304 1625 cientes
1339 1590 1470 1637 duplum
1508 1588 1684 1622 restituant.
1712 1588 1751 1622 Et
1789 1589 1813 1622 si
1842 1599 1940 1634 super

1188 1639 1273 1674 bunc
1297 1638 1563 1686 frequentaverint
1598 1649 1777 1677 excessum,
1812 1637 1852 1671 ab
1873 1649 1938 1671 au-

1187 1689 1301 1723 ditorio
1323 1690 1372 1722 sui
1395 1687 1548 1722 auditoris
1579 1696 1608 1721 et
1638 1686 1798 1732 praedicto
1826 1686 1940 1732 palatio

1188 1738 1394 1784 expellantur.

1237 1787 1257 1833 S
1284 1789 1341 1820 56.
1365 1785 1521 1820 Volumus
1544 1785 1683 1830 insuper,
1706 1785 1887 1825 statuimuS,
1910 1792 1942 1818 et

1188 1836 1280 1870 etiam
1312 1835 1506 1877 ordinamus,
1538 1833 1621 1880 quod
1650 1832 1844 1867 venerabiles
1876 1832 1941 1868 fra-

1190 1892 1251 1919 tres
1286 1885 1380 1919 nostri
1419 1892 1543 1917 sanctae
1578 1881 1741 1916 Romanae
1780 1882 1940 1917 Ecclesiae

1189 1933 1377 1977 cardinales,
1399 1933 1438 1967 ab
1459 1931 1656 1966 auditoribus
1670 1938 1700 1964 et
1723 1932 1852 1966 notariis
1866 1932 1942 1971 suis,

1191 1995 1311 2017 necnon
1332 1982 1521 2017 camerarius
1543 1988 1650 2015 noster
1670 1980 1709 2014 ab
1732 1980 1874 2015 auditore
1896 1981 1942 2015 vel

1190 2033 1402 2066 viceauditore
1417 2031 1521 2065 curiae
1534 2041 1676 2064 camerae
1686 2038 1822 2070 nostrae,
1833 2029 1945 2076 ipsius-

1190 2093 1251 2127 que
1277 2081 1398 2121 notarii,
1421 2088 1451 2115 et
1473 2080 1566 2114 etiam
1595 2078 1798 2112 marescallus
1824 2078 1944 2113 Roma-

1192 2142 1248 2164 nae
1270 2130 1385 2164 Curiae
1407 2142 1421 2163 a
1447 2127 1604 2163 iudicibus
1619 2137 1646 2161 et
1672 2128 1801 2161 notariis
1823 2140 1944 2171 eorum⁷

1191 2192 1245 2213 seu
1270 2180 1464 2226 quicumque
1486 2178 1537 2211 alii
1561 2177 1745 2210 anctoritate
1773 2177 1944 2223 apostolica

1191 2240 1302 2263 causas
1325 2229 1354 2262 in
1385 2227 1526 2261 Romana
1559 2225 1656 2260 Curia
1683 2225 1862 2269 audientes,
1889 2237 1944 2260 seu

1191 2278 1284 2311 etiam
1309 2277 1458 2316 audituri,
1481 2287 1496 2310 a
1520 2275 1651 2309 notariis
1679 2275 1746 2309 suis
1771 2275 1800 2309 111
1827 2275 1944 2309 eisdem

1192 2327 1293 2360 causis
1314 2327 1523 2360 iuramentum
1549 2324 1697 2370 recipiant
1714 2324 1797 2358 iuxta
1817 2323 1944 2365 formas⁷

1192 2375 1308 2422 quibus
1334 2387 1445 2409 curare
1483 2373 1599 2408 debent
1627 2373 1701 2407 dicti
1728 2372 1889 2408 auditores
1916 2382 1943 2406 et

1194 2425 1304 2459 notarii
1346 2424 1450 2470 palatii
1491 2422 1667 2470 apostolici,
1703 2433 1759 2469 per
1797 2433 1866 2462 nos,
1913 2431 1945 2455 ut

1195 2474 1414 2520 praemittitur,
1436 2472 1607 2509 ordinatas,
1627 2472 1656 2505 in
1672 2479 1827 2518 quantum
1841 2479 1946 2517 tanget

1194 2523 1293 2558 officia
1316 2534 1438 2557 eorum.

1245 2572 1264 2619 S
1293 2574 1349 2606 37.
1387 2571 1464 2605 {tem
1494 2572 1660 2605 statuimus
1687 2578 1717 2604 et
1752 2569 1946 2613 ordinamus,

1195 2622 1277 2668 quod
1322 2621 1458 2667 praefata
1480 2621 1537 2655 alia
1571 2620 1673 2667 quoad
1701 2630 1844 2662 munera,
1865 2619 1946 2652 dona

1942 259 1988 285 Au.
2011 259 2038 284 C.
2055 258 2123 284 ¹526

1955 564 2066 585 Distinctio
2077 570 2124 584 mo-

1942 600 2045 616 ueterum.

1960 1204 2078 1224 Cavendum
2096 1204 2131 1226 iis,

1947 1241 1973 1256 ne
2004 1235 2130 1261 prolixiores

1948 1272 2015 1293 aequo
2039 1265 2130 1286 efficiant

1949 1298 2071 1322 scripturas.

1967 1790 2039 1811 Simile
2081 1791 2139 1810 iuru-

1955 1824 2047 1841 nientum
2059 1826 2070 1841 a
2080 1823 2139 1840 not·-

1955 1854 1992 1873 riis
2006 1855 2138 1873 caeterorum

1955 1882 2090 1904 tribunalium
2115 1887 2139 1902 e—

1957 1914 2088 1934 mittendum.
