2274 3265
122 271 170 297 Αιι.
189 271 218 298 C.
238 272 303 298 15716

137 1908 233 1928 facultas
249 1912 310 1934 prat·-

123 1939 212 1958 latorum
238 1937 312 1958 absol—

124 1970 186 1989 vendi
203 1969 286 1989 [ratres

934 272 1120 296 emmonius
1145 275 1173 296 ΧΙ
1199 273 1249 298 ΡΙ).

319 325 489 361 clesiastica
514 325 654 372 recipcre
671 333 878 367 sacramenia,
897 326 1070 361 dummodo

319 387 445 409 causam
467 388 527 409 non
551 374 701 409 dederitis
725 375 902 419 interdicto,
926 388 982 409 nec
999 388 1072 410 con-

319 426 418 470 tingat
445 424 473 458 id
497 424 588 459 vobis
616 424 796 471 specialiter
832 424 984 468 interdici,
1013 437 1070 458 nec

318 473 478 508 Ecclesiae
499 474 543 508 vel
567 474 699 508 oratoria
724 473 788 520 ipsa
812 473 927 508 fuerint
949 474 1071 520 specia-

320 523 388 557 liter
429 522 603 557 interdicta.
634 522 673 556 lis
701 535 783 563 vero,
818 523 871 570 qni
901 522 929 556 in
960 523 1071 557 vestris

320 581 481 606 morantur
504 571 677 619 obsequiis,
710 580 821 606 cuncta
851 571 949 605 libere
978 572 1071 606 mini—

318 631 414 656 strare
454 621 582 668 possitis
617 621 827 655 ecclesiastica
863 630 1070 661 sacramenta,

318 679 347 704 et
372 671 468 717 ipsos,
491 682 561 703 cum
590 669 766 708 decedunt,
784 671 813 704 in
837 670 945 704 vestris
967 678 1071 704 orato-

320 720 372 753 riis
406 719 552 766 sepelire.
577 718 610 752 Si
633 719 759 765 quando
782 727 885 753 autem
909 720 938 753 in
962 726 1070 761 terras,

320 769 349 802 in
378 769 492 815 quibus
528 767 684 812 residetis,
709 769 752 802 vel
776 780 883 803 earum
909 780 1071 815 personas,

318 817 657 852 excommunicationis
680 829 734 850 seu
760 818 914 852 interdicti
942 827 1072 852 senten-

319 868 376 900 tias
404 866 571 911 contigerit
600 867 803 912 promulgari,
839 867 926 913 pueri
963 869 1072 902 vestris

318 916 454 950 servitiis
480 915 633 962 deputati,
657 915 925 962 negociorumque
953 925 1072 951 vestro-

320 977 387 998 rum
412 973 632 1011 procuratores
654 973 684 997 et
707 965 854 1010 operarii,
882 966 935 1012 qui
963 966 992 999 in
1017 978 1071 999 ve-

319 1014 391 1048 stris
424 1013 499 1048 locis
545 1026 653 1048 eorum
685 1013 834 1060 operibus
868 1014 1073 1060 personaliter

319 1063 467 1097 continue
493 1062 673 1101 institerint,
701 1062 883 1097 huiusmodi
909 1065 1072 1098 sententiis

319 1111 445 1147 obnoxii
469 1112 597 1147 minime
616 1111 803 1156 habeantur,
828 1112 932 1159 ibique
952 1114 1073 1159 possint

319 1161 430 1196 audire
458 1161 576 1205 divina,
600 1161 686 1195 iuxta
721 1160 866 1203 formam,
894 1173 974 1208 quae
997 1162 1074 1196 locis

321 1211 398 1258 ipsis
424 1223 461 1246 eo
489 1223 563 1246 casu
586 1223 601 1245 a
629 1209 713 1244 Sede
732 1210 913 1256 Apostolica
936 1219 982 1245 est
996 1223 1074 1245 con-

321 1273 420 1303 cessa,
444 1261 501 1294 nisi
537 1260 656 1294 eisdem
686 1271 811 1293 cansam
845 1259 1004 1304 dederint,
1028 1261 1073 1294 vel

321 1310 586 1344 excommunicari
618 1309 796 1354 specialiter
830 1321 884 1342 seu
930 1309 1073 1343 interdici

321 1360 482 1405 contingat
505 1358 646 1393 eosdem.
671 1357 709 1391 Et
735 1358 806 1403 quia
831 1370 885 1391 vos
902 1366 1072 1392 extremam

322 1408 474 1454 patientes
497 1419 551 1454 pro
566 1406 682 1441 Christi
704 1407 830 1439 nomine
847 1415 1074 1453 paupertatem,

322 1457 548 1492 exhortationis
584 1457 636 1502 pio
663 1454 780 1493 studio,
819 1455 918 1489 bonos
945 1455 983 1489 ad
1013 1468 1075 1502 po—

324 1507 397 1540 tiora
432 1506 584 1551 dirigitis,
606 1512 636 1539 et
658 1512 797 1538 errantes
824 1505 851 1538 in
877 1505 1075 1539 rectitudinis

323 1556 464 1589 semitam
496 1554 693 1589 laudabiliter
722 1555 887 1594 revocatis,
921 1554 1077 1588 concedi-

323 1617 406 1645 mus,
430 1613 463 1638 ut
492 1605 520 1637 in
544 1602 891 1638 excommunicatorum
927 1604 1016 1637 terris
1040 1603 1076 1637 li-

323 1654 396 1688 bere
411 1654 599 1688 commorari
615 1662 645 1687 et
660 1652 700 1687 ab
715 1652 772 1691 eis,
787 1652 961 1687 tuncetiarn
977 1665 1077 1700 quan-

322 1704 362 1737 do
386 1716 438 1738 vos
467 1704 511 1737 vel
546 1703 632 1750 ipsos
659 1701 792 1736 transire
817 1702 997 1747 contigerit,
1021 1714 1077 1736 ne-

321 1753 458 1788 ccssaria
495 1753 572 1787 vitae
601 1752 772 1799 deposcere
800 1763 834 1785 ac
859 1752 1000 1799 recipere
1024 1764 1077 1786 va-

325 1803 424 1838 leatis.

373 1858 387 1895 g*
412 1855 468 1885 11.
491 1851 641 1897 Magister
663 1861 790 1897 quoque
804 1858 834 1882 et
853 1850 968 1896 singuli
991 1851 1077 1896 prio·

326 1914 385 1941 ι·.ἰ5,
410 1900 617 1948 provinciales
639 1909 667 1933 et
693 1899 917 1933 conventuales
939 1912 973 1933 ac
996 1912 1077 1933 vrccs

325 1962 433 1984 eorum
457 1957 603 1995 gerentes
626 1949 654 1982 in
681 1947 851 1994 provinciis
873 1957 902 1982 et
919 1949 1079 1982 conventi-

326 1999 385 2034 bus
401 2011 436 2033 ac
459 1999 537 2033 locis
560 1998 618 2032 sibi
634 2008 813 2032 cotnmtssts
831 2009 886 2043 pro
905 1997 997 2031 dictis
1017 1997 1078 2031 fra—

325 2049 425 2083 tribus
452 2048 634 2082 constitutis
657 2046 787 2083 ibidem,
812 2058 933 2080 necnon
957 2056 986 2080 et
1015 2046 1077 2080 fra—

326 2098 426 2132 tribus
449 2098 515 2131 aliis
538 2097 679 2131 eiusdem
702 2094 843 2134 Ordinis,
868 2096 1022 2129 interdum
1039 2095 1075 2129 ad

324 2160 378 2181 eos
415 2146 647 2181 declinantibus
683 2145 915 2190 undecumque,
950 2144 1078 2179 absolu-

326 2197 410 2230 tione
432 2204 461 2230 et
489 2195 726 2242 dispensatione
760 2193 986 2238 indigentibus,
1014 2194 1077 2227 sive

327 2247 509 2292 priusquam
528 2244 710 2278 intraverint
733 2242 897 2286 Ordinem,
920 2244 983 2276 sive
998 2252 1078 2289 post,

327 2296 356 2329 in
373 2295 499 2329 casibus
520 2294 725 2337 excesserint,
745 2304 800 2340 pro
818 2292 934 2338 quibus
949 2304 1079 2326 excom-

327 2343 549 2378 municationis
585 2342 630 2377 vel
668 2342 823 2377 interdicti
851 2352 903 2377 aut
938 2354 1078 2387 snspen—

326 2394 425 2427 siouis
458 2392 646 2426 incurrerint
680 2391 852 2426 sententias
890 2404 905 2425 a
935 2391 1000 2424 iure
1032 2391 1077 2424 vel

326 2456 341 2477 a
371 2443 473 2476 iudice
500 2441 689 2488 generaliter
717 2440 941 2488 promulgataS,
959 2448 989 2474 et
1013 2440 1077 2474 liu-

328 2492 462 2526 iusmodi
494 2490 658 2525 sententiis
686 2490 826 2524 innodati
855 2499 908 2524 aut
937 2491 966 2524 in
1003 2490 1079 2524 locis

327 2541 502 2588 suppositis
527 2540 744 2574 ecclesiastico
774 2539 940 2573 interdicto
974 2539 1077 2573 divina

327 2590 426 2624 officia
458 2589 653 2624 celebrantes
682 2588 727 2623 vel
750 2588 958 2635 suscipientes
993 2588 1080 2622 ordi-

329 2652 385 2674 nes
407 2640 452 2673 sic
475 2639 558 2684 ligati
584 2646 687 2672 notam
712 2637 951 2684 irregularitatis
974 2638 1080 2671 incur-

408 2695 481 2725 Butl.
503 2694 578 2724 Rom.
607 2695 660 2723 t'oi.
680 2694 727 2724 IV.
926 2694 961 2723 ΤΖ

1745 267 1814 299 569

1113 329 1220 369 rei-int,
1247 327 1454 362 absolutionis
1481 336 1511 363 et
1536 329 1782 385 dispensationis
1810 331 1865 366 be-

1113 377 1261 412 neficium
1286 377 1405 411 valeant
1430 377 1595 433 impartiri,
1620 379 1677 413 nisi
1699 380 1777 414 adeo
1793 392 1866 435 gra-

1113 427 1156 459 vis
1179 426 1272 460 suerit
1291 434 1320 460 et
1342 427 1481 461 enormis
1508 439 1668 469 excessus,
1690 429 1773 476 quod
1802 430 1864 463 sint

1112 474 1149 509 ad
1177 475 1321 510 eamdem
1345 475 1460 510 Sedem
1490 477 1599 511 merito
1622 478 1813 512 destinandi.

1161 528 1175 567 ἓ
1205 527 1260 558 42.
1302 524 1428 559 Fratres
1455 526 1548 560 ctiam
1579 527 1671 560 vestri
1699 539 1779 573 quos
1809 538 1864 574 pro
1893 536 1944 556 ¹³¹1
1951 536 2067 562 utrumm-

1114 581 1500 620 tempore,vosm‘1⁰ister
1516 582 1543 607 et
1562 575 1691 621 priores,
1708 584 1768 610 tam
1791 588 1865 623 pro·
1880 565 2066 624 ἑῗᾝῖξῗιῗωω

1113 623 1272 667 vinciales,
1294 635 1388 670 quam
1417 624 1654 667 conventuales,
1678 637 1799 659 necnon
1835 633 1865 659 et

1114 672 1195 706 vices
1218 680 1336 707 vestras
1358 680 1515 718 gerentes,
1539 673 1568 706 in
1595 685 1739 719 proprios
1754 674 1864 708 habue

1114 721 1179 755 ritis
1193 722 1403 761 confessores,
1418 721 1625 755 absolutionis
1647 731 1678 755 et
1701 722 1867 769 dispensa-

1114 770 1207 805 tionis
1230 771 1420 805 bcnelicinm
1450 770 1537 805 vobis
1556 773 1645 813 (cum
1675 772 1865 818 expedierit)

1115 819 1235 854 valeant
1259 820 1410 867 impartiri
1437 820 1520 854 iuxta
1544 820 1675 854 sormam
1695 821 1868 855 concessio-

1114 869 1162 903 nis
1196 882 1293 916 super
1327 869 1526 903 absolutione
1564 878 1594 902 et
1632 869 1868 916 dispensatione

1115 918 1242 952 fratrum
1273 918 1415 953 eiusdem
1439 917 1571 952 Ordinis
1603 919 1752 965 superius
1781 917 1869 953 tobis

1115 968 1223 1002 factae.

1165 1020 1180 1060 ξ
1210 1019 1264 1050 15
1289 1016 1336 1050 Ad
1369 1016 1457 1055 baec,
1482 1016 1659 1050 volentibus
1686 1025 1791 1051 vestro
1814 1028 1869 1071 ag·
1897 1028 1925 1047 Δ
1960 1027 2069 1054 praaem-

1114 1067 1235 1112 gregari
1257 1065 1400 1111 collegio,
1424 1065 1476 1112 qui
1500 1066 1719 1120 suspensionis
1741 1074 1793 1100 aut
1820 1058 2070 1115 in-{ss'“1¹„}l?„⁰¹‹'ffli¹¹

1115 1115 1239 1149 terdicti
1269 1115 1314 1149 vel
1342 1115 1679 1149 excommunicationis
1705 1115 1868 1149 sententiis
1882 1126 1923 1140 '¹²¹¹
1970 1122 2053 1145 Μ’ν’

1115 1176 1130 1198 a
1148 1164 1216 1197 iure
1232 1164 1277 1197 vel
1296 1176 1311 1198 a
1327 1164 1429 1197 iudice
1445 1164 1663 1210 promulgatis,
1681 1164 1868 1209 generaliter
1883 1150 1921 1170 ⁶⁰³

1115 1221 1189 1247 sunt
1212 1213 1310 1259 ligati,
1333 1212 1541 1247 absolutionis
1571 1212 1759 1247 beneficium
1784 1213 1871 1256 (ob-

1115 1270 1234 1297 servata
1255 1262 1352 1296 forma
1367 1262 1528 1305 canonica)
1545 1262 1707 1308 impartiri,
1722 1263 1871 1309 ipsosque

1117 1312 1146 1345 in
1168 1310 1279 1345 fratres
1295 1312 1445 1357 recipere,
1464 1323 1499 1344 ac
1513 1322 1580 1354 eOS,
1593 1311 1647 1357 qui
1665 1318 1735 1357 post
1748 1323 1871 1345 assum-

1118 1368 1205 1406 ptum
1231 1359 1372 1393 habitum
1404 1360 1449 1393 vel
1468 1359 1695 1404 professionem
1712 1361 1871 1400 emissam,

1118 1409 1307 1442 recoluerint
1340 1421 1373 1442 se
1407 1408 1520 1441 talibus
1552 1409 1581 1441 in
1619 1408 1745 1442 saeculo
1776 1408 1873 1443 fuisse

1117 1458 1281 1492 sententiis
1315 1457 1506 1501 innodatos,
1530 1456 1706 1491 secundum
1740 1457 1872 1492 formam

1119 1508 1240 1553 ipsam
1276 1519 1331 1540 vos
1359 1485 1509 1553 magistei·
1536 1514 1566 1539 et
1588 1506 1703 1552 singuli
1739 1507 1873 1553 priores,

1119 1556 1326 1602 provinciales
1347 1565 1376 1590 et
1395 1556 1630 1598 conventuales,
1649 1567 1684 1589 ac
1701 1556 1787 1590 vices
1815 1568 1874 1590 ve-

1117 1613 1196 1640 stras
1217 1613 1374 1651 gerentes
1399 1605 1530 1639 valeatis
1552 1605 1725 1660 absolvere,
1748 1613 1777 1638 et
1799 1617 1872 1639 cum

1119 1654 1346 1701 iiwregnlaiibus
1369 1655 1575 1709 dispensare,
1598 1655 1623 1687 si
1647 1653 1774 1688 forsitan
1799 1655 1874 1688 tali-

1119 1704 1177 1738 bus
1200 1704 1341 1738 innodati
1365 1704 1531 1737 sententiis
1554 1703 1600 1737 vel
1625 1704 1653 1736 in
1678 1703 1754 1737 locis
1775 1703 1874 1738 inter-

1118 1753 1202 1788 dicto
1237 1754 1422 1800 suppositis
1464 1752 1570 1787 divina
1604 1754 1874 1800 praesumpserint

1118 1802 1218 1836 officia
1245 1802 1404 1836 celebrare
1433 1802 1478 1835 vel
1507 1801 1635 1836 ordines
1664 1803 1874 1848 susceperint,

1120 1852 1158 1885 ita
1182 1859 1304 1894 tamen,
1327 1851 1412 1898 quod
1442 1854 1466 1885 si
1496 1851 1590 1898 aliqui
1628 1863 1665 1885 ex
1694 1851 1874 1886 buinsmodi

1119 1900 1239 1934 eisdem
1275 1901 1440 1934 sententiis
1478 1909 1606 1946 propter
1633 1899 1776 1934 debitum
1812 1902 1874 1934 sint

1119 1949 1476 1993 adstricti,satisfaciant
1491 1957 1523 1982 ut
1540 1957 1697 1983 tenentur.
1714 1948 1873 1984 Caeterum

1120 2007 1221 2033 vestra
1249 1999 1398 2033 discretio
1420 2006 1511 2033 caute
1535 1998 1707 2045 provideat,
1730 2006 1763 2032 ut
1785 1998 1874 2045 Apo-

1119 2048 1247 2082 stolicae
1269 2047 1375 2091 Sedis,
1400 2048 1571 2094 legatorum
1602 2048 1702 2093 ipsius
1729 2056 1758 2081 et
1781 2048 1875 2082 ordi—

1121 2098 1278 2131 nariorum
1303 2097 1456 2136 locorum,
1481 2098 1509 2130 in
1534 2096 1788 2131 absolutionibus
1814 2096 1875 2131 hu-

1121 2146 1254 2180 iusmodi
1278 2145 1463 2180 scandalum
1492 2146 1637 2181 evitetur.

1168 2200 1183 2238 ᾗ
1212 2198 1267 2229 14.
1301 2195 1399 2230 Porro
1431 2195 1527 2242 quieti
1558 2203 1676 2229 vestrae
1709 2194 1874 2241 providere
1897 2202 2074 2237 Anonnutttsex-

1121 2245 1278 2284 volentes,
1320 2245 1403 2291 quod
1445 2257 1499 2291 per
1534 2244 1637 2278 literas
1672 2243 1873 2289 Apostolicae
1887 2232 2074 2290 Ῐῇρξζῆῗῖζῗῖῗῗ,

1119 2294 1239 2349 Sedis,
1266 2302 1319 2327 aut
1353 2294 1527 2349 legatorum
1563 2305 1617 2327 seu
1654 2292 1872 2347 delegatorum

1121 2344 1232 2390 ipsius,
1254 2343 1415 2377 conveniri
1439 2355 1455 2377 a
1478 2355 1636 2397 quoquam
1662 2341 1792 2376 minime
1815 2354 1875 2376 va-

1121 2393 1220 2433 leatis,
1244 2401 1272 2426 et
1295 2391 1379 2438 quod
1404 2392 1441 2426 ad
1466 2393 1634 2439 pecuniam
1663 2390 1873 2437 colligendam

1120 2443 1188 2488 cogi
1219 2454 1279 2476 non
1305 2441 1430 2488 possitis
1453 2441 1538 2475 inviti
1569 2453 1623 2487 per
1645 2440 1749 2475 literas
1776 2441 1875 2487 ipsius

1121 2491 1214 2526 Sedis
1247 2492 1285 2525 de
1308 2498 1430 2525 caetero
1462 2489 1692 2537 impetrandas,
1727 2490 1876 2545 quodque

1122 2541 1227 2575 nullus
1256 2548 1392 2574 v·estium
1431 2539 1637 2574 correctionis
1677 2551 1733 2574 seu
1771 2539 1876 2575 visita-

1883 276 1931 302 Αη.
1951 278 1979 303 (ἶ.
1997 276 2061 304 137Ιι

1157 2615 1196 2649 (t)
1222 2614 1314 2648 Quoad
1344 2614 1547 2648 publicationem
1577 2613 1874 2647 excommunicationis,

1123 2654 1187 2680 Vide
1204 2653 1301 2680 Concil,
1321 2653 1405 2685 Trio„
1427 2653 1476 2680 loc.
1495 2654 1538 2679 eit.
