2274 3265
129 227 176 254 An.
197 228 221 253 (2,
246 225 310 254 ¹5!ss

953 231 1096 254 tumens
1131 231 1162 254 ΥΙ
1187 233 1237 257 PF.

1750 223 1819 255 483
1886 231 1935 258 An.
1955 232 1971 256 s,
2000 233 2064 257 tato

326 284 364 318 lis
392 284 474 319 iuxta
510 284 638 318 modum
663 284 896 330 infrascriptum
924 284 1075 331 deputare
1119 296 1255 333 quentes
1292 286 1471 321 nullatenus
1507 296 1733 326 assuinamur,
1759 288 1803 322 vel
1831 287 1867 322 ad

325 332 464 378 babebit,
488 334 564 368 ultra
594 346 734 367 inensem
758 346 772 367 a
802 334 864 377 die,
892 346 952 380 qua
982 334 1074 378 petita

325 382 428 421 suerit,
444 395 504 417 non
526 382 644 417 differat
668 384 865 417 confirmare.
889 382 981 425 Quod
999 383 1023 417 si
1039 396 1073 417 ex

326 431 404 466 iusta
427 440 454 466 et
480 431 655 466 rationabili
680 444 773 466 causa
802 432 883 466 idem
909 432 994 478 prior
1015 446 1075 478 ge-

325 480 439 516 neralis
471 494 526 515 seu
559 481 627 515 eins
656 481 786 515 vicarius
814 494 931 515 munus
959 482 1076 516 conlir-

325 530 471 564 mationis
494 530 708 576 denegaverit,
731 543 858 565 causam
889 543 944 564 sen
964 543 1076 565 causas

325 579 532 617 huiusmodi.
572 580 638 614 suis
666 579 802 626 publicis
828 588 856 614 et
885 579 1076 615 authenticis

325 629 422 663 literis
449 638 594 664 teneatur
621 628 782 675 expedire,
805 637 835 663 et
861 629 1051 664 electoribus
1067 657 1074 667 ,

324 679 376 724 qui
401 691 474 712 eum
498 678 674 723 elegerunt,
698 678 865 716 intimare,
898 687 927 712 et
955 678 993 712 de
1016 679 1075 713 alio

323 728 498 762 sufficiente
526 735 555 762 et
585 726 699 761 idoneo
726 741 799 762 cum
827 727 959 762 consilio
997 740 1075 763 con-

325 786 436 811 ventus
459 776 531 816 loci,
556 775 607 810 nbi
625 776 728 810 dietus
752 777 836 823 prior
857 778 1011 823 generalis
1030 779 1073 812 vel

323 827 392 860 eius
429 826 586 872 generalis
618 826 750 861 vicarius
779 826 871 860 suerit
907 840 1008 874 usque
1035 827 1072 861 ad

324 884 397 910 tunc
422 875 601 909 immediate
631 887 770 922 sequens
788 876 961 922 capitulum
988 877 1074 911 utili-

323 933 370 959 ter
404 923 579 971 providere.
608 924 697 959 Circa
731 925 989 960 confirmationes
1016 939 1071 960 au-

323 983 383 1008 tem
408 973 599 1008 electionum
620 974 759 1020 priorum
786 975 1025 1021 provincialium
1044 976 1072 1009 iu

323 1032 482 1070 posterum
511 1023 726 1062 celebrandas,
751 1023 864 1057 modus
894 1025 1074 1070 praedictus

323 1085 377 1119 per
404 1072 509 1106 omnia
549 1072 743 1107 observetur.
783 1072 815 1106 ln
856 1073 966 1119 primis
1003 1087 1075 1108 vero

322 1121 566 1167 provincialibus
589 1121 735 1167 capitulis
762 1121 918 1156 dictorum
944 1122 1072 1157 l'ratrum

321 1170 521 1205 celebrandis
549 1170 678 1217 provide
705 1171 869 1205 ordinetur
898 1171 936 1206 de
973 1171 1048 1207 locis
1066 1200 1073 1211 ,

323 1219 519 1266 temporibus
553 1228 583 1254 et
610 1219 855 1260 definitoribus,
886 1233 1008 1255 necnon
1045 1230 1074 1255 et

321 1270 389 1304 aliis
411 1269 611 1316 opportunis,
641 1282 697 1315 pro
719 1269 989 1315 subsequentibus
1007 1284 1074 1317 pro-

323 1318 514 1353 vincialibus
541 1318 687 1365 capitulis
713 1318 923 1352 celebrandis.

370 1369 390 1416 S
412 1372 444 1403 9.
468 1367 646 1403 Statuimus
666 1368 808 1413 insuper,
831 1368 915 1413 quod
942 1369 970 1401 in
999 1382 1075 1416 quo-

134 1420 178 1465 ⁰⁹„
199 1420 304 1472 ?¹‘²'';'¹¹'·¹³
322 1417 398 1452 libet
428 1417 496 1452 loco
524 1417 724 1451 conventuali
749 1417 905 1451 dictorum
932 1418 1073 1459 fratrum,

119 1458 305 1509 ssii'ss'e'JSffiffi-GIEJ.
324 1468 375 1503 ubi
403 1467 440 1502 ad
466 1467 571 1502 miuus
598 1467 766 1501 duodecim
791 1467 901 1502 fratres
935 1467 1073 1508 fuerint,

121 1516 234 1535 “⁷³¹³'¹'¹i⁵'
322 1518 379 1563 ipsi
412 1517 472 1551 sibi
501 1517 616 1563 eligant
649 1529 741 1551 suuni
772 1517 905 1562 priorem
930 1530 1074 1552 conven—

323 1567 437 1602 tualem
455 1594 463 1607 ‚
490 1567 556 1613 qui,
580 1567 656 1601 infra
680 1566 863 1613 ‹prindecim
902 1567 969 1602 dies
1006 1577 1075 1614 post

320 1629 410 1652 suam
452 1616 639 1651 electionem
678 1616 860 1651 immediate
892 1626 1074 1665 sequentes,

320 1666 592 1702 confirmationem
625 1680 640 1700 a
671 1667 775 1713 priore
804 1679 863 1701 suo
893 1668 1074 1713 provinciali

320 1717 432 1752 devote
462 1724 567 1762 petere
595 1716 719 1755 debeat,
747 1725 776 1750 et
805 1716 872 1762 ipse
893 1717 977 1763 prior
1002 1731 1077 1763 pro—

321 1766 477 1810 vincialis,
499 1766 576 1799 iufra
599 1765 676 1799 alios
697 1766 878 1811 quindecim
903 1766 970 1801 dies
998 1767 1077 1801 sub-

321 1825 503 1862 sequentes,
521 1815 707 1849 electionem
732 1815 894 1857 eamdem,
920 1815 995 1850 dum
1025 1825 1077 1850 ta—

323 1878 394 1900 men
419 1866 517 1910 ipsam
542 1864 726 1899 canonicam
752 1864 939 1910 reperierit,
967 1865 1078 1900 debeat

323 1914 521 1953 contii-mare,
539 1914 583 1947 vel
600 1914 625 1948 si
651 1913 747 1959 ipsam
773 1914 878 1948 minus
892 1915 1077 1950 canonicam

326 1963 503 2005 invenerit,
540 1975 666 1997 causam
694 1975 750 1997 seu
780 1976 914 2001 causas,
952 1972 1080 2011 propter

325 2024 405 2060 quas
431 2024 500 2046 eam
523 2012 709 2046 confirmare
732 2012 884 2051 omiserit,
912 2013 1079 2059 exprimat,

327 2062 450 2096 intimet
468 2069 497 2096 et
526 2073 586 2096 una
611 2073 682 2095 cum
707 2061 840 2096 consilio
868 2061 1079 2097 discretorum

328 2116 400 2156 loci,
424 2115 477 2150 ubi
502 2115 614 2155 fuerit,
639 2115 826 2161 provideat,
856 2125 949 2162 prout
984 2129 1080 2164 supra

329 2170 470 2217 proxime
493 2169 532 2203 de
562 2169 664 2216 priore
688 2169 869 2215 provinciali
894 2170 996 2205 extitit
1023 2184 1082 2205 or-

329 2224 486 2259 dinatum.

379 2278 398 2325 g
424 2281 477 2313 10.
512 2278 668 2313 Volumus
695 2291 821 2325 quoqne
849 2279 933 2325 quod
963 2280 1082 2326 priores

138 2340 316 2372 Prinruvrovjn-
331 2332 542 2379 provinciales
570 2341 735 2379 postquam
760 2333 862 2367 tribus
889 2334 981 2367 annis
1004 2347 1084 2368 con-

128 2369 317 2427 iiiriiibeiniiisiiunnj
332 2385 428 2419 tinuis
451 2386 479 2420 in
506 2385 749 2432 provincialatus
761 2386 862 2421 officio
880 2387 1083 2433 praefuerint,

131 2438 165 2452 ¹¹¹⁰
182 2431 298 2457 ⁶³*⁹¹⁸‘¹'⁰¹'
331 2439 533 2474 absolvantur
556 2452 609 2474 sen
646 2447 866 2475 removeantur
891 2441 1018 2487 penitus
1045 2441 1084 2475 ab

332 2493 458 2537 eodem,
482 2494 708 2541 prohibentes,
731 2494 814 2542 quod
843 2494 880 2528 ad
917 2494 999 2529 idem
1030 2495 1084 2529 ol'-

332 2548 436 2582 licium
460 2547 569 2582 saltem
595 2548 623 2581 in
647 2548 756 2582 eadem
787 2548 943 2594 provincia
971 2549 1086 2596 quovis

332 2601 427 2637 modo
450 2614 505 2650 per
523 2601 601 2637 alios
625 2610 686 2637 tres
705 2614 803 2638 annos
827 2602 1006 2639 immediate
1029 2616 1084 2639 se-

1120 336 1200 370 idem
1225 335 1360 369 ollii-ium
1393 345 1645 381 proii'ioveantur.

1167 386 1187 429 g
1215 387 1222 417 1
1240 387 1265 417 1.
1285 384 1436 418 Similiter
1456 385 1638 420 definitores
1652 386 1808 431 generalis
1826 399 1871 420 ca·
1914 393 2039 413 mannam

1119 430 1207 479 pituli
1237 446 1298 467 uon
1323 433 1478 479 eligantur
1501 434 1538 467 ad
1569 434 1650 468 idem
1678 425 2071 479 delinitionisiiiiidfimiffiium

1118 482 1269 521 osticium,
1299 483 1355 516 nisi
1384 483 1512 517 denium
1537 483 1653 529 elapsis
1673 483 1799 519 duobus
1818 498 1872 531 ge-

1119 531 1277 565 neralibus
1299 532 1443 577 capitulis
1460 532 1640 566 immediate
1657 533 1872 579 sequentibus;

1119 581 1241 627 possiut
1274 589 1376 615 tamen
1409 581 1485 614 alias
1513 581 1595 615 licite
1626 582 1654 615 in
1689 581 1872 617 delitiitorez.

1120 630 1321 675 provincialis
1335 630 1462 676 capituli
1478 630 1551 675 eligi
1568 631 1682 676 pariter
1697 639 1725 664 et
1741 634 1871 665 assumi.

1119 679 1309 714 Deliuitorcs
1333 680 1424 713 etiam
1455 679 1655 724 provincialis
1683 681 1810 726 capituli
1834 682 1870 715 ad

1119 729 1199 763 idem
1235 728 1371 763 officium
1389 756 1397 772 ,
1435 728 1493 762 nisi
1521 728 1646 763 duobus
1678 729 1794 775 elapsis
1820 744 1873 765 ca-

1119 778 1224 824 pitulis
1267 777 1538 825 provincialibus,
1569 778 1750 813 nullatenus
1776 792 1873 814 assu—

1119 836 1254 863 mantur.

1166 878 1185 921 ,Ε
1230 881 1281 912 12.
1326 877 1452 912 Priores
1489 877 1582 912 etiam
1621 878 1871 919 conventuales,
1900 884 1994 905 Pomm
2018 892 2071 905 *⁷⁰⁰⁴

1116 940 1199 961 anno
1223 926 1268 961 vel
1291 927 1329 961 ad
1355 927 1478 973 longius
1495 926 1624 961 biennio
1648 928 1677 962 iu
1701 928 1768 963 suis
1786 928 1871 975 prio·
1885 915 2071 973 {funssu'd'uss'ssiii'g

1119 977 1236 1011 ratibus
1264 976 1396 1010 babeant
1428 976 1604 1022 praesidere
1885 984 1980 1005 ’ΜΡΝ
2000 981 2059 999 '¹¹¹¹‘³¹

1165 1028 1185 1072 5¹
1218 1029 1270 1060 ¹5.
1294 1025 1470 1059 Statnimus
1493 1025 1585 1059 etiam
1614 1025 1698 1072 quod
1718 1026 1802 1072 prior
1821 1039 1869 1072 ge·
1898 1032 2067 1081 'etsffleflfflm'c

1118 1076 1232 1109 neralis
1272 1075 1427 1109 dictorum
1459 1074 1613 1118 fratrum,
1641 1075 1695 1122 qui
1727 1076 1785 1110 erit
1815 1088 1869 1121 pro
1883 1069 2069 1115 g'iiieriiiifoffiiiffij

1118 1132 1282 1170 tempore,
1319 1125 1347 1158 in
1376 1124 1423 1158 sui
1458 1124 1594 1158 novitate
1610 1152 1617 1163 ‚
1641 1132 1671 1158 et
1698 1133 1867 1171 antequam
1883 1123 2072 1175 ῗῖζῐυζῐξζζξζζῐζζ

1116 1186 1208 1207 suum
1241 1182 1414 1220 exequatur
1447 1173 1585 1207 officium
1606 1200 1613 1212 ‚
1638 1174 1666 1207 in
1697 1174 1873 1219 praesentia
1889 1187 1942 1207 dum.

1116 1222 1273 1268 generalis
1293 1222 1423 1269 capituli
1447 1222 1610 1268 corporale
1634 1222 1672 1257 ad
1691 1231 1798 1257 sancta
1814 1222 1872 1257 Dei

1118 1271 1288 1317 Evangelia
1314 1279 1471 1318 praestare
1495 1270 1604 1305 debeat
1636 1271 1846 1306 iuramentum
1864 1300 1873 1315 ,

1117 1320 1200 1366 quod
1238 1321 1295 1354 erit
1324 1320 1426 1355 {idelis
1460 1328 1588 1354 sanetae
1622 1320 1784 1356 Romanae
1813 1321 1873 1356 Ec-

1117 1370 1241 1409 clesiae,
1262 1370 1391 1404 domino
1415 1369 1528 1414 Papae,
1552 1370 1681 1416 suisque
1708 1383 1874 1405 successo-

1118 1420 1218 1463 ribus‘,
1242 1429 1270 1455 et
1290 1420 1319 1454 in
1339 1420 1584 1467 provisionibus,
1609 1421 1873 1467 promotionibus.

1117 1471 1423 1511 confirmationibus,
1453 1471 1702 1517 repulsionibus,
1737 1471 1874 1506 destitu-

1118 1519 1256 1554 tionibus
1279 1530 1306 1555 et
1344 1520 1520 1555 maioribus
1547 1520 1802 1556 correctionibus
1830 1522 1875 1556 sa—

1118 1569 1241 1603 ciendis
1260 1598 1267 1609 ‚
1304 1571 1371 1604 sine
1411 1571 1625 1615 acceptatione
1651 1583 1871 1617 personarum,

1119 1619 1295 1653 seeundum
1313 1620 1416 1654 Deum
1435 1627 1463 1653 et
1483 1628 1597 1654 rectam
1614 1633 1702 1654 suam
1715 1621 1876 1656 conscien-

1119 1669 1192 1702 tiam
1220 1677 1247 1703 et
1269 1669 1350 1704 beati
1380 1669 1549 1714 Augustini
1575 1669 1727 1716 regulam,
1752 1683 1874 1706 necnon

1119 1727 1147 1753 et
1171 1718 1355 1752 eorumdem
1381 1719 1510 1752 fratrum
1541 1727 1653 1753 statuta
1682 1727 1711 1753 et
1739 1732 1876 1755 consue-

1121 1768 1248 1802 tudines
1265 1767 1466 1802 laudabiliter
1482 1776 1510 1803 et
1528 1767 1661 1802 fideliter
1683 1781 1717 1803 se
1734 1768 1875 1809 habebit,

1120 1825 1149 1850 et
1174 1830 1266 1852 suum
1291 1817 1430 1852 officium
1455 1817 1622 1851 exercebit.
1646 1818 1773 1852 Priores
1795 1831 1876 1866 quo-

1121 1880 1180 1913 que
1202 1867 1410 1914 provinciales
1434 1867 1463 1901 in
1479 1879 1609 1901 suorum
1635 1867 1875 1914 provincialium

1122 1916 1332 1963 capitulorum
1350 1944 1357 1956 ,
1381 1924 1412 1950 et
1436 1916 1557 1963 priores
1584 1918 1813 1952 conventuales
1847 1918 1876 1952 in

1122 1978 1249 2000 suorum
1271 1966 1540 2006 conventualium,
1565 1978 1687 2000 necnon
1705 1974 1735 2001 et
1762 1966 1879 2002 defini-

1123 2022 1207 2049 tores
1229 2015 1423 2059 generalium
1448 2015 1662 2061 eapitulorum
1688 2016 1718 2050 in
1736 2016 1876 2063 ipsorum

1123 2064 1333 2111 capitulorum
1351 2064 1560 2110 generalium,
1582 2073 1611 2099 et
1634 2064 1816 2101 definitores
1831 2079 1879 2102 ca·

1125 2117 1296 2164 pitulorum
1322 2118 1560 2165 provincialium
1585 2118 1614 2152 in
1639 2118 1780 2165 ipsorum
1797 2119 1878 2168 capi-

1124 2171 1263 2205 tulorum
1294 2171 1533 2218 provincialium
1563 2172 1739 2219 praesentia
1762 2173 1879 2214 iurent,

1125 2225 1210 2272 quod
1230 2225 1259 2259 in
1282 2226 1518 2272 provisionibus
1540 2235 1569 2262 et
1585 2227 1716 2262 caeteris
1731 2227 1880 2274 superius

1125 2280 1294 2326 expressis,
1328 2288 1482 2327 qnantum
1506 2280 1543 2315 ad
1570 2282 1712 2327 ipsorum
1736 2281 1877 2318 officium

1127 2333 1326 2379 pertinuerit,
1346 2333 1480 2368 fideliter
1502 2347 1536 2369 se
1553 2334 1728 2369 habebunt.

1175 2388 1194 2431 ,Ε
1223 2390 1273 2421 14.
1304 2387 1473 2422 Hortamur
1497 2389 1626 2436 insuper
1653 2398 1682 2425 et
1714 2401 1880 2426 monemus
1895 2393 2025 2446 dffl‘flerssec
2040 2398 2081 2443 21

1127 2454 1238 2476 omnes
1269 2449 1296 2475 et
1325 2442 1468 2488 singulos
1491 2443 1601 2477 fratres
1625 2443 1822 2490 praedictos,
1845 2440 1991 2483 uteipisn'eia
2060 2442 2063 2443 ⁷

1128 2495 1234 2530 nullus
1269 2495 1454 2530 eorumdem
1491 2509 1622 2531 munera
1658 2509 1714 2533 seu
1750 2497 1879 2533 donaria

1127 2549 1194 2584 suis
1222 2550 1464 2596 superioribus,
1489 2563 1542 2597 per
1564 2563 1597 2585 se
1623 2551 1667 2585 vel
1698 2564 1754 2599 per
1780 2550 1880 2586 alium

1127 2603 1240 2639 audeat
1262 2604 1503 2652 quomodolibet
1540 2604 1719 2653 impertiri,
1755 2605 1880 2653 ipsique
