2274 3265
212 247 261 275 Αη.
282 248 309 275 C.
329 248 394 275 1305

240 2349 368 2370 Praemium*

460 238 526 271 166

409 312 439 338 nt
463 306 491 338 in
516 305 594 351 ipso,
633 304 730 350 gratia
771 304 958 351 disponente
993 319 1152 352 superna,

408 353 571 400 tranquilla
599 361 738 401 tempora
763 353 903 398 redeant,
930 355 1065 402 inquieta
1102 369 1152 391 re-

406 402 528 438 cedant:
553 403 662 449 sicque
690 403 788 450 ipsius
811 405 897 450 regni
926 412 1024 440 status
1048 406 1152 441 10101·-

407 460 508 488 metur
535 452 565 487 111
586 465 784 499 prosperum,
806 454 891 500 quod
914 454 992 489 laeta
1026 467 1084 502 pax
1122 464 1152 491 ct

406 502 578 537 amoenitas
601 502 630 536 in
655 503 755 538 locum
785 511 845 538 tam
883 506 1024 549 gravium
1057 505 1152 540 adve-

407 552 471 586 niat
492 551 721 587 scandalorum.

456 600 539 636 Nulli
562 613 637 648 ergo
664 601 827 636 hominum
851 603 941 638 liceat
975 603 1055 638 hauc
1098 617 1152 650 pa-

405 651 509 697 ginam
534 659 710 686 nostrorum
742 652 988 696 constitutionis,
1029 653 1149 688 (11111111-

406 701 510 745 tionis,
531 700 762 740 declarationis,
808 702 1024 746 iniunctioniS,
1059 716 1151 750 prae—

405 750 500 797 cepti,
523 750 740 795 absolutionis,
774 751 902 793 decreti,
943 752 1152 799 impositionis

405 808 434 834 et
457 799 671 846 denegationis
716 800 886 847 infringere
921 801 965 836 vel
1006 801 1032 836 ei
1071 815 1149 837 ausu

405 850 570 884 temerario
592 850 759 885 contraire.
783 850 816 885 Si
839 850 909 897 quis
931 858 1035 885 antem
1058 860 1109 885 etc.

452 899 569 934 Datum
592 899 754 945 Anagniae
775 899 917 935 secundo
944 900 1092 935 kalendas
1107 902 1153 936 iu-

404 949 458 993 nii,
480 949 680 996 pontificatus
709 950 803 984 nostri
827 962 909 984 anno
932 962 975 984 lx.

458 1009 518 1039 Dat.
537 1010 584 1040 die
602 1010 636 1040 31
656 1011 725 1040 maii
746 1011 828 1047 1303,
848 1012 949 1050 pontis.
967 1021 1043 1041 anno
1062 1021 1098 1042 ix.

981 251 1166 273 ut'LLARtt'M

749 1164 818 1200 XX.

403 1247 558 1280 Institutio
585 1247 692 1280 Studia·
716 1247 865 1292 generalis
894 1248 924 1279 in
947 1248 1040 1281 Alma
1066 1248 1152 1285 Urbe.

451 1308 519 1330 cum
535 1297 708 1341 privileqiis
733 1308 791 1341 pro
818 1298 991 1330 doctoribus
1014 1304 1039 1330 et
1066 1298 1152 1330 scho-

452 1347 581 1380 laribus.

674 1425 889 1456 sumiti-untur

404 1492 591 1523 Prooemium.
614 1510 651 1514 —
672 1494 695 1521 l.
713 1492 848 1521 Studium
869 1492 1006 1530 generale
1031 1493 1059 1522 in
1078 1494 1152 1523 Urbe

444 1538 580 1567 instituit.
599 1555 636 1559 —
654 1538 681 1567 ἱ).
700 1537 850 1577 Exemptio
869 1538 1020 1567 doctorum
1045 1544 1073 1568 et
1088 1543 1152 1568 stu-

443 1583 575 1612 dentium
606 1593 621 1612 a
653 1582 739 1612 Curia
762 1582 938 1621 Capitolina,
958 1600 996 1605 —
1026 1584 1052 1613 3,
1075 1584 1108 1613 Et
1139 1594 1153 1613 a

444 1629 527 1658 novis
546 1627 797 1666 impositionibus.
812 1644 850 1649 —-
865 1628 893 1657 t.
910 1627 984 1657 Taxa
1002 1630 1154 1667 pensionis

445 1682 497 1712 pro
523 1672 661 1702 domibus
684 1672 865 1702 eorumdem.
895 1689 932 1694 —
962 1674 990 1703 5.
1022 1673 1155 1712 Cognitio

444 1727 602 1748 causarum
627 1717 737 1757 quibus
764 1718 956 1756 iniungenda.
978 1736 1016 1740 —
1038 1720 1064 1748 6.
1086 1718 1154 1749 Dis-

446 1763 579 1801 pensatio
595 1772 609 1792 a
629 1763 790 1792 residentia
806 1763 835 1792 in
855 1763 1018 1799 beneficiis,
1031 1764 1096 1793 data
1113 1764 1157 1793 sa-

445 1808 552 1838 cultate
579 1808 763 1848 percipiendi
787 1807 911 1838 fruetus.
934 1826 971 1830 —
999 1809 1024 1838 7.
1047 1809 1157 1839 Execu-

447 1858 524 1884 tores
543 1854 667 1884 huiusce
685 1853 915 1884 constitutionis.
930 1871 969 1876 —
987 1854 1013 1884 8.
1030 1854 1157 1885 Obstan-

448 1900 520 1929 tium
543 1899 702 1938 derogatio.

407 1972 560 2002 bonifacius
588 1972 729 2008 episcopus
755 1979 850 2001 servus
876 1979 1014 2002 sorvorum
1037 1973 1093 2006 Dei,
1118 1974 1156 2002 di-

451 2021 533 2051 lectis
562 2021 627 2050 filiis
664 2022 756 2051 abbati
775 2022 937 2050 monasterii
967 2023 992 2050 S.
1021 2023 1158 2051 Laurentii

451 2071 536 2100 extra
553 2077 656 2104 muros,
677 2072 706 2100 et
724 2071 811 2107 priori
835 2071 965 2100 Basilicao
996 2074 1029 2101 ad
1061 2073 1159 2101 Sancta

451 2111 620 2153 sanctornm,
647 2128 678 2150 ac
705 2121 940 2157 archipresbytero
969 2122 1101 2151 Ecclesiae
1133 2123 1158 2150 S.

451 2170 590 2199 Eustachii
608 2172 641 2200 do
677 2171 755 2204 Urbe,
777 2170 895 2200 salutem
914 2173 944 2200 et
981 2172 1158 2207 apostolicam

452 2219 674 2249 benedictionem.

460 2292 491 2327 ln
520 2305 687 2340 supremae
726 2294 960 2340 praeeminentia
1000 2294 1159 2341 dignitatis

410 2342 503 2377 divini
527 2343 735 2391 dispositione
762 2344 886 2378 consilii
909 2344 1084 2384 constituti,
1121 2345 1158 2380 ad

412 2395 572 2428 universas
603 2393 743 2427 fidelium
783 2394 928 2440 regiones
956 2402 1079 2429 nostrae
1115 2395 1160 2429 vi-

411 2442 557 2489 gilantiae
578 2443 731 2488 creditas,
760 2451 915 2490 tamquam
960 2453 1066 2492 pastor
1101 2444 1161 2479 do-

412 2492 518 2527 minici
540 2493 655 2540 gregis,
677 2494 777 2529 aciem
795 2494 985 2542 apostolicae
1013 2494 1159 2530 conside-

413 2542 540 2577 rationis
576 2543 787 2584 extendimus,
826 2544 862 2579 ad
910 2557 1017 2579 earum
1055 2544 1160 2591 prose-

412 2600 497 2627 ctum
520 2601 672 2640 quantum
696 2593 787 2629 nobis
809 2607 845 2629 ex
869 2593 929 2629 alto
970 2595 1160 2642 permittitur

414 2641 621 2678 intendentes:
645 2643 699 2678 sed
723 2643 760 2679 ad
791 2644 915 2681 urbium
939 2644 1070 2685 Urbem,
1093 2644 1159 2679 Ro-

1195 251 1354 274 nosti-tum

1194 320 1315 342 manain
1346 307 1489 343 videlicet
1515 308 1685 349 civitatem,
1712 322 1806 357 quam
1834 310 1937 346 divina

1193 357 1357 392 clementia
1384 358 1491 392 statuit
1512 366 1607 404 caput
1633 358 1730 400 orbis,
1763 371 1800 394 eo
1834 368 1937 396 atten-

1194 406 1279 441 tioris
1302 407 1512 442 meditationis
1535 407 1683 442 intuitum
1708 416 1937 456 retorquemus.

1192 469 1254 502 quo
1282 457 1483 504 principalius
1505 457 1534 490 111
1562 457 1671 492 eadem
1696 459 1791 493 nostri
1821 459 1936 494 Sedent

1193 506 1385 552 apostolatus
1407 506 1550 541 coelestis
1584 507 1749 554 dispositio
1776 508 1935 553 stabilivit,

1193 563 1222 589 et
1247 556 1379 590 111-1113111
1406 556 1566 591 Ecclesiae
1594 557 1807 592 t'umtamenta.
1851 558 1938 594 Hanc

1194 605 1331 651 prolecto
1367 606 1512 640 nimirum
1548 607 1627 640 inter
1660 615 1796 642 caeteras
1842 607 1937 643 urbes

1191 654 1251 687 suli
1273 654 1460 689 christianae
1483 656 1632 702 religione
1656 656 1725 691 lidei
1758 657 1937 698 militantes,

1193 702 1346 739 uberioris
1372 704 1548 740 allectionis
1580 706 1792 752 praerogativa
1831 720 1939 754 prose-

1191 753 1331 799 quimur,
1354 754 1529 790 studiosius
1559 756 1739 801 apostolicis
1780 757 1939 792 munimus

1194 802 1368 848 praesidiis,
1391 812 1421 837 et
1448 805 1614 851 condignis
1648 805 1795 842 libentius
1829 808 1939 853 gratiis

1193 851 1394 892 honoramus,
1418 853 1560 900 ideoque·
1576 855 1704 889 ferventi
1733 868 1794 890 non
1824 857 1938 892 imme—

1193 901 1252 935 rito
1274 901 1428 937 desiderio
1445 903 1601 947 ducimur,
1614 904 1697 950 quod
1717 906 1825 940 eadem
1845 906 1938 950 Urbs,

1192 963 1285 996 qnam
1313 950 1417 985 divina
1447 951 1570 987 bonitas
1592 961 1636 987 tot
1669 955 1838 999 gratiarum
1880 956 1940 991 do-

1193 1000 1276 1034 tibus
1308 1000 1478 1047 insignivit,
1519 1003 1718 1037 scientiarum
1759 1006 1853 1040 etiam
1889 1006 1939 1040 fiat

1194 1050 1345 1084 foecunda
1370 1051 1569 1092 muneribus,
1606 1060 1637 1086 ut
1677 1052 1758 1087 viros
1791 1054 1941 1100 producat

1193 1099 1313 1134 consilii
1341 1101 1517 1135 maturitate
1549 1102 1750 1148 conspicuos,
1792 1104 1938 1138 virtutum

1195 1148 1357 1184 redimitos
1385 1150 1547 1185 ornatibus
1585 1163 1620 1185 ao
1661 1151 1853 1187 diversarum
1895 1153 1942 1188 fa-

1193 1198 1343 1233 cultatum
1367 1199 1568 1246 dogmatibus
1590 1200 1744 1242 eruditos,
1766 1202 1872 1249 sitque
1900 1203 1940 1237 ibi

1195 1249 1264 1283 fons
1290 1249 1492 1284 scientiarum
1521 1251 1671 1296 irriguuS‚
1698 1250 1738 1285 de
1761 1252 1852 1286 cuius
1875 1252 1940 1300 ple-

1194 1298 1338 1333 nitudine
1363 1299 1506 1334 hauriant
1529 1300 1664 1335 universi
1686 1299 1862 1336 literalibus
1884 1315 1941 1337 cu-

1195 1348 1315 1395 pientes
1337 1348 1434 1383 imbui
1464 1351 1685 1384 monumentis.

1242 1403 1256 1441 g
1281 1401 1310 1432 1.
1335 1398 1383 1432 Ad
1408 1399 1489 1434 hunc
1518 1400 1613 1446 igitur
1636 1400 1844 1436 universalem
1869 1416 1942 1450 pro-

1196 1448 1309 1482 fectum
1325 1461 1385 1483 11011
1408 1449 1510 1483 solum
1535 1450 1708 1485 incolarum
1732 1450 1827 1486 Urbis
1843 1452 1944 1500 ipsius

1194 1506 1224 1531 et
1251 1498 1495 1545 circumpositae
1518 1500 1665 1546 regionis,
1680 1500 1734 1535 sed
1751 1509 1779 1535 et
1798 1502 1944 1546 aliorum,

1195 1547 1248 1594 qui
1273 1556 1398 1594 propter
1425 1549 1485 1583 hoc
1506 1550 1593 1595 quasi
1629 1550 1781 1585 continuo
1815 1552 1854 1587 de
1893 1552 1944 1586 di-

1199 1597 1294 1631 versis
1316 1599 1424 1632 mundi
1443 1600 1584 1645 partibus
1611 1600 1773 1634 conlluunt
1801 1602 1838 1636 ad
1863 1614 1946 1637 eam-

1196 1647 1280 1689 dem,
1308 1647 1413 1682 studio
1442 1657 1588 1694 paternae
1624 1649 1849 1686 sollicitudinis
1890 1653 1944 1686 in-

1197 1696 1372 1741 tendentes,
1400 1698 1543 1744 diligenti
1570 1712 1667 1745 snper
1689 1699 1748 1735 hoc
1775 1713 1847 1736 cum
1881 1702 1945 1736 sra-

1198 1746 1297 1781 tribus
1325 1748 1440 1783 nostris
1473 1748 1696 1784 deliberatione
1736 1750 1917 1798 praehabita
1937 1780 1944 1789 ,

1197 1796 1235 1830 de
1259 1797 1397 1844 ipsorum
1417 1798 1549 1833 consilio
1571 1799 1753 1834 auctoritate
1774 1801 1944 1847 apostolica

1197 1846 1345 1881 duximus
1371 1848 1585 1891 statuendum,
1607 1849 1690 1896 quod
1709 1849 1738 1884 in
1755 1850 1840 1886 Urbe
1853 1863 1945 1898 prae-

1198 1896 1279 1931 dicta
1307 1898 1466 1945 perpetuis
1489 1898 1602 1933 suturis
1630 1900 1828 1946 temporibus
1845 1912 1947 1947 gene-

1198 1946 1260 1981 rale
1288 1947 1406 1993 vigeret
1432 1947 1580 1983 Studium
1606 1948 1636 1983 in
1676 1949 1815 1996 qnalibet
1849 1950 1947 1986 facul-

1201 2005 1273 2037 tate,
1297 2009 1332 2032 ac
1365 1998 1514 2033 docentes
1550 2007 1581 2033 et
1607 1998 1769 2034 studentes
1803 1999 1918 2036 ibidem
1938 2028 1947 2044 ,

1199 2046 1346 2082 omnibus
1362 2047 1542 2094 privilegiis,
1564 2048 1762 2084 libertatibus
1783 2058 1813 2084 et
1835 2051 1949 2085 immu-

1200 2096 1349 2131 nitatibus
1375 2098 1533 2132 concessis
1571 2097 1754 2134 doctoribus
1789 2107 1817 2134 et
1851 2100 1948 2136 scho—

1200 2145 1316 2181 laribus
1343 2147 1372 2180 in
1392 2147 1506 2181 studiis
1531 2148 1731 2195 generalibus
1753 2161 1949 2186 commoran-

1201 2195 1295 2235 tibus,
1323 2196 1481 2243 gaudeant
1502 2206 1530 2232 et
1559 2206 1696 2233 utantur.

1249 2250 1264 2289 ἓ
1291 2248 1325 2280 2.
1354 2246 1391 2280 Et
1413 2259 1453 2281 ne
1479 2247 1660 2283 huiusmodi
1704 2249 1843 2296 ipsorum
1870 2250 1948 2285 Stu-

1200 2296 1287 2330 dium
1316 2296 1411 2343 (quod
1434 2297 1472 2331 de
1496 2297 1578 2333 bono
1605 2310 1731 2345 semper
1759 2300 1789 2334 in
1834 2301 1947 2335 melius

1200 2346 1290 2391 dirigi
1314 2347 1491 2392 cupimus),
1519 2347 1691 2394 perturbari
1726 2350 1946 2396 contingeret,

1200 2396 1383 2430 auctoritate
1413 2397 1568 2443 praedicta
1591 2398 1800 2439 decrevimus,
1829 2408 1861 2434 ut
1894 2399 1948 2434 do-

1201 2454 1302 2480 ctores
1325 2445 1369 2479 vel
1392 2447 1562 2488 scholares,
1586 2448 1615 2482 in
1640 2447 1820 2484 huiusmodi
1854 2448 1945 2484 Rom.

1201 2495 1305 2529 studio
1333 2506 1576 2537 commorantes,
1605 2510 1666 2532 non
1706 2498 1826 2545 possint
1862 2500 1948 2534 inviti

1202 2545 1231 2579 in
1255 2545 1330 2579 Cur.
1353 2545 1500 2593 Capitolii
1530 2548 1696 2583 occasione
1725 2548 1862 2595 qualibet
1903 2550 1950 2585 ci-

1203 2595 1301 2630 viliter
1337 2596 1381 2630 vel
1418 2596 1622 2632 criminaliter
1661 2598 1845 2639 conveniri,
1889 2600 1947 2635 nisi

1202 2644 1304 2679 forsan
1328 2645 1421 2694 (quod
1446 2646 1535 2691 absit)
1564 2646 1770 2682 homicidium
1804 2661 1859 2696 per
1893 2650 1949 2684 ali-

1952 257 2001 282 An.
2019 256 2047 282 C.
2067 254 2135 283 ¹505

1970 1411 2062 1432 Studium
2078 1416 2142 1438 gene-

1958 1443 2000 1463 rale
2034 1444 2054 1463 in
2085 1442 2140 1463 [rba

1958 1475 2056 1494 instituit,

1976 2259 2082 2286 Exempttc
2107 2261 2141 2280 tlo-

1963 2293 2042 2310 vrorum
2063 2294 2082 2310 et
2099 2294 2145 2311 stu-

1962 2323 2072 2342 dentinma
2084 2321 2146 2342 Curia

1962 2355 2090 2381 capitolina,
