2274 3265
141 242 189 269 An.
211 244 239 268 (Σ.
259 244 322 270 t5s3

172 446 288 466 Clau-<ulae⁴

141 1781 230 1801 Ambitio
247 1783 266 1802 in
278 1788 312 1802 ei:-

126 1812 254 1832 ctestasticts
273 1818 311 1832 ex—

126 1843 219 1863 ecrabile
231 1846 311 1865 vitium.

139 2175 218 2195 Causae
243 2177 311 2195 eden-

126 2207 164 2226 dae
181 2207 241 2226 buius
258 2213 311 2228 ron-

126 2240 249 2258 stitutionis

968 245 1111 266 t'ltiiAM's
1135 246 1164 266 ὶΙ
1189 246 1235 266 l't'.

338 299 405 333 suis
429 299 519 334 bonis
543 301 676 347 propriis
700 312 754 346 pro
777 299 857 334 dicta
880 299 1027 334 exhibere
1051 301 1092 334 l'a-

337 347 420 383 brit-a
445 357 597 383 teneatur.

387 399 406 444 ξ
429 401 460 431 5.
488 398 571 433 Nulli
587 412 660 445 ergo
675 399 806 433 omnino
830 399 980 433 hominun
999 399 1089 433 liceat

338 447 417 481 hant:
456 449 599 495 paginam
636 458 812 483 nostrarum
838 448 1033 483 inhibitionis
1060 457 1089 483 ot

336 499 572 532 constitutionis
600 498 782 545 infringere,
808 507 860 532 etc.

386 547 501 581 Datum
517 548 599 594 apud
620 548 757 583 Montem
779 547 962 583 Flasconem
979 557 1087 582 octavo

338 596 407 631 idus
436 597 513 639 iulii,
537 598 735 643 pontilicatus
763 599 858 632 nostri
882 610 965 632 anno
988 605 1084 633 sexto.

396 659 456 689 Dat.
476 660 523 689 die
542 660 559 689 8
582 660 645 689 iulii
675 661 756 695 1383,
776 661 876 699 pontis.
899 671 975 690 anno
994 670 1029 691 νι.

686 839 735 873 Vt.

336 922 427 962 Quod
440 924 550 966 fratres
573 923 729 966 hospitalis
747 924 855 956 Sancti
871 924 997 956 loannis
1014 924 1084 956 Hie-

381 973 596 1015 rosolymitant'
610 984 701 1004 unum
717 975 927 1005 tontttmmodo
941 975 1083 1006 t'neortun

384 1022 501 1055 Ordine
527 1023 697 1067 beneficium
725 1025 882 1066 acquirere
905 1024 1021 1067 possint
1038 1025 1083 1056 ‹le-

379 1073 470 1104 rernt't
492 1073 546 1114 (l)

601 1150 815 1180 summatim

328 1216 457 1246 Ambitio
486 1217 514 1246 in
541 1217 753 1247 ecelesiasticis
782 1217 945 1247 execrabile
970 1219 1081 1248 vitium.

370 1261 395 1290 1.
428 1261 540 1291 Causae
573 1261 704 1291 edendae
730 1262 818 1291 liuius
851 1263 1081 1292 constitutionis.

367 1323 406 1328 —
423 1306 450 1335 ⁶2.
474 1305 615 1335 Prohibet
638 1306 779 1335 fratribus
800 1307 897 1344 plures
926 1307 1082 1345 prioratus,

367 1354 416 1379 etc.
440 1351 469 1380 in
488 1349 596 1379 Ordine
621 1350 763 1380 obtinere.
787 1368 825 1373 —
844 1351 870 1380 3.
891 1351 1003 1381 Poenae
1037 1353 1082 1381 in-

366 1394 578 1424 obedientium.
601 1395 681 1424 -4,
699 1395 883 1433 Praeceptori
913 1395 1080 1425 facultatem

366 1440 414 1469 dat
432 1440 466 1469 de
484 1441 705 1479 praeceptorum,
722 1440 906 1479 caeterisque
926 1440 1080 1471 benefieiis

366 1485 528 1523 providere.
555 1502 594 1507 —-
619 1485 646 1514 5.
670 1484 793 1515 irritatio
817 1495 905 1514 secus
936 1491 1079 1517 actorum.

363 1546 402 1551 -—
419 1530 446 1559 6.
465 1528 632 1559 Clausulae.

387 1605 510 1634 Urbanus
527 1606 670 1641 episcopus
689 1613 784 1634 servus
800 1613 941 1635 servorum
961 1607 1016 1640 Dei,

475 1656 508 1684 ad
524 1657 685 1691 perpetuam
701 1656 742 1684 rei
761 1656 931 1684 memoriam.

375 1727 567 1762 Ambitionis
581 1727 766 1762 execrabilis
782 1728 891 1762 vitium
910 1729 938 1763 in
955 1731 1080 1765 cunctis

327 1778 468 1825 personis
491 1778 727 1815 ecclesiasticis,
745 1791 825 1824 (tuae
843 1792 904 1812 non
925 1792 1006 1826 quae
1025 1793 1078 1813 sna

326 1837 411 1867 sunt,
434 1827 488 1862 sed
513 1841 593 1875 quae
614 1828 732 1862 Christi
757 1828 935 1863 desiderare
964 1830 1079 1864 debent

326 1887 355 1912 et
377 1890 549 1924 quaerere,
572 1878 683 1912 merito
710 1878 918 1921 detestantes,
947 1879 1023 1913 illud
1049 1881 1078 1913 in

328 1927 473 1974 personis
488 1927 640 1972 religiosis
653 1935 737 1961 tanto
750 1928 886 1974 amplius
898 1941 1081 1963 execramur

326 1985 477 2023 quantum
502 1976 558 2022 ipsi
587 1977 761 2012 secundum
778 1990 853 2012 suae
875 1979 1080 2024 professionis

325 2025 469 2061 debitum
491 2026 562 2074 plus
576 2039 646 2062 esse
669 2026 786 2062 debent
808 2027 847 2061 ab
870 2027 980 2063 eodem
1006 2029 1080 2063 vitio

325 2076 428 2110 alieni.

374 2126 394 2173 g
412 2125 537 2160 1.Cnm
552 2126 666 2173 itaque,
684 2126 765 2161 sient
782 2140 818 2161 ex
837 2126 896 2161 fide
911 2127 1078 2173 dignorum

327 2175 477 2210 relatione
500 2176 683 2218 didicimus,
707 2177 848 2211 nonnulli
878 2177 988 2212 fratres
1012 2178 1080 2212 lios-

327 2226 429 2272 pitalis
443 2226 548 2260 Sancti
566 2226 691 2260 Ioannis
709 2226 1000 2274 Hierosolymitani,
1014 2228 1079 2262 sin-

325 2276 388 2321 guli
414 2275 555 2310 videlicet
591 2277 742 2322 ipsorum,
779 2277 885 2323 plures
913 2278 1079 2323 prioratus,

325 2325 527 2372 capellanias,
542 2326 772 2372 praeceptorias
799 2340 853 2361 seu
871 2326 982 2362 domos
995 2328 1079 2362 eius-

324 2376 395 2410 dem
416 2375 591 2430 hospitaliS,
607 2388 726 2423 quique
746 2377 837 2411 etiam
859 2376 964 2411 minus
979 2378 1078 2423 digni,

324 2425 416 2459 etiam
454 2438 483 2458 m
523 2424 658 2459 diversis
699 2433 729 2459 et
771 2427 898 2460 remotis
937 2427 1078 2472 partibus

323 2474 465 2509 obtinere
501 2483 682 2513 noscantur
703 2476 862 2510 nonnullis
876 2488 911 2510 ex
930 2477 1077 2512 fratribus

323 2524 488 2571 hospitalis
504 2524 647 2559 eiusdem
663 2526 755 2560 etiam
780 2525 981 2561 benemeritis
1004 2527 1078 2561 nul-

324 2574 387 2609 lum
424 2587 479 2608 sen
513 2574 629 2609 nullam
657 2588 695 2609 ex
719 2575 919 2622 prioratibus,
950 2589 1077 2624 praece-

357 2645 399 2680 (ί)
413 2645 452 2672 Ex
469 2645 574 2681 Regest.
593 2646 618 2672 in
635 2645 747 2673 Archiv.
770 2646 852 2674 vanc.

1763 239 1830 270 587

1137 299 1247 345 ptoriis
1272 314 1303 333 5ι
1309 314 1327 334 ιι
1346 300 1491 335 dontibus
1511 302 1692 337 huiusmodi
1713 302 1883 337 obtinenti-

1135 349 1193 383 lJus
1210 363 1241 383 5ι
1248 362 1264 382 ιι
1289 350 1462 385 ialetitilms
1486 352 1643 386 obtinete
1665 365 1701 386 ex
1725 365 1787 399 quo
1810 366 1881 387 cuni

1132 398 1212 433 alius
1236 400 1328 432 nimis
1358 400 1511 444 abundet,
1535 402 1614 436 alius
1638 414 1708 436 iero
1729 402 1883 448 indiweat',

1131 461 1224 495 saep(
1249 449 1328 483 inter
1351 450 1459 485 l²etatrts
1482 451 1608 485 eosdem
1639 451 1771 495 insuririt
1795 466 1883 487 mur-

1133 510 1201 532 mur
1240 507 1268 532 et
1303 499 1483 533 dissolvitur
1520 501 1676 534 vinculum
1705 501 1880 536 eharitatis:

1132 547 1289 594 iidemque
1329 549 1500 594 prioratus,
1521 550 1730 595 capellaniae,
1754 564 1882 597 praece-

1132 598 1270 644 ptoriae,
1308 611 1362 632 seu
1391 598 1523 638 doinus,
1559 599 1634 633 dunt
1656 600 1881 645 gubernatori-s

1129 660 1183 681 seu
1207 647 1477 683 administratores
1500 649 1609 682 inteuti
1630 658 1702 683 sunt
1726 650 1880 695 pluribus.

1130 697 1223 732 nimis
1241 698 1358 732 utiliter
1371 698 1597 743 gubernantur,
1619 699 1790 733 minoratur
1803 701 1880 734 eius·

1128 746 1199 781 dem
1226 747 1390 793 hospitalis
1414 748 1522 782 militia
1552 757 1581 783 et
1610 748 1801 794 hospitalitas
1828 757 1881 783 at-

1129 804 1292 832 tenuatur:
1317 810 1353 832 ex
1377 797 1413 832 iis
1435 811 1560 845 quoque
1584 798 1797 832 contemnitur
1819 811 1881 832 me-

1129 849 1237 881 morati
1275 847 1438 894 hospitalis
1475 849 1585 894 religio
1624 857 1654 882 et
1688 849 1718 882 in
1758 849 1880 883 animas

1128 896 1265 931 lidelium
1289 897 1470 931 scandalum
1494 906 1672 944 generatur.

1174 946 1193 993 S
1220 949 1253 980 2.
1277 947 1341 981 Nos
1364 947 1468 993 igitur,
1484 949 1534 995 qui
1552 948 1757 995 pluralitatem
1776 947 1881 983 buius-

1127 996 1222 1034 modi,
1245 998 1428 1042 praesertim
1455 998 1483 1031 in
1505 999 1648 1044 personis
1671 997 1878 1042 regularibus,

1127 1046 1258 1080 nimium
1294 1046 1511 1085 detestamur,
1541 1047 1749 1094 pluralitatem
1780 1048 1877 1094 ipsam

1127 1096 1279 1129 moderari
1304 1105 1333 1129 et
1360 1097 1479 1131 eisdem
1509 1097 1655 1131 fratribus
1678 1097 1879 1132 benemeritis

1125 1153 1152 1177 et
1178 1146 1394 1191 indigentibus
1414 1147 1575 1192 providere
1599 1147 1749 1186 volentes,
1769 1160 1879 1181 omnes

1125 1203 1153 1227 et
1185 1195 1329 1240 singulos
1364 1195 1476 1230 fratres
1511 1197 1676 1243 hospitalis
1716 1197 1775 1231 iam
1804 1197 1876 1231 (licti

1126 1243 1233 1289 plures
1248 1245 1416 1290 prioratus,
1431 1246 1632 1291 capellaniaS,
1660 1247 1879 1293 praeceptorias

1125 1306 1178 1327 seu
1203 1294 1315 1327 domos
1335 1295 1497 1341 hospitalis
1519 1295 1644 1341 praefati
1669 1309 1723 1330 seu
1744 1297 1876 1330 alterum

1125 1355 1194 1376 irum
1218 1343 1314 1377 altero
1337 1356 1390 1377 sen
1414 1344 1508 1379 altera
1537 1345 1728 1388 obtinentes,
1761 1346 1878 1391 guber-

1126 1400 1236 1427 nant-»s
1258 1401 1286 1426 et
1309 1393 1576 1433 administrantes,
1593 1396 1638 1429 eis
1651 1396 1799 1429 omnibus·
1817 1408 1879 1430 uno

1124 1454 1179 1476 sen
1205 1455 1263 1476 una
1287 1456 1324 1477 ex
1347 1443 1394 1476 eis
1411 1453 1541 1491 exrepto
1559 1444 1603 1478 rel
1627 1454 1768 1491 excepta,
1783 1459 1877 1492 quem

1126 1492 1170 1526 vel
1199 1505 1292 1539 quam
1314 1492 1390 1526 infra
1411 1503 1482 1528 octo
1507 1507 1631 1529 menses
1655 1508 1670 1529 a
1693 1496 1762 1530 data
1786 1508 1877 1542 prae-

1123 1543 1272 1581 sentium,
1292 1555 1371 1590 quas
1395 1543 1543 1578 faciemus
1568 1545 1597 1578 in
1621 1544 1763 1580 Romana
1782 1546 1877 1581 Curia

1125 1592 1295 1638 publicari,
1318 1594 1549 1639 computandos
1564 1622 1572 1637 ,
1592 1594 1706 1640 eligere
1733 1597 1876 1639 omnino,

1124 1641 1264 1675 dimissis
1299 1643 1441 1690 reliquis,
1465 1652 1653 1683 teneantur,
1687 1645 1877 1680 authoritate

1123 1692 1291 1737 apostolica
1327 1700 1433 1728 tenore
1463 1695 1673 1740 praesentium
1703 1695 1875 1740 privamus:

1123 1742 1168 1775 eis
1197 1743 1226 1775 in
1252 1742 1361 1776 iirtute
1384 1752 1510 1777 sanetae
1533 1743 1731 1779 obedientiae
1755 1746 1877 1792 praeci-

1125 1793 1247 1837 pientes
1263 1792 1413 1832 disti-inte,
1429 1793 1512 1840 quod
1529 1794 1566 1827 de
1585 1794 1660 1841 ipsis
1677 1795 1876 1841 prioratibus

1123 1841 1322 1887 capellaniis,
1361 1844 1583 1890 praeceptoriis
1629 1857 1684 1878 seu
1729 1845 1877 1879 domibus

1122 1890 1273 1931 dimissis,
1301 1905 1355 1926 seu
1380 1905 1459 1939 qnos
1481 1901 1510 1927 et
1538 1906 1617 1940 quas
1638 1894 1796 1929 dimittere
1818 1895 1877 1930 de-

1125 1940 1209 1983 bent,
1224 1949 1254 1974 ut
1276 1941 1447 1987 praefertur,
1464 1956 1496 1977 se
1511 1943 1549 1977 de
1565 1952 1677 1979 caetero
1698 1944 1877 1980 nullatenus

1123 1991 1341 2025 intromittant..

1171 2040 1190 2087 g
1218 2044 1249 2074 5.
1277 2041 1371 2082 Quod
1395 2042 1418 2076 si
1437 2041 1552 2086 forsan,
1569 2043 1651 2089 qnod
1675 2043 1765 2087 absit,
1780 2044 1875 2091 aliqui

1122 2102 1159 2123 ex
1179 2089 1297 2124 eisdem
1327 2091 1488 2135 fratribus,
1511 2093 1563 2139 qui
1589 2093 1798 2139 pluralitatem
1819 2094 1876 2128 hu-

1125 2139 1258 2173 iusmodi
1288 2140 1444 2180 obtinent,
1478 2151 1508 2175 ut
1533 2143 1716 2188 praefertur,
1739 2156 1874 2190 praece—

1124 2197 1211 2235 ptum
1242 2199 1380 2224 nostrum
1417 2191 1595 2226 huiusmodi
1624 2201 1873 2236 contemnentes,

1124 2239 1194 2273 illos
1222 2252 1278 2273 seu
1296 2240 1374 2279 illas,
1395 2254 1473 2287 quos
1498 2254 1552 2275 sen
1583 2255 1660 2289 quas
1680 2243 1757 2277 ultra
1776 2256 1871 2278 unum

1124 2289 1168 2322 vel
1194 2302 1285 2323 unam
1309 2302 1343 2323 ex
1367 2291 1567 2336 prioratibus
1583 2292 1776 2338 capellaniis
1794 2307 1873 2340 ptae—

1122 2339 1269 2384 ceptotiis
1285 2352 1337 2373 seu
1366 2340 1514 2374 domibus
1534 2342 1702 2387 praedictis
1719 2343 1872 2382 obtinent

1122 2387 1295 2427 dimittere,
1325 2398 1355 2423 ut
1394 2391 1619 2436 praemittitur
1647 2394 1873 2436 recusaverint,

1121 2446 1173 2471 aut
1205 2450 1314 2472 eorum
1338 2440 1402 2473 sive
1424 2452 1531 2474 earum
1555 2441 1815 2476 administrationi
1840 2456 1873 2477 se

1123 2488 1312 2534 ingesserint
1333 2490 1570 2536 quoquomodo,
1595 2504 1651 2525 nos
1677 2504 1788 2527 omnes
1812 2492 1872 2527 hu-

1122 2537 1256 2571 iusmodi
1282 2550 1462 2573 recusantes
1483 2548 1513 2573 et
1537 2540 1714 2585 ingerentes
1737 2554 1774 2576 ex
1799 2550 1871 2576 tune

1120 2587 1268 2621 omnibus
1296 2589 1499 2634 prioratibus,
1521 2590 1716 2635 capellaniis,
1742 2604 1870 2638 praece-

1123 2638 1231 2683 ptoriis
1257 2645 1286 2672 et
1313 2638 1473 2677 domibus,
1501 2652 1581 2686 quos
1603 2648 1632 2675 et
1656 2653 1733 2688 quas
1755 2641 1869 2689 singuli

1900 246 1948 272 An.
1967 248 1993 270 (ἱ.
2017 247 2081 272 1353

1909 960 2007 981 Prohibet
2037 960 2054 981 {r
2063 969 2076 979 ι-

1896 993 1961 1012 trtlrus
2009 994 2079 1018 pluro<

1896 1028 2011 1049 prioratu<v
2037 1030 2063 1043 eti

1896 1062 1914 1074 ιιι
1932 1056 2009 1075 Ordine
2021 1056 2078 1075 nbtt-

1895 1092 1954 1106 noret

1905 2055 1988 2075 PJenae
2026 2056 2076 2075 ino-

1891 2087 2028 2107 bedu-nuum,
