2274 3265
112 297 160 323 Αιι.
176 298 194 326 C
225 297 289 325 l52lt

224 606 285 620 annui
290 604 295 620 t

112 630 208 651 loannes.

124 1695 205 1717 Literae
243 1702 294 1723 sup-

110 1727 176 1754 plices
208 1727 293 1754 capituli

111 1759 213 1779 Avenion.
238 1758 294 1779 Pon-

110 1790 160 1810 tifici
177 1790 245 1810 datae.

797 295 931 318 lomnes
954 294 1007 316 xxi
1031 283 1136 325 (tticum
1166 284 1247 323 xxii)
1276 292 1320 313 rr.

309 353 397 400 positi
433 360 463 388 et
489 351 614 399 capituli
642 351 753 397 sigillis
787 351 937 391 munitis,
965 362 1051 396 qua-

309 415 376 437 rum
400 411 541 437 tenorem
567 401 606 436 de
630 401 723 435 verbo
745 400 783 435 ad
807 401 935 435 verbum
962 411 1051 446 prae-

308 451 452 487 sentibus
480 451 572 486 inseri
604 451 750 489 fecimus,
792 449 914 497 plenius
949 448 1052 483 conti-

310 510 410 537 netur.

359 553 420 598 ἓ
400 555 433 585 ⁰.
462 550 527 586 Nos
544 557 647 585 autem
663 548 837 604 praedictae
861 548 1050 584 Avinioneu.

312 601 491 642 Ecclesiae,
518 612 609 648 quam
637 598 752 634 amoris
779 597 942 645 privilegio
964 610 1052 633 com-

312 651 479 698 plectimur
505 648 668 697 specialis,
697 647 843 695 periculis
874 656 904 682 et
931 648 1053 682 incom-

312 700 512 735 moditatibus
542 697 683 740 obviare,
712 697 935 744 providereque
969 697 1052 732 utili-

312 750 425 784 tatibus
448 758 593 797 paternae
616 725 835 783 sollicitudinis
858 747 969 782 studiis
996 760 1053 781 cu-

312 800 449 846 pientes,
483 810 519 833 ae
547 797 687 832 volentes
723 797 860 843 ipsorum
886 797 1051 844 praepositi

310 857 340 883 et
366 847 493 895 capituli
530 847 608 881 votis
634 855 665 881 et
686 846 972 894 supplicationibus
994 859 1054 882 an-

310 910 406 933 nuere
438 896 647 932 favorabiliter
681 897 710 930 in
739 896 796 931 ltac
825 906 928 943 parte,
965 909 1052 943 prae-

309 947 409 982 dictae
437 946 666 981 iurisdictionis
695 955 826 993 partem,
851 958 886 980 ac
914 946 1053 981 redditus

309 1006 339 1031 et
361 1005 530 1044 proventus
547 995 733 1044 piaedictos,
757 996 786 1029 in
802 995 1053 1043 quibuscumque

309 1046 491 1089 consistant,
517 1046 555 1080 ab
578 1045 716 1080 Ecclesia
746 1046 934 1079 Aviuionen.
965 1058 1053 1092 piae-

310 1096 392 1131 «licta
414 1104 444 1131 et
479 1096 577 1143 ipsius
612 1107 719 1129 mensa
747 1095 917 1142 episcopali
957 1107 1053 1141 sepa-—

310 1153 413 1180 rantes
440 1145 585 1189 omnino,
621 1144 724 1179 eidem
749 1143 909 1178 Romanae
943 1144 1054 1179 Eccle-

309 1195 373 1230 siae
400 1204 430 1230 et
452 1195 561 1230 castris
588 1194 755 1241 praedictis
777 1194 962 1228 auctoritate
984 1205 1053 1241 apo-

308 1245 416 1279 stolica
435 1253 465 1279 et
488 1256 524 1279 ex
548 1251 630 1279 certa
653 1243 781 1278 scientia
805 1243 1053 1290 incorporamus,

309 1302 460 1341 perpetuo
482 1293 680 1328 adnectimus
707 1300 736 1327 et
765 1292 901 1327 unimus.
925 1291 964 1327 Et
981 1292 1053 1327 licet

309 1351 499 1378 memoratae
525 1343 720 1377 Avenionen.
757 1342 918 1377 Ecclesiae
947 1342 1054 1376 bacte-

308 1405 367 1427 nus
403 1392 596 1427 contulimus
633 1400 662 1426 et
694 1391 921 1438 applicavimus
956 1392 1053 1426 multa

308 1442 400 1483 bona,
429 1442 636 1476 nihilominus
665 1449 767 1475 tamen
796 1441 834 1475 de
866 1453 1054 1488 recompen-

308 1492 428 1527 satione
450 1492 572 1526 decenti
597 1499 723 1538 propter
746 1491 805 1525 hoc
828 1491 928 1526 eidem
954 1499 1017 1525 1nt‹
1023 1504 1055 1525 n

308 1541 412 1576 dimus
440 1541 738 1589 providere,p10ut
762 1540 829 1575 loco
856 1549 886 1575 et
914 1549 1054 1588 tempore

308 1592 457 1638 congruis
485 1591 661 1626 videbimus
683 1598 910 1638 opportunum.

357 1618 388 1687 §D
404 1645 435 1675 5.
458 1640 562 1676 Tenor
585 1653 656 1675 vero
684 1640 842 1674 literarum
881 1639 1054 1687 praedicta-

309 1703 377 1725 rum
395 1690 463 1725 talis
475 1699 537 1725 est:
557 1690 784 1725 Sanctissimo
780 1703 809 1724 ιιι
825 1690 952 1724 Christo
976 1691 1053 1736 patri

307 1753 343 1775 ac
366 1739 495 1775 domino
518 1748 624 1775 nostro
645 1739 774 1775 domino
808 1739 927 1784 loanni,
950 1739 1055 1774 diviua

309 1789 503 1836 providentia
519 1799 733 1825 sacrosanctae
755 1789 916 1824 Romanae
939 1801 973 1823 ac
990 1789 1054 1823 uni-

309 1839 436 1874 versalis
467 1840 627 1875 Ecclesiae
659 1839 793 1874 Summo
817 1839 978 1883 Pontifici,
1007 1839 1054 1873 sui

308 1889 409 1924 devoti
432 1898 462 1924 et
489 1890 624 1924 humiles
648 1889 700 1923 filii
715 1917 723 1933 ,
750 1888 904 1923 Geraldus
928 1901 1057 1935 praepo-

307 1938 386 1973 situs
412 1948 441 1974 et
475 1940 645 1986 capitulum
674 1939 834 1974 Ecclesiae
864 1939 1053 1974 Aviuionou.

308 1989 419 2023 devota
455 1989 569 2035 pedum
609 1989 715 2023 oscula
761 1989 935 2024 beatorum.
973 1991 1054 2033 Quia

309 2046 446 2073 nostram
470 2038 659 2073 Aviuionen.
683 2038 874 2079 Ecclesiam,
902 2053 995 2088 quam
1026 2041 1055 2075 in

308 2100 455 2135 sponsam
483 2088 607 2123 divinae
628 2089 871 2136 dispensationis
895 2091 1057 2137 providen-

309 2138 365 2177 tia,
392 2138 466 2173 dum
501 2138 634 2184 ageretis
670 2140 698 2173 in
729 2139 915 2183 minoribus,
943 2140 1055 2175 babui-

309 2188 377 2231 stis,
408 2196 437 2222 et
469 2188 571 2222 adhuc
598 2188 656 2223 sub
683 2189 775 2222 vestri
805 2190 950 2236 specialis
973 2191 1055 2237 reo-i-

310 2237 404 2272 minis
420 2237 518 2272 facitis
534 2238 675 2272 custodia
699 2238 877 2284 gubernari,
907 2252 959 2274 tos
976 2253 1056 2295 pro-

309 2287 462 2334 spicimus
491 2288 637 2334 prosequi
662 2288 822 2335 praecipui
846 2290 1054 2336 piam-mrum

310 2337 439 2377 sav-oris,
469 2349 524 2383 pro
551 2337 693 2372 eiusdem
722 2337 881 2373 Ecclesiae
904 2349 1056 2387 opportu-

310 2387 463 2422 nitatibus
489 2387 526 2421 ad
557 2395 689 2422 vestram
718 2387 943 2425 beatitudinem
970 2399 1054 2424 tanto

311 2437 460 2472 duximus
483 2437 591 2471 maiori
612 2437 801 2472 confidentia
818 2440 1054 2483 recurrendum,

310 2495 427 2533 quanto
454 2499 618 2533 speramus
640 2488 722 2534 apud
749 2497 865 2523 vestrae
902 2490 1057 2536 magnitu-

311 2537 415 2571 dinem
450 2537 621 2571 sanctitatis
646 2550 741 2584 super
768 2538 827 2573 illis
850 2539 948 2574 audiri
972 2540 1057 2574 beni-

311 2586 403 2632 gnius
451 2594 480 2620 et
536 2586 734 2622 favorabilius
775 2589 925 2623 exaudiri.
973 2589 1056 2624 Sanc

311 2644 430 2670 vestrae
474 2637 646 2671 sanctitatis
684 2637 882 2673 clementiam
912 2639 1057 2673 volumus

311 2697 372 2720 nou
403 2686 513 2731 latere,
548 2686 630 2734 quod
660 2687 734 2721 certi
760 2687 899 2722 redditus
926 2696 956 2723 et
983 2702 1057 2736 pro-

1718 282 1785 311 309

1094 360 1214 395 ventus,
1232 363 1312 398 quos
1335 350 1427 385 babet
1448 352 1616 398 episcopus
1635 350 1836 390 Avininneu.,

1093 401 1144 448 qui
1180 409 1226 436 est
1259 412 1314 447 pro
1345 409 1504 447 tempore,
1538 401 1567 434 in
1591 400 1700 435 castris
1726 400 1836 435 Pontis

1092 451 1221 497 Sergiae
1243 458 1273 485 et
1295 449 1333 484 de
1356 449 1542 497 Interaquis,
1564 450 1593 483 iu
1611 450 1760 485 comitatu
1780 449 1837 483 Ve-

1094 501 1214 535 naisino
1256 501 1295 535 ad
1324 512 1377 535 vos
1403 507 1434 534 et
1456 499 1630 534 Romanam
1658 499 1834 535 Ecclesiam

1094 550 1280 597 pertinente,
1302 548 1560 593 consistentibus,
1582 557 1612 583 et
1639 557 1720 584 certa
1745 549 1838 585 iuris-

1093 600 1239 634 dictionis
1263 611 1345 646 pars,
1367 611 1461 645 quam
1485 597 1605 633 obtinet
1628 598 1656 632 in
1681 607 1782 634 castro
1799 599 1838 634 de

1094 649 1267 696 litteraquis
1290 648 1468 696 praedicto,
1497 656 1624 695 propter
1646 648 1838 695 periculosas

1094 699 1321 739 dissentiones,
1349 710 1430 745 quac
1454 698 1533 732 inter
1552 706 1661 744 gentes
1688 697 1762 732 dicti
1784 711 1838 733 co-

1095 749 1222 783 mitatus
1256 756 1286 783 et
1313 748 1467 795 praefatae
1501 747 1689 782 Avinionen.
1728 747 1839 782 Eccle-

1093 799 1155 834 siae
1192 798 1323 833 invicem
1358 810 1454 844 supet
1486 796 1639 852 regimine
1671 804 1701 831 et
1729 809 1840 844 perce-

1095 849 1200 903 ptione
1225 847 1456 895 praedictorum
1492 847 1675 893 contingere
1709 858 1841 882 consue-

1095 898 1205 938 verint
1235 897 1390 932 interdum
1418 909 1525 943 parum
1545 896 1685 931 utilitatis
1704 895 1842 931 afferunt

1093 948 1243 995 episcopo
1270 955 1301 982 et
1333 946 1491 982 Ecclesiae
1520 946 1709 981 Avinionen.
1747 959 1840 994 prae-

1093 998 1203 1032 dictis:
1228 996 1445 1052 quamobrem,
1459 995 1598 1042 diligenti
1615 995 1841 1031 deliberatione

1095 1047 1275 1102 praehabita
1291 1058 1326 1080 ac
1350 1045 1576 1081 interveniente
1594 1057 1753 1080 consensu
1771 1058 1841 1081 una-

1095 1097 1170 1131 nimi
1195 1106 1225 1132 et
1246 1096 1408 1138 concordi,
1444 1104 1562 1130 vestrae
1593 1095 1748 1130 sanctitati
1782 1095 1842 1130 liu-

1096 1147 1209 1181 militer
1244 1125 1480 1192 supplicamus
1512 1153 1667 1192 quatenus
1701 1157 1755 1191 pro
1784 1145 1842 1180 bo-

1096 1208 1170 1230 uore
1202 1203 1232 1230 et
1260 1195 1392 1230 utilitate
1420 1194 1521 1229 dictae
1554 1193 1744 1229 Avinionen.
1780 1194 1842 1230 Ec-

1095 1245 1208 1280 clesiae
1235 1245 1334 1279 dictos
1361 1243 1503 1278 redditus
1524 1252 1554 1278 et
1586 1253 1772 1290 proventus,
1808 1256 1844 1280 ac

1096 1303 1214 1340 partem
1243 1293 1471 1329 iurisdictionis
1499 1293 1686 1340 praedictae,
1714 1293 1744 1328 in
1771 1294 1844 1341 qui-

1096 1344 1292 1391 buscumque
1315 1343 1500 1384 consistant,
1535 1342 1698 1378 Romanae
1731 1342 1844 1379 Eccle-

1095 1394 1159 1428 siae
1181 1401 1211 1428 et
1233 1393 1343 1428 castris
1371 1392 1542 1440 praedictis
1564 1392 1764 1440 incorporare
1793 1405 1845 1428 au-

1095 1443 1238 1479 ctoritate
1277 1442 1447 1490 apostolica
1483 1442 1659 1489 dignemini
1693 1450 1845 1489 perpetuo

1095 1501 1125 1527 et
1154 1493 1254 1534 unire,
1288 1501 1318 1528 et
1349 1505 1364 1527 a
1401 1504 1507 1527 mensa
1541 1492 1711 1540 episcopali
1745 1492 1845 1528 dictae

1095 1543 1286 1578 Avinionen.
1312 1542 1471 1577 Ecclesiae
1487 1541 1666 1590 perenniter
1686 1554 1843 1590 separare.

1095 1597 1249 1643 Dignetur
1272 1597 1365 1631 etiam
1392 1603 1490 1631 vestra
1513 1595 1661 1631 sanctitas
1683 1595 1844 1632 Ecclesiae

1097 1651 1285 1697 praelibatae
1309 1651 1338 1685 in
1358 1651 1428 1686 aliis
1450 1650 1741 1698 compensationem
1759 1664 1848 1698 prae·

1095 1706 1167 1739 stari
1197 1706 1298 1741 lacere
1332 1705 1583 1748 condecentem,
1616 1705 1699 1740 sicut
1724 1714 1846 1741 vestrae

1097 1761 1248 1807 placuerit
1281 1760 1453 1794 sanctitati:
1484 1772 1540 1795 nos
1566 1761 1650 1795 enirn
1673 1773 1710 1795 ex
1737 1760 1844 1795 unioni

1096 1815 1134 1849 de
1159 1815 1325 1862 praedictis
1351 1828 1366 1849 a
1392 1827 1499 1850 mensa
1533 1815 1704 1862 episcopali
1743 1815 1845 1850 dictae

1097 1869 1285 1903 Avinionen.
1309 1869 1482 1913 Ecclesiae,
1505 1877 1535 1904 et
1559 1869 1667 1903 unioni
1691 1881 1727 1904 ac
1746 1870 1848 1904 incor-

1097 1925 1250 1972 porationi
1271 1925 1362 1959 dictis
1384 1925 1490 1959 castris
1504 1933 1533 1959 et
1548 1926 1709 1959 comitatui
1726 1925 1846 1960 facien-

1096 1981 1165 2024 dis,
1206 1980 1390 2015 melioribus
1426 1980 1511 2021 iure,
1547 1979 1641 2014 modo
1668 1988 1697 2015 et
1732 1980 1845 2021 forma,

1096 2036 1212 2083 quibus
1235 2048 1421 2083 possumus,
1450 2046 1613 2069 assensum
1638 2042 1780 2070 nostrum
1809 2049 1845 2070 ex

1097 2104 1180 2125 nunc
1201 2099 1307 2125 tenore
1332 2090 1544 2137 praesentium
1576 2089 1783 2136 impartimur.
1809 2090 1844 2125 ln

1092 2158 1230 2192 quorum
1256 2145 1398 2179 omnium
1437 2144 1528 2179 sulem
1565 2152 1594 2178 et
1626 2144 1844 2179 testimonium

1097 2208 1277 2246 praesentes
1315 2199 1420 2233 literas
1448 2198 1512 2233 sieri
1542 2198 1671 2232 fecimus
1699 2207 1728 2233 et
1755 2199 1845 2246 sigil-

1097 2254 1196 2287 lorum
1223 2262 1402 2288 nostrorum
1427 2253 1604 2287 munimine
1627 2252 1778 2287 roborari.

1147 2309 1259 2342 Datum
1284 2307 1450 2346 Avinione,
1466 2306 1516 2341 die
1532 2307 1700 2342 undecima
1724 2308 1843 2342 mensis

1097 2363 1277 2397 novembris
1299 2375 1381 2397 antio
1401 2362 1528 2396 Domini
1548 2373 1718 2397 mcccxxn.

1146 2417 1228 2452 Nulli
1267 2429 1341 2463 ergo
1381 2416 1510 2451 omnino
1550 2416 1711 2451 bominum
1753 2417 1845 2452 liceat

1098 2472 1176 2506 lianc
1200 2472 1343 2518 paginam
1368 2478 1543 2505 nostrarum
1568 2471 1843 2518 incorporationis,

1096 2526 1280 2561 annexionis
1307 2534 1338 2560 et
1366 2524 1491 2559 unionis
1515 2524 1684 2570 infringere
1706 2533 1758 2559 etc.

1146 2582 1261 2616 Datum
1298 2580 1472 2623 Avenioni,
1516 2579 1655 2613 kalendis
1693 2580 1843 2619 ianuarii,

1099 2636 1297 2684 pontificatus
1321 2634 1416 2669 nostri
1439 2646 1521 2669 anno
1550 2646 1621 2668 vni.

1138 2698 1195 2727 ltat.
1213 2698 1257 2727 ilic
1280 2698 1286 2726 l
1309 2697 1431 2727 ianuarii
1449 2697 1534 2735 1324,
1556 2701 1634 2738 pont.
1653 2705 1729 2727 anno
1745 2705 1803 2727 viu.

1851 290 1898 314 An.
1918 287 1945 314 C.
1967 284 2028 313 t5an

1891 2426 2008 2447 clausulae.
