2274 3265
205 263 243 290 An
273 264 302 290 C.
323 266 388 291 ¹520

228 1503 358 1523 Promotum.

217 1800 377 1820 Constitutionis

205 1832 265 1851 buius
276 1830 388 1856 exequutio

206 1861 337 1888 praesidibus
348 1863 391 1880 ter-

205 1899 273 1913 rarum
302 1892 326 1911 ad
350 1890 389 1911 so-

206 1926 251 1944 drm
282 1923 390 1950 Apostoli-

206 1963 249 1976 «am
279 1956 390 1982 pertinen·

206 1990 255 2008 tium
271 1987 389 2007 commiss...

452 258 496 289 529
505 260 519 290 4⁴

402 324 451 358 nis
476 322 608 368 siugulis
640 323 677 357 ad
719 322 909 367 praedictum
945 321 1146 368 sepulchrum

403 373 478 408 infra
506 372 649 407 eiusdem
675 372 741 406 l'esti
769 380 905 415 octavas,

401 423 438 458 de
453 421 590 457 iniuncta
605 421 663 456 sibi
690 421 878 468 poenitentia
904 421 1147 456 misericorditer

402 472 589 507 relaxamus.

449 520 564 556 Datum
596 521 749 555 Ariuione
766 548 773 560 ,
806 523 846 554 15
880 519 1026 554 kalendas
1050 519 1119 553 maii
1138 548 1146 557 ,
1166 561 1168 567 Α

400 571 601 618 pontificatus
628 571 723 604 nostri
752 583 833 604 auno
856 582 899 604 iv.

439 631 499 662 Dat.
519 632 565 661 die
582 632 616 661 17
636 632 737 671 aprilis
755 632 840 667 1320,
857 631 957 670 pontis.
977 640 1053 660 aimo
1071 640 1106 660 iv.

710 824 840 859 XXVII.

403 908 494 947 Quod
515 907 629 945 iudaei,
664 908 706 939 ad
734 907 822 951 fidem
858 906 1038 939 catholicam
1074 918 1147 937 eon-

448 957 588 995 versi‚i'1's
614 957 699 990 bonis
720 957 891 999 yaudeant,
918 968 995 999 quae
1016 967 1147 988 conver-

447 1007 540 1039 sionis
561 1014 691 1050 temporc
713 1005 908 1050 possidebant
934 1006 990 1046 (ll.

668 1082 882 1113 SUMMARIUM

399 1155 584 1187 Proiemium.
606 1172 644 1175 —
665 1153 887 1183 Constitutionis
908 1152 996 1181 buius
1019 1162 1147 1192 exequu-

439 1202 476 1230 tio
500 1198 687 1239 praesidibus
712 1202 853 1227 terrarum
883 1197 917 1226 ad
940 1197 1044 1226 Sedem
1072 1198 1147 1236 Apo-

438 1245 568 1274 stolicam
594 1243 800 1282 pertinentium
821 1242 990 1271 commissa.

461 1321 573 1349 loannes
588 1319 731 1355 episcopus
755 1325 850 1346 servus
870 1324 1010 1346 servorum
1029 1317 1084 1350 Dei.

530 1371 563 1398 ad
590 1370 752 1405 perpetuam
778 1369 819 1397 rei
846 1368 1013 1397 memoriam.

448 1443 529 1478 Cum
558 1442 596 1477 sit
627 1441 814 1479 absurdum,
846 1440 903 1474 iuri
932 1440 1148 1483 contrarium,

399 1502 429 1528 et
456 1493 583 1527 obvium
613 1491 741 1535 rationi,
777 1490 909 1531 iudaeos,
937 1489 1074 1524 Domino
1098 1490 1148 1523 in-

400 1543 552 1590 spirante,
566 1541 602 1576 ad
620 1541 712 1575 iidem
736 1540 937 1574 christianam
962 1552 1148 1578 conversos,

402 1600 529 1641 propter
556 1591 615 1626 boc
650 1590 741 1624 bonis
777 1590 917 1636 privare⁷
945 1601 1026 1635 quae
1060 1597 1148 1623 antea

403 1641 619 1689 possidebant,
654 1641 803 1687 ipsosque
833 1638 1025 1672 mendicitati
1053 1651 1150 1685 expo—

403 1704 488 1732 nere,
516 1691 566 1737 qni
599 1690 769 1724 existentes
799 1690 829 1723 in
863 1688 990 1735 pei-lidia
1027 1688 1149 1722 iudaica

402 1740 616 1783 abundabant,
643 1739 792 1773 omuibus
814 1737 999 1772 officialibus
1022 1747 1051 1772 et
1078 1738 1150 1772 sin—

403 1791 484 1838 gulis
502 1789 669 1825 comitatus
694 1788 869 1829 Venaisini‚
892 1788 945 1834 qui
969 1786 1005 1822 ad
1035 1787 1149 1822 Sedem

404 1840 621 1889 Apostolicam
651 1839 746 1886 pleno
781 1838 846 1872 iure
880 1838 1023 1873 noscitur
1056 1838 1152 1885 perti-

405 1903 491 1935 nere,
512 1890 709 1936 aliorumque
727 1888 931 1923 comitatuum
952 1896 981 1921 et
1000 1896 1151 1922 terrarum

405 1941 441 1976 ad
469 1940 612 1975 eamdem
635 1938 752 1973 Sedem
783 1937 1024 1985 pertinentium,
1047 1937 1154 1971 distri-

405 2000 454 2026 cte
483 1989 691 2038 praecipimus
714 1996 742 2023 et
768 1988 972 2027 mandamus,
995 1995 1154 2035 quatenus

405 2053 451 2075 sic
477 2051 646 2074 conversos
674 2047 705 2073 et
734 2046 937 2084 imposterum
961 2046 1154 2071 converten-

406 2090 463 2125 dos
486 2090 515 2123 in
545 2088 798 2137 possessionibus
819 2096 849 2122 et
878 2087 968 2121 bouis
981 2087 1062 2126 aliis,
1080 2099 1156 2134 qno-

406 2151 541 2187 cumque
568 2138 696 2173 nomine
730 2145 930 2174 censeantur,
964 2149 1045 2184 quae
1078 2150 1156 2171 con—

407 2188 560 2225 versionis
589 2196 728 2235 tempore
751 2187 935 2221 obtinebant
959 2187 987 2220 in
1012 2187 1100 2220 terris
1127 2195 1157 2220 et

407 2238 609 2274 comitatibus
631 2237 816 2280 antedictis,
843 2236 1009 2271 occasione
1033 2236 1157 2282 praedi-

407 2298 455 2324 cta
490 2301 551 2323 non
582 2287 764 2335 perturbent
798 2286 843 2320 vel
880 2286 1065 2333 impediant,
1100 2298 1157 2320 nec

409 2339 589 2385 permittant
607 2338 645 2372 ab
672 2337 741 2371 aliis
763 2336 936 2376 molestari;
959 2336 1012 2370 sed
1035 2335 1110 2382 ipsis
1124 2349 1157 2370 se

410 2388 593 2423 favorabiles
626 2387 828 2424 exhibentes,
863 2386 1012 2433 ipsosque
1039 2385 1078 2419 ab
1110 2386 1159 2419 in-

411 2439 501 2473 iuriis
517 2447 547 2472 et
568 2437 724 2472 violentiis
748 2443 910 2482 protegant
933 2444 960 2470 et
976 2434 1157 2469 defendunt.

458 2488 573 2523 Datum
597 2487 772 2529 Avenione7
795 2486 886 2520 tertio
915 2486 1037 2520 decimo
1053 2484 1159 2518 kalen-

411 2538 466 2572 das
488 2538 568 2577 iulii,
597 2536 797 2585 pontificatus
820 2535 916 2569 nostri
944 2547 1025 2570 anno
1053 2547 1097 2569 iv.

452 2600 512 2630 Dat.
531 2600 577 2630 die
598 2600 633 2629 19
656 2599 729 2629 iunii
753 2598 835 2635 1320,
859 2597 959 2637 pontis.
983 2607 1059 2626 auno
1085 2605 1119 2626 iv.

447 2670 486 2706 (1)
503 2671 540 2697 Ex
562 2671 666 2706 Regest.
689 2670 712 2697 in
731 2669 838 2696 Archiv.
864 2669 946 2696 Vatic.

978 268 1075 289 mitta
1082 267 1162 288 tttmt
1192 266 1280 288 ROMA
1287 266 1302 287 N
1309 265 1350 287 tm

1494 317 1636 352 xxvttt.

931 379 1059 406 centum
1079 371 1147 405 ‘¹¹⁹⁵
1191 394 1311 426 Erectio
1334 392 1549 424 cathedrarum
1575 389 1742 422 medicinae
1776 396 1801 421 et
1823 389 1937 422 arcium

1238 444 1270 475 in
1295 442 1442 475 Perusino
1462 440 1586 476 Studio,
1611 439 1685 471 data
1704 438 1826 481 insuper
1844 438 1939 481 sacul-

1239 499 1298 525 tate
1335 491 1472 534 episcopo
1505 488 1683 521 ticeno'andi
1709 495 1742 531 'et
1776 488 1940 520 laureandi

1239 542 1271 573 in
1294 547 1421 584 utraque
1443 539 1589 583 facultate
1613 538 1754 573 idoneos,
1783 548 1840 580 pro
1862 547 1940 580 quo-

1239 602 1307 623 rum
1333 590 1476 622 eaeafnzine
1495 588 1661 621 nonnullae
1693 587 1874 619 sanciuntur
1902 586 1942 618 le-

1237 652 1287 683 qes
1311 640 1335 682 (l
1347 641 1367 681 ).

1458 705 1671 737 SUMMARIUM

1190 771 1356 800 Exordium.
1387 787 1425 791 ——
1465 770 1489 798 1.
1524 768 1658 799 Studium
1683 767 1797 797 Perusii
1825 778 1839 796 a
1871 766 1938 797 Cle-

1230 819 1325 844 mente
1354 814 1374 843 V
1406 813 1579 843 institutum.
1608 829 1646 834 —-
1676 812 1704 841 ⁹2.
1736 811 1802 842 Data
1827 821 1894 841 vero
1925 822 1938 840 a

1230 859 1335 888 lounue
1359 858 1481 887 facultas
1503 857 1641 897 episcopo
1659 856 1801 886 Perusino
1820 856 1941 886 studen-

1230 909 1272 932 tes
1297 902 1465 932 licentiandi
1489 902 1516 930 in
1543 906 1665 939 utroque
1685 901 1757 930 iure.
1780 918 1818 922 —
1840 901 1866 930 3.
1890 900 1941 930 Fa-

1229 948 1353 976 cultates
1381 945 1553 975 liuiusmosli
1581 945 1668 974 eliam
1698 946 1732 974 ad
1763 944 1939 974 medicinam

1229 996 1256 1020 et
1277 996 1354 1019 artes
1377 990 1504 1020 extendit
1527 989 1580 1018 hac
1603 989 1821 1018 constitutione:
1848 1006 1885 1010 —
1913 990 1941 1019 4.

1228 1035 1439 1073 Magistrosque
1466 1034 1639 1071 inutraque
1667 1033 1804 1062 facultate
1828 1033 1855 1062 in
1888 1034 1940 1061 bac

1230 1080 1385 1109 Academia
1412 1086 1477 1107 esse
1505 1078 1658 1116 praecipit.
1684 1093 1722 1098 —·
1745 1077 1771 1106 5.
1795 1076 1943 1106 Conditio-

1230 1134 1281 1154 nes
1299 1125 1326 1154 iu
1344 1122 1512 1152 laureandis
1529 1121 1558 1150 in
1576 1121 1720 1150 medicina
1738 1121 1942 1160 requirendae.

1228 1187 1267 1191 —
1288 1169 1316 1197 o.
1341 1167 1423 1196 Aliae
1447 1166 1475 1195 in
1495 1165 1684 1195 doctoraiidis
1708 1165 1736 1194 in
1759 1164 1883 1194 artibus.
1906 1181 1944 1186 —-

1232 1215 1256 1242 7.
1270 1213 1337 1242 [tata
1352 1213 1447 1242 eidem
1465 1212 1603 1249 episeopo
1617 1219 1630 1239 a
1648 1210 1764 1239 defectu
1784 1209 1943 1239 auditionis

1230 1257 1439 1287 nonnullorum
1472 1254 1614 1284 librorum
1638 1253 1832 1292 dispensandi
1866 1257 1945 1292 pote-

1229 1307 1297 1331 stas.
1328 1319 1367 1323 —
1402 1301 1428 1330 8,
1452 1297 1611 1339 Approbati
1647 1297 1675 1326 iu
1709 1297 1763 1326 hac
1786 1297 1941 1326 Academia

1230 1347 1339 1385 ubique
1355 1350 1479 1385 possunt
1498 1344 1604 1381 legere.
1622 1359 1661 1363 ——
1678 1343 1705 1371 Q.
1726 1342 1814 1379 Leges
1831 1342 1939 1372 incon-

1231 1392 1360 1421 cedenda
1385 1389 1500 1419 licentia
1526 1388 1567 1417 vel
1592 1388 1688 1416 laurea
1714 1387 1883 1417 servandae.
1906 1404 1942 1408 —

1234 1437 1278 1467 10.
1300 1435 1497 1464 iuramentum
1518 1443 1531 1462 a
1557 1432 1705 1470 magistris
1735 1433 1941 1471 praestandum

1230 1481 1306 1510 circa
1330 1489 1450 1509 examen
1474 1477 1714 1508 laureandorum.
1736 1494 1775 1499 —-
1797 1477 1842 1506 11.
1858 1477 1944 1506 Clau-

1232 1526 1324 1555 sulae.

1253 1593 1364 1621 loannes
1382 1593 1524 1628 episcopus
1544 1597 1638 1620 servus
1662 1597 1802 1619 servorum
1826 1589 1881 1622 Dei.

1327 1642 1359 1670 ad
1390 1642 1550 1678 perpetuam
1573 1640 1614 1669 rei
1641 1640 1809 1669 memoriam.

1242 1708 1326 1742 Dum
1350 1706 1491 1741 solicitae
1510 1705 1772 1741 considerationis
1797 1705 1944 1752 indagine

1194 1759 1222 1791 iu
1248 1767 1352 1793 mente
1387 1757 1587 1796 revolvimus.
1615 1769 1709 1802 quam
1746 1756 1787 1790 sit
1821 1755 1941 1790 donum

1194 1808 1342 1843 scientiae
1361 1807 1551 1854 pretiosum,
1579 1818 1736 1853 quamque
1759 1805 1842 1841 illius
1863 1804 1946 1839 desi-

1195 1858 1343 1893 derabilis
1377 1865 1407 1890 et
1429 1857 1562 1903 gloriosa
1585 1856 1753 1903 possessio,
1778 1867 1943 1902 perquam

1197 1908 1402 1955 profugantur
1427 1905 1620 1952 ignorantiae
1643 1905 1803 1949 tenebrae,
1829 1913 1858 1939 et
1879 1904 1946 1939 eli-

1198 1958 1312 1993 minata
1342 1956 1483 1991 funditus
1507 1957 1620 1990 erroris
1643 1955 1789 2000 caligine,
1812 1954 1944 1990 studen-

1196 2008 1275 2042 tium
1316 2007 1438 2042 curiosa
1479 2005 1604 2040 solertia
1641 2018 1755 2039 cursus
1788 2012 1818 2039 et
1857 2012 1945 2039 actus

1197 2057 1337 2104 disponit
1363 2065 1393 2090 et
1427 2055 1549 2090 ordinat
1578 2055 1607 2089 iu
1637 2055 1756 2089 lumine
1786 2054 1945 2093 veritatis·,

1199 2120 1312 2153 magno
1345 2106 1494 2140 nimirum
1533 2105 1691 2139 desiderio
1727 2104 1886 2146 ducimur,
1914 2112 1946 2137 ut

1199 2158 1359 2191 literarum
1382 2155 1497 2195 studia,
1526 2154 1556 2189 in
1588 2154 1706 2201 quibus
1729 2153 1948 2200 impretiabilis

1200 2207 1364 2252 margarita
1403 2205 1553 2240 scientiae
1589 2205 1753 2250 reperitur,
1792 2203 1947 2238 laudanda

1201 2256 1330 2291 ubilibet
1366 2255 1559 2289 incrementa
1593 2254 1784 2300 suscipiant:
1826 2253 1880 2288 sed
1917 2253 1947 2287 in

1201 2306 1261 2340 illis
1289 2305 1468 2352 pracsertim
1493 2304 1570 2338 locis
1598 2305 1787 2351 propensius
1816 2303 1949 2349 vigeant,

1200 2368 1281 2402 quae
1303 2355 1340 2390 ad
1376 2354 1612 2401 multiplicanda
1646 2354 1806 2388 doctrinae
1829 2353 1948 2387 semina

1201 2414 1231 2439 et
1269 2405 1410 2451 germina
1448 2404 1592 2438 salutaria
1641 2403 1841 2449 producenda
1884 2402 1949 2436 fore

1203 2456 1301 2500 magis
1314 2453 1516 2489 accommoda
1532 2462 1560 2488 et
1576 2453 1686 2488 idonea
1710 2453 1948 2499 dignoscuntur.

1251 2506 1270 2551 ᾗ
1295 2508 1325 2538 t.
1350 2503 1477 2537 Dudum
1501 2503 1657 2550 siquidem
1682 2503 1781 2537 felicis
1804 2502 1949 2536 recorda-

1204 2555 1294 2589 tionis
1313 2554 1463 2588 Clemens
1483 2553 1563 2600 Papa
1588 2552 1811 2600 praedecessor
1834 2560 1949 2589 noster.

1203 2604 1368 2638 attendens
1396 2603 1464 2637 lidi-i
1503 2603 1669 2650 puritatem
1699 2611 1728 2636 et
1750 2602 1948 2637 devotionem

1239 2665 1276 2701 (l)
1296 2666 1330 2691 lix
1354 2666 1455 2699 [teges-t
1476 2665 1499 2691 iu
1518 2664 1627 2692 Archiv.
1648 2664 1727 2690 Vatic.

1952 262 1991 289 An
2020 260 2046 287 C.
2069 259 2131 286 ¹321

1993 1715 2111 1737 Exordium.
