2274 3265
224 280 273 306 Αῐι.
288 279 316 305 C.
336 278 397 304 t39¹

266 2395 394 2416 Prommiunv.

467 266 537 298 624

418 330 543 378 populis
565 328 686 372 vestris,
709 329 892 362 auctoritate
908 336 1024 370 nostra,
1044 327 1160 361 solem-

418 381 498 413 niter
526 377 733 425 publicantes,
756 376 937 411 huiusmodi
974 375 1160 410 venerabilis

418 429 551 462 Sanctae
580 427 692 461 festum
727 438 799 460 cum
828 425 1025 460 solemnitate
1057 425 1159 459 debita

418 476 584 511 celebretis
605 485 635 510 et
658 476 774 510 faciatis
796 475 887 509 etiam
910 474 1077 514 celebrari,
1099 486 1160 508 om-

419 527 609 573 nipotentem
634 525 747 569 Deum,
774 537 789 559 a
816 536 880 572 quo
902 532 1007 559 sancta
1035 523 1161 557 deside—

419 577 474 615 ria,
497 583 577 610 recta
612 574 742 610 consilia
777 582 807 608 et
834 575 911 608 iusta
947 581 1021 608 sunt
1053 584 1161 619 opera,

419 626 493 659 totis
521 624 626 659 cordis
653 623 816 658 affectibus
851 623 1016 657 humiliter
1046 622 1161 668 depre—

419 683 525 709 cantes
560 683 592 709 ut
622 674 763 709 eiusdem
792 673 926 708 Sanctae
956 671 1102 720 precibus
1132 677 1162 703 et

420 724 540 758 meritis
565 731 723 763 exoratus,
745 723 798 757 det
829 722 927 757 servis
953 722 1019 756 suis
1054 720 1161 762 illam,

419 785 511 821 quam
535 772 673 808 mundus
694 772 768 806 dare
783 784 844 806 non
862 779 975 819 potest,
993 781 1112 817 pacem,
1130 776 1162 802 ut

420 831 449 856 et
472 823 565 857 corda
595 831 699 858 nostra
724 821 879 856 mandatis
901 821 968 855 suis
989 818 1105 862 dedita,
1133 824 1163 850 et

420 873 557 906 bostium
580 871 702 906 sublata
725 870 904 907 formidine,
927 877 1067 915 tempora
1099 879 1162 900 no—

419 931 480 955 stra
502 922 563 955 sint
589 933 644 954 sua
674 920 867 967 protectione
894 917 1072 964 tranquilla,
1105 927 1163 949 no-

420 971 528 1018 bisque
550 969 699 1005 concedat
715 976 759 1013 ut,
776 978 843 1015 post
858 975 1018 1015 peractum
1039 973 1162 1000 nostrae

420 1019 616 1054 villicationis
638 1018 859 1062 ministerium,
883 1029 943 1051 una
959 1028 1029 1051 cum
1046 1014 1163 1049 credito

419 1068 510 1103 nobis
536 1080 653 1115 grege,
689 1079 868 1102 mereamur
898 1066 934 1100 ad
971 1064 1162 1112 sempiterna

419 1118 530 1165 gaudia
554 1117 729 1165 pervenire.

467 1167 580 1202 Datum
604 1166 722 1201 Romae
744 1166 826 1213 apud
849 1165 882 1199 S.
907 1165 1050 1207 Petrum,
1072 1163 1164 1197 nonis

419 1216 567 1257 octobris,
584 1216 782 1264 pontificatus
798 1215 893 1249 nostri
908 1227 991 1249 anno
1010 1213 1162 1248 secundo.

475 1278 534 1308 Dat.
552 1278 599 1308 die
616 1278 630 1307 7
648 1277 777 1308 octobris
797 1277 882 1313 1391,
898 1281 976 1316 pont.
994 1286 1068 1306 anno
1085 1285 1114 1305 tt.

753 1463 834 1498 Vlll.

630 1546 759 1579 Cavense
780 1545 956 1578 coenobium

489 1598 521 1630 in
542 1596 741 1641 episcopalem
766 1596 862 1628 sedem
884 1596 1013 1638 eriqilur
1034 1596 1090 1636 (l).

685 1681 897 1712 SUMMAtttUM

422 1745 696 1776 P··0oemiu1n.—t.
712 1744 823 1774 Causae
840 1744 997 1773 erectionis
1016 1744 1166 1775 taciemtae.

462 1808 500 1814 -κ
524 1790 650 1820 Cavense
670 1789 881 1819 monasterium
905 1789 1078 1819 dioecesana
1106 1790 1168 1828 lege

464 1836 591 1874 archiep.
607 1834 791 1864 Salernitano
811 1843 867 1863 non
891 1833 1068 1864 subiectum.
1087 1852 1123 1856 -
1139 1835 1167 1864 ⁶2.

465 1880 576 1909 Erectio
609 1880 654 1917 (de
684 1889 735 1917 qua
764 1879 793 1907 tn
815 1879 948 1916 rubrica).
983 1896 1021 1900 —
1042 1878 1169 1918 Capituli

466 1924 633 1962 assignatio.
653 1940 691 1945 --
708 1923 763 1952 Dos
788 1924 853 1952 novi
872 1924 1069 1962 episcopatus.
1088 1941 1126 1946 —
1144 1924 1169 1953 3.

467 1967 503 1997 De
522 1969 583 1997 iure
600 1968 664 1997 novi
685 1967 826 2006 episcopi,
842 1972 892 1996 etc.
913 1984 949 1988 —
966 1966 1003 1996 De
1019 1967 1170 1997 beneficiis

466 2024 478 2042 a
503 2013 680 2042 monasterio
700 2013 764 2051 ipso
783 2011 905 2041 Cavensi
924 2012 1169 2051 dependentibus.

465 2074 502 2079 ——
519 2058 546 2086 4.
565 2057 602 2086 De
621 2057 781 2096 episcopali
798 2057 879 2086 aede.
898 2074 934 2078 —
958 2056 1052 2086 Novae
1069 2057 1171 2087 Eccle-

466 2104 527 2131 siae
546 2102 662 2140 antiqua
683 2102 893 2131 confirmantur
916 2102 1075 2141 privilegia.
1092 2119 1129 2124 —
1145 2103 1171 2131 5.

466 2146 629 2176 clausulae.

450 2222 601 2251 Bonifacius
629 2221 770 2258 episcopus
800 2229 894 2250 servus
928 2229 1067 2251 servorum
1096 2222 1152 2255 Dei,

576 2273 608 2300 ad
623 2273 783 2307 perpetuam
802 2272 842 2299 ret
860 2272 1026 2300 memoriam.

481 2344 650 2378 Salvatoris
678 2343 773 2377 nostri
798 2343 866 2377 lesu
891 2343 1020 2387 Christi,
1042 2345 1094 2391 qui
1119 2343 1175 2378 be-

435 2394 620 2428 nemeritum
648 2393 684 2426 ad
707 2393 884 2427 convivium
920 2393 1115 2428 dominicum
1145 2395 1174 2428 in

436 2444 551 2477 ultimis
564 2443 797 2477 recumbentem
814 2443 899 2477 iubet
913 2444 1061 2490 superius
1072 2456 1175 2477 ascen-

435 2494 518 2535 dere,
542 2502 573 2527 nt
594 2494 652 2527 sibi
675 2495 711 2527 sit
733 2493 843 2538 gloria,
866 2494 960 2531 vices,
984 2506 1175 2540 quamquam

437 2542 697 2577 insufficientibus
715 2544 843 2585 meritis,
861 2551 1005 2588 gerentes
1025 2544 1054 2576 in
1075 2543 1177 2584 terris,

436 2591 579 2638 exemplo
615 2594 707 2627 unico
735 2594 846 2627 inserta
864 2620 872 2635 ,
897 2601 927 2625 nt
961 2593 999 2625 de
1030 2604 1176 2638 suprema

472 2668 509 2699 tt)
526 2666 564 2692 Ex
582 2666 847 2699 ι]ᾳ,1ιειιι.,1ωι,δικ.τ
867 2671 931 2693 tom.
951 2675 965 2692 ι.

994 272 1093 296 BULLA
1099 272 1178 295 tttnttt
1202 270 1288 293 ROMA
1295 270 1359 292 Nttm

1200 324 1370 370 apostolica
1405 322 1558 368 dignitate
1592 320 1719 367 specula
1747 321 1784 355 ad
1808 321 1950 368 singulas

1201 373 1285 407 urbis
1328 380 1431 418 partes
1475 369 1649 417 profundae
1688 370 1950 406 considerationis

1201 422 1300 457 aciem
1324 420 1540 460 extendentes,
1555 419 1579 452 si
1594 419 1697 453 locum
1720 418 1872 464 insignem
1889 421 1950 454 mi-

1203 484 1261 505 nus
1283 470 1396 504 decore
1421 477 1584 504 tractatum
1600 476 1630 503 et
1647 468 1824 514 neglectum
1844 468 1950 503 videa-

1202 532 1283 562 mus,
1307 531 1363 566 pro
1380 519 1421 553 rei
1438 518 1599 565 qualitate,
1615 518 1761 563 superius
1777 517 1950 559 elevemus,

1204 578 1235 604 nt
1252 569 1440 614 dignitatum
1458 568 1603 613 insigniis
1623 567 1814 602 fulciamus:
1837 580 1875 602 ex
1892 568 1951 602 boc

1202 620 1286 654 enini
1310 630 1382 651 cum
1398 618 1454 652 Dei
1471 617 1569 663 gratia
1586 617 1659 652 boni
1677 617 1830 663 praesulis
1848 625 1952 664 partes

1203 666 1384 714 implemus,
1414 667 1438 700 si
1468 674 1574 701 nostro
1608 666 1784 700 ministerio
1818 667 1952 712 singulis

1203 718 1292 761 locis,
1313 729 1368 763 pro
1381 729 1489 751 eorum
1507 717 1667 763 qualitate,
1685 717 1952 763 correspondeant

1205 766 1284 801 tituli
1308 766 1513 812 dignitatum.

1251 816 1271 862 g
1296 820 1325 849 1.
1350 815 1430 850 Cum
1453 816 1672 862 itaque,sicuti
1693 815 1763 850 sacti
1781 815 1953 850 notor-ictas

1205 865 1400 909 manifestat,
1434 873 1513 900 terra
1551 864 1705 900 Cavensis
1737 864 1954 900 Salernitanae

1203 914 1369 957 dioecesis,
1393 915 1600 949 benedicente
1631 915 1780 957 Domino,
1804 927 1950 961 persona—

1204 976 1272 998 rum
1299 965 1522 999 numerositate
1550 973 1580 999 et
1608 964 1677 999 aliis
1703 964 1818 998 divinis
1844 977 1955 999 mune-

1205 1014 1303 1058 ribus,
1328 1014 1406 1048 ultra
1429 1014 1570 1048 civitates
1603 1014 1854 1061 quamplurimas
1882 1027 1956 1061 par-

1205 1063 1281 1097 tium
1306 1063 1441 1104 illarum,
1469 1064 1509 1098 sit
1532 1063 1698 1105 foecunda,
1720 1064 1860 1110 satisque
1887 1076 1956 1098 am-

1206 1113 1291 1160 plum
1312 1113 1423 1148 babeat
1440 1113 1644 1155 territorium,
1661 1113 1743 1159 quod
1765 1113 1954 1148 territorium

1207 1163 1385 1197 monasterii
1408 1162 1543 1197 Sanctae
1564 1162 1729 1196 Trinitatis
1747 1161 1899 1197 Cavensis
1914 1161 1952 1197 ad

1205 1211 1380 1246 Romanam
1414 1212 1585 1247 Ecclesiam
1611 1211 1697 1246 nullo
1721 1212 1825 1246 medio
1856 1212 1954 1258 perti-

1206 1262 1308 1296 nentis
1331 1270 1359 1296 et
1373 1261 1504 1296 Ordinis
1517 1261 1615 1296 sancti
1632 1261 1794 1296 Benedicti
1811 1261 1953 1296 eiusdem

1205 1311 1361 1346 dioecesis
1395 1311 1578 1358 nuncupati,
1615 1311 1644 1346 in
1672 1323 1732 1358 qua
1754 1319 1890 1345 castrum
1919 1311 1952 1346 S.

1206 1361 1370 1396 Adiutoris
1404 1361 1570 1400 consistit,
1604 1369 1634 1395 et
1671 1373 1824 1407 personae
1859 1373 1955 1395 sexus

1208 1411 1372 1458 utriusque
1404 1411 1523 1456 degunt
1547 1411 1576 1444 in
1601 1411 1804 1445 multitudine
1834 1422 1954 1445 nume—

1208 1473 1287 1498 rosa,
1311 1460 1406 1494 abbas
1428 1472 1555 1508 quoque
1570 1472 1626 1507 pro
1641 1469 1782 1507 tempore
1803 1461 1954 1504 existens,

1207 1519 1236 1544 et
1258 1510 1362 1544 dilecti
1387 1510 1439 1544 filii
1463 1518 1637 1544 conventus
1663 1510 1737 1543 dicti
1761 1509 1954 1550 monasterii,

1208 1560 1238 1593 in
1263 1559 1446 1594 huiusmodi
1470 1568 1549 1594 terra
1573 1572 1608 1594 ac
1641 1560 1797 1594 territorio
1824 1567 1854 1593 et
1878 1571 1956 1606 per-

1208 1610 1293 1643 sonis
1312 1609 1504 1656 degentibus
1525 1622 1560 1644 ac
1583 1609 1677 1643 rebus
1701 1608 1909 1643 existentibus
1925 1609 1955 1642 in

1208 1658 1340 1700 eisdem,
1362 1668 1515 1706 quantum
1532 1658 1569 1693 ad
1584 1658 1747 1705 spirituale
1766 1658 1869 1693 forum
1886 1670 1958 1705 per-

1209 1710 1298 1753 tinet,
1326 1709 1515 1743 ordinariam
1544 1708 1793 1743 iurisdictionem
1817 1708 1958 1742 coniuu-

1209 1760 1283 1794 ctim
1318 1759 1363 1793 vel
1387 1759 1513 1793 divisim
1542 1766 1732 1798 exerceant,
1755 1766 1785 1792 et
1806 1758 1842 1791 ad
1866 1770 1958 1792 exer-

1210 1810 1318 1844 citium
1342 1808 1511 1843 saecularis
1543 1808 1769 1843 iurisdictionis
1791 1808 1829 1841 ad
1855 1808 1957 1855 ipsum

1212 1859 1438 1893 monasterium
1470 1859 1563 1906 pleno
1585 1858 1652 1892 iure
1691 1858 1878 1904 pertinentis
1904 1858 1960 1891 de·-

1213 1917 1321 1956 putare
1344 1908 1492 1942 officiales
1517 1908 1661 1951 idoneos,
1675 1908 1752 1941 adeo
1767 1907 1864 1954 quod,
1888 1906 1960 1941 licet

1213 1959 1451 1998 monasterinm,
1475 1967 1555 1992 terra
1575 1965 1604 1991 et
1628 1956 1820 1991 territorium
1847 1956 1961 1991 huius-

1214 2009 1297 2043 modi
1322 2009 1383 2042 sint
1403 2008 1442 2041 de
1458 2007 1593 2041 dioecesi
1613 2006 1821 2050 Salernitana,
1836 2015 1867 2040 et
1883 2006 1960 2040 iufra

1215 2058 1288 2092 illud
1313 2067 1433 2092 tantum
1457 2057 1566 2100 abbas,
1589 2064 1776 2099 conventus,
1796 2068 1961 2103 personae,

1215 2108 1441 2142 monasterium
1458 2135 1466 2148 ,
1490 2116 1569 2142 terra
1596 2119 1631 2141 ac
1655 2107 1847 2140 territorium
1872 2118 1962 2153 prae-

1215 2159 1277 2192 fato
1310 2157 1550 2204 archiepiscopo
1574 2169 1629 2204 pro
1652 2165 1793 2202 tempore
1815 2155 1959 2190 existenti

1215 2216 1244 2241 et
1266 2208 1392 2241 dilectis
1415 2206 1485 2241 tiliis
1508 2206 1646 2254 capitulo
1669 2215 1697 2240 et
1726 2205 1889 2240 Ecclesiae
1903 2204 1964 2239 Sa-

1216 2257 1386 2292 lei-nitanae
1410 2258 1598 2291 dioecesano
1621 2256 1666 2290 vel
1684 2255 1745 2290 alio
1761 2267 1963 2302 quocumque

1218 2308 1297 2350 iure,
1321 2315 1537 2354 praeterquam
1559 2306 1595 2341 ad
1624 2315 1742 2340 certum
1767 2317 1896 2352 parvum
1912 2317 1964 2339 an-

1218 2370 1316 2391 nuum
1341 2369 1484 2400 censum,
1509 2358 1538 2390 in
1556 2356 1643 2390 nullo
1667 2364 1815 2390 tenentur
1833 2355 1963 2397 astricti,

1217 2415 1245 2440 et
1268 2407 1393 2441 accedat
1411 2408 1494 2453 quod
1516 2408 1617 2453 ipsum
1638 2406 1877 2445 monasterium,
1893 2416 1962 2451 gra-

1219 2457 1255 2489 tia
1281 2456 1407 2490 Domini
1445 2456 1578 2495 favente,
1616 2456 1708 2490 etiam
1738 2455 1815 2490 ultra
1850 2454 1964 2489 multas

1218 2506 1410 2540 cathedrales
1425 2505 1583 2541 Ecclesias
1598 2506 1730 2553 partium
1746 2504 1867 2539 illarum
1883 2517 1962 2551 opu-

1219 2555 1336 2589 lentum
1361 2565 1388 2589 et
1418 2556 1633 2602 multipliciter
1668 2563 1812 2589 ornatum
1839 2554 1962 2588 existit:

1221 2614 1389 2651 proventus
1423 2605 1529 2648 etiam,
1553 2605 1632 2639 bona
1656 2613 1684 2638 et
1709 2605 1774 2639 iura
1797 2604 1871 2638 dicti
1896 2616 1965 2638 mo-

1220 2655 1344 2688 nasterii
1368 2655 1404 2688 ad
1429 2654 1572 2689 abbatem
1596 2663 1624 2688 et
1653 2662 1844 2688 conventum
1873 2665 1964 2701 prae-

1965 271 2012 295 An.
2032 269 2059 295 C.
2083 269 2143 295 l591

1974 828 2053 849 Causae
2062 830 2152 850 erectio-

1968 863 2000 881 nis
2015 860 2132 882 faciendae.

1976 1272 2071 1293 cavense
2083 1278 2156 1292 mona-

1970 1305 2155 1324 steriumdioece-

1969 1341 2020 1356 sana
2049 1335 2095 1360 tege
2119 1341 2155 1355 nr-

1969 1367 2038 1393 ebiep⁴
2058 1365 2155 1387 Salerni-

1969 1402 2018 1419 tano
2040 1404 2080 1418 non
2103 1398 2154 1418 sub·

1969 1431 2054 1451 iactum.
