2274 3265
109 268 159 295 An.
178 269 206 295 C.
224 268 287 295 ¹300
921 273 1114 296 BENEtitCTrs
1138 275 1170 296 xt
1195 274 1240 296 tu».

348 322 419 353 Eum
436 328 531 354 tamen
548 334 685 365 expresse
701 327 855 357 confirmat
872 327 1058 357 Benedictus.

347 384 385 389 ——
407 367 434 405 3,
451 368 480 398 4.
501 368 669 400 Clausulae.

1734 269 1800 300 ’177

1102 330 1240 375 regulam
1281 343 1336 376 per
1375 332 1516 367 eamdem
1562 333 1678 369 Sedent
1719 336 1852 370 existere

1102 378 1338 425 quodammodo
1360 381 1587 417 confirmatam.

1151 427 1219 474 52.
1242 427 1307 463 Nos
1321 438 1424 464 autem
1445 432 1497 477 qui
1515 432 1552 466 ad
1573 432 1732 480 Virginem
1753 434 1850 480 ipsam
1877 436 2006 456 ³⁰¹'·¹·'·'¹'*¹
2021 443 2041 455 ²⁴

1103 475 1272 511 Dominam
1309 488 1445 513 nostram
1476 480 1608 516 libenter
1642 472 2043 525 devotionem,ln‘sst‘iitsif'itfi

1870 280 1918 305 An.
1941 279 1968 305 C.
1986 280 2047 307 tztm

307 443 467 473 Benedictus
486 445 626 481 episcopus
648 453 743 475 servus
758 453 897 476 servorum
920 448 975 481 Dei,
992 449 1060 477 dite-

352 493 407 521 ctis
425 493 490 522 fltiis
510 495 632 528 generati
651 496 679 523 et
703 495 838 524 univorsts
868 495 1006 531 prioribus
1031 499 1061 526 et

137 718 259 738 Pie-mutatu

128 1702 226 1728 Quamvis
265 1700 298 1721 lite

115 1733 166 1753 ordo
177 1738 214 1759 per
223 1733 297 1753 sedem

115 1767 187 1791 Apost.
203 1765 298 1784 sideatur

116 1795 262 1816 confirmatus:

351 542 486 571 fratribus
505 544 647 572 servorum
665 545 691 572 S.
710 544 822 578 Mariae.
840 545 943 574 ordinis
963 547 988 574 S.
1010 547 1059 575 Au·

353 592 467 627 gustini,
480 593 596 621 satutem
605 594 635 621 ot
647 593 826 628 apostoticam
838 594 1060 624 benedictionem.

357 666 441 700 Dum
470 666 609 700 levamus
636 665 665 699 in
695 666 829 701 circuitu
861 667 971 701 oculos
1003 680 1060 701 no-

309 723 401 756 stros,
423 723 453 749 et
475 727 602 761 gregem
631 714 825 750 dominicum
855 716 957 754 nobis,
988 716 1061 751 licet

310 764 495 808 immeritiS,
523 764 627 798 divina
665 763 875 812 dispositione
909 766 1061 800 commis-

309 825 391 853 sum,
416 813 556 860 undique
581 813 664 847 iuxta
689 814 856 860 pastoralis
883 814 976 849 officii
1005 814 1061 849 de-

310 862 409 897 bitum
438 862 707 908 contemplamur,
743 863 884 909 vigilem,
908 873 1059 911 quantum

310 911 402 946 nobis
424 923 461 945 ex
483 910 545 945 alto
569 912 773 958 permittitur,
795 925 902 947 euram
928 913 1062 947 libenter

310 960 543 1006 impendimus,
571 968 605 994 ut
638 959 776 995 cultores
809 961 905 997 vineae
933 962 1060 996 Domini

310 1009 366 1043 Dei
389 1009 539 1050 Sabaoth,
563 1010 609 1044 sie
633 1009 729 1044 cultui
753 1010 864 1046 salutis
886 1010 1061 1052 intendant,

310 1058 394 1104 quod
418 1058 526 1093 eadem
553 1058 642 1092 vinea
671 1058 817 1105 palmites
845 1060 976 1094 diffusos
1007 1072 1062 1094 ex-

312 1106 460 1151 tendens,
497 1107 683 1142 salutarium
720 1108 873 1155 producat
903 1109 1061 1143 fructuum

313 1156 497 1191 ubertatem.
526 1156 566 1191 Et
594 1156 664 1192 lieet
686 1168 757 1202 erga
786 1157 928 1203 singulos
957 1159 1062 1192 culto-

312 1217 361 1239 res
388 1205 582 1245 huiusmodi,
611 1218 760 1251 personas
788 1206 933 1241 videlieet
960 1207 1063 1241 ecele-

311 1255 463 1295 siastieas,
495 1255 665 1302 apostolica
693 1255 873 1290 sollicitudo
903 1263 1062 1297 versetur,

311 1315 381 1349 erga
402 1312 504 1338 tamen
529 1303 611 1338 viros
633 1303 808 1350 religiosos,
841 1304 895 1351 qui
924 1312 1064 1339 contem-

313 1353 442 1398 plationi
478 1353 684 1393 coelestium,
718 1353 885 1387 mundanis
921 1354 1063 1401 relegatis

313 1401 481 1443 illecebris,
513 1402 582 1449 piae
614 1402 692 1436 vitae
720 1402 838 1443 studio,
867 1403 937 1437 sine
966 1404 1064 1437 inter-

313 1450 465 1485 missione
486 1450 654 1492 desudant,
676 1462 713 1486 eo
742 1452 981 1499 propensiorem
1006 1464 1064 1487 nos

312 1499 404 1534 decet
430 1499 623 1546 diligentiam
647 1500 808 1541 adhibere,
831 1513 895 1548 quo
918 1501 975 1548 ipsi
1008 1513 1064 1548 pro

314 1549 474 1595 religionis
502 1549 605 1585 favore
627 1557 701 1584 sunt
728 1549 864 1597 amplius
882 1550 1065 1598 apostolicis

314 1597 477 1645 praesidiis
503 1598 701 1634 confovendi.

362 1647 381 1695 S
411 1650 441 1683 t.
468 1647 552 1683 Sane
588 1661 662 1689 vos,
696 1648 750 1695 qui
784 1647 927 1683 ordinem
955 1648 1064 1684 Sancti

314 1697 483 1743 Augustini
508 1710 563 1745 per
580 1697 696 1733 Sedem
717 1697 931 1745 Apostolicam
955 1711 1067 1746 appro-

315 1746 420 1781 batum
457 1747 647 1793 profitemini
676 1755 706 1782 et
734 1747 875 1786 servatis,
906 1755 935 1782 et
963 1748 1065 1783 devo-

313 1796 408 1831 tionis
429 1796 554 1838 affectu,
576 1809 669 1844 quem
689 1797 798 1843 geritis
819 1797 856 1830 ad
877 1796 912 1831 B.
935 1797 1064 1831 Mariam

314 1845 474 1892 Virginem
498 1847 678 1892 gloriosam,
705 1846 865 1880 assumitis
893 1846 982 1880 vohis
1010 1858 1065 1880 vo-

314 1895 461 1930 cabulum
484 1896 523 1930 ab
547 1895 680 1937 Eadem,
701 1907 754 1930 vos
780 1895 896 1930 Servos
923 1895 1065 1930 eiusdem

315 1943 455 1990 Virginis
476 1944 640 1979 humiliter
658 1944 863 1985 nominando,
880 1944 1065 1992 dictumque

315 1993 459 2027 ordinem
487 1993 595 2028 Sancti
624 1993 807 2040 Augustini,
836 1994 919 2027 iuxta
950 1993 1016 2040 pias
1038 2002 1067 2027 et

316 2042 464 2077 honestas
494 2043 706 2077 institutiones
734 2050 854 2077 vestrae
883 2043 1009 2089 regulae
1037 2043 1067 2076 in

317 2092 467 2126 honorem
505 2092 605 2137 ipsius
626 2091 763 2138 Virginis
790 2091 891 2126 editas
921 2091 1067 2126 laudabi-

316 2140 384 2174 liter
410 2141 558 2176 servastis
586 2141 755 2179 haetenus,
790 2149 820 2175 et
853 2141 1002 2175 servatis:
1032 2153 1067 2175 ae

316 2189 402 2223 vobis
426 2202 479 2235 pet·
501 2190 645 2236 specialia
670 2189 839 2237 privilegia,
864 2189 946 2224 (licta
966 2189 1065 2224 Sedes

317 2238 457 2281 indulsit,
480 2238 564 2285 quod
581 2238 739 2273 celebrare
756 2239 879 2285 possitis
895 2239 1064 2286 capitulum

315 2288 470 2333 generale,
498 2300 534 2323 ac
561 2289 589 2322 in
622 2289 732 2322 eodem
769 2288 906 2335 capitulo
930 2289 1063 2335 priorem

317 2337 404 2371 vobis
431 2337 608 2382 generalem
641 2337 769 2383 eligere,
804 2338 856 2383 qui
891 2338 920 2371 in
959 2337 1068 2372 fratres

318 2387 408 2420 vestri
433 2387 554 2421 ordinis
581 2387 807 2421 correctionem
831 2395 861 2420 et
887 2386 964 2431 alia,
986 2399 1067 2433 quae

317 2436 353 2469 ad
377 2448 468 2470 suum
503 2443 647 2482 spectant
677 2435 813 2470 officium
844 2435 942 2470 libere
970 2435 1067 2470 valeat

317 2497 478 2526 exercere,
510 2484 658 2531 quodque
685 2484 722 2519 ad
763 2485 955 2531 sepulturam
993 2497 1067 2531 pos-

317 2535 384 2568 sitis
411 2534 550 2581 recipere
578 2533 660 2578 illos,
688 2535 741 2580 qui
765 2533 847 2580 apud
876 2533 942 2568 loca
966 2541 1065 2568 vestra

317 2583 468 2629 elegerint
495 2582 633 2630 sepeliri.
662 2582 709 2617 Ex
731 2582 848 2629 quibus
870 2583 951 2617 clare
975 2583 1067 2629 inspi-

1102 537 1194 572 quam
1208 528 1596 572 possumus‚exliibetuus,
1612 532 1754 567 nolentes
1769 532 1851 579 quod

1102 575 1216 621 aliquis
1256 585 1363 611 contra
1410 590 1463 612 vos
1505 587 1533 613 et
1573 581 1712 627 regulam
1752 582 1851 628 ipsam

1103 625 1271 673 quicquam
1307 627 1403 672 possit
1432 627 1634 664 detractionis
1662 631 1853 677 impingere,

1103 676 1177 722 quin
1206 676 1314 711 eadem
1344 678 1449 723 regula
1485 678 1608 724 plenam
1639 680 1750 715 habeat
1779 693 1854 728 apo-

1103 725 1203 761 stolici
1229 727 1415 762 muniminis
1439 728 1628 774 firmitatem,
1656 729 1691 763 atl
1727 742 1852 765 omnem

1105 775 1319 810 haesitationis
1344 778 1504 812 materiam
1528 778 1609 814 circa
1629 779 1703 814 haec
1728 779 1765 813 de
1782 792 1854 826 quo-

1105 825 1221 859 rumvis
1252 825 1366 861 animis
1394 827 1614 869 amovendam,
1642 828 1752 863 vestris
1780 841 1855 874 sup-

1106 873 1326 919 plicationibus
1360 876 1520 917 inclinati,
1556 877 1695 923 regulam
1731 886 1759 912 et
1787 878 1855 912 eius

1104 922 1316 958 institutiones
1344 925 1520 971 praedictas
1557 938 1716 973 expresse,
1746 935 1856 960 aucto-

1105 971 1193 1006 ritate
1227 973 1410 1020 apostolica,
1445 975 1669 1010 confirmamus
1709 983 1738 1009 et
1761 976 1854 1010 etiam

1104 1020 1328 1067 approbamus,
1359 1031 1389 1057 et
1413 1024 1584 1070 praesentis
1612 1025 1718 1071 scripti
1750 1033 1853 1071 patro-

1105 1070 1188 1103 cinio
1215 1073 1465 1113 communimus,
1494 1085 1626 1120 eamque
1650 1073 1738 1108 vobis
1772 1085 1855 1108 con·

1104 1118 1256 1154 cedimus.

1154 1168 1173 1214 g
1202 1170 1233 1202 5.
1257 1168 1474 1205 Decernentes
1497 1170 1596 1217 ipsam
1627 1183 1681 1217 per
1708 1183 1762 1206 vos
1792 1171 1856 1205 fore

1106 1217 1268 1263 perpetuis
1289 1219 1484 1265 temporibus
1508 1220 1729 1255 inviolabiliter
1747 1220 1858 1255 obser-

1107 1269 1250 1304 vandam.

1155 1323 1174 1369 S
1200 1327 1229 1358 4.
1254 1323 1338 1359 Nulli
1370 1337 1444 1371 ergo
1471 1326 1600 1360 omnino
1628 1326 1793 1361 hominum
1822 1326 1858 1360 li-

1106 1384 1184 1416 ceat,
1207 1384 1260 1411 etc.

1156 1428 1226 1463 Dat.
1261 1429 1405 1465 Laterani
1436 1435 1457 1465 5
1486 1432 1558 1467 idus
1588 1432 1750 1472 februarii,
1780 1445 1860 1480 pon-

1108 1482 1243 1517 tificatus
1271 1485 1368 1518 nostri
1393 1497 1477 1519 anno
1499 1498 1520 1520 ι.

1148 1542 1208 1572 liat.
1226 1543 1272 1573 die
1292 1545 1322 1574 11
1350 1545 1490 1577 februarii
1512 1547 1593 1583 1304,
1610 1552 1688 1586 pont.
1711 1556 1820 1577 annot.

1456 1723 1508 1757 ltt.

1110 1805 1251 1850 Receplt'o
1278 1805 1523 1849 conqreqalt'om's
1544 1806 1764 1839 monachorum
1790 1806 1862 1839 Coe-

1160 1859 1337 1892 leset'norum
1376 1859 1494 1892 ordinis
1528 1859 1561 1892 S.
1602 1859 1780 1897 Benedicti,
1810 1860 1863 1892 sub

1159 1913 1246 1946 Sedis
1269 1913 1465 1957 Apostolicae
1481 1914 1675 1957 protectione,
1702 1925 1767 1947 cum
1793 1925 1866 1946 non-

1161 1967 1316 1999 nullarum
1339 1968 1514 2009 qracc'arum
1537 1968 1717 2010 elarqt'tione
1744 1970 1797 2003 Μ’).

1382 2042 1595 2073 stJttttAIttmt

1115 2110 1136 2139 1.
1174 2109 1362 2139 Prooetnium.
1401 2108 1539 2139 Ordinem
1584 2118 1649 2137 eum
1690 2108 1863 2147 dependen-

1152 2154 1198 2183 tiis
1226 2153 1281 2182 sul)
1302 2158 1393 2192 apost.
1417 2154 1543 2191 suscipit
1565 2153 1753 2192 protectione.
1773 2168 1811 2173 —-
1838 2152 1863 2182 Ξ.

1153 2198 1292 2235 Regulam
1318 2198 1441 2236 inittngit
1467 2197 1690 2226 observandam.
1720 2213 1757 2217 —-
1781 2195 1807 2231 3,
1835 2195 1863 2225 4,

1151 2241 1227 2270 Bona
1261 2242 1358 2270 omnia
1383 2242 1407 2270 ei
1440 2242 1603 2270 confirmat.
1637 2257 1675 2262 -—
1707 2240 1733 2268 5.
1765 2239 1863 2268 Abbas

1152 2286 1297 2323 generalis
1320 2285 1452 2323 quolibet
1481 2285 1606 2314 triennio
1630 2284 1803 2322 eligendus:
1828 2300 1863 2304 —

1151 2330 1177 2358 fi.
1197 2329 1251 2364 Qui
1275 2338 1308 2358 eo
1329 2331 1390 2367 ipso
1411 2338 1496 2357 suum
1515 2329 1657 2366 suscipiat
1681 2337 1797 2357 munusz
1825 2344 1863 2348 —

1152 2374 1176 2402 7.
1200 2372 1336 2402 Benedici
1360 2378 1455 2402 tamen
1485 2372 1578 2401 debet:
1608 2389 1647 2394 —
1675 2373 1701 2401 8.
1724 2371 1862 2406 Quolibet

1150 2417 1237 2455 anno}
1260 2417 1433 2446 visitandus.
1452 2433 1491 2438 —
1519 2417 1545 2445 9.
1573 2416 1611 2445 Ile
1630 2416 1784 2445 novalibus
1819 2416 1863 2444 ni-

1152 2461 1191 2490 hil
1216 2461 1287 2490 ordo
1317 2460 1431 2489 solvere
1454 2460 1550 2489 debet.
1572 2476 1611 2482 —
1637 2460 1679 2490 to.
1703 2460 1785 2488 Atiae
1809 2468 1858 2488 ex·

1150 2506 1322 2544 emptiones.
1347 2522 1381 2525 —-
1416 2506 1457 2533 ll.
1491 2504 1610 2533 Abbatis
1639 2503 1801 2533 facultates.
1825 2519 1863 2525 —-

1146 2569 1184 2603 t¹)
1196 2568 1279 2593 Huius
1291 2566 1505 2600 Congregationis
1515 2569 1613 2592 statuta
1625 2565 1784 2600 approbavit
1796 2565 1862 2592 Coe-

1110 2608 1220 2635 lestinus
1238 2607 1267 2638 V,
1294 2608 1339 2641 qui
1359 2611 1420 2633 ante
1440 2606 1621 2641 pontificatum
1647 2607 1704 2632 eius
1726 2605 1861 2632 institutor

318 2633 485 2675 cientibus,
514 2633 588 2666 satis
610 2631 764 2670 innuitur,
795 2631 909 2665 dictam
932 2639 1065 2665 vestram
1109 2648 1167 2679 fuit,
1186 2648 1209 2673 ῑῃ
1227 2655 1273 2673 sua
1290 2647 1400 2673 ρῡῃςῑῃ,
1420 2647 1445 2678 1,
1467 2655 1524 2682 pag.
1548 2646 1595 2672 115
1615 2645 1695 2672 huius
1715 2645 1789 2672 tomi.

397 2688 470 2718 Ball.
491 2687 566 2718 Rom.
591 2688 644 2717 l'ol.
666 2687 713 2717 JV.
892 2688 928 2717 23

1908 1337 2016 1356 tttuzuhe
