2274 3265
106 264 155 290 Αιι.
173 265 201 291 C.
223 265 287 291 ¹5¹7

129 619 259 640 Promnrrnm.

134 1358 173 1379 Pro
216 1359 290 1377 ordin·

109 1391 290 1412 Grandrmontnn-

105 1428 127 1442 §e
139 1422 201 1442 multa
212 1429 222 1442 a
233 1422 290 1442 Sum-

104 1456 142 1474 mis
150 1453 287 1474 Pontificibus

101 1486 159 1505 edita
175 1488 259 1505 statuta*

123 2258 270 2279 nonasterium

110 2290 281 2311 Grandimonipn.

106 2323 169 2342 tonus
209 2323 288 2342 ordinis

106 2356 175 2379 eaput,

805 260 939 282 ronnas
964 259 1019 281 xxi
1050 248 1157 280 (dictus
1187 256 1270 287 xxii)
1295 257 1342 278 rw.

341 328 407 347 oum
430 318 559 355 grangiis
585 317 682 352 unitis,
708 321 736 345 et
763 324 905 344 numerus
929 314 1048 343 fratrum

341 358 368 386 in
406 357 538 396 quolibet
575 357 702 395 prioratu
737 353 977 384 substentamlus.
1012 369 1050 373 —

339 397 505 427 Clausulae.

367 456 477 485 loannes
496 456 636 492 episcopus
655 461 750 483 servus
769 459 909 482 servorum
926 451 981 484 Dei,

434 501 468 529 ad
496 501 656 537 perpetuam
676 499 716 528 rei
747 497 915 526 memoriam.

352 560 505 606 Exigente
545 559 650 594 debito
687 556 849 604 pastoralis
882 556 974 590 oflicii
1012 556 1049 590 ad

302 609 463 657 provrdam
493 608 626 643 Romani
655 606 830 645 pontificis,
859 606 943 640 velut
979 606 1051 640 uni-

302 659 430 694 ιει531ι5
465 657 597 705 pastoris
630 663 661 691 et
696 655 813 703 patriS‚
854 655 1048 702 diligentiam

302 709 446 755 pertinet,
468 716 582 742 statum
606 705 820 740 Ecclesiarum
843 713 873 740 et
897 714 1052 740 monaste-

302 759 419 793 riorum
452 757 595 791 omnium
633 756 679 790 sic
705 762 821 790 attenta
846 755 1050 790 meditatione

302 808 500 855 prospicere
528 806 626 853 quod,
649 806 779 840 materia
807 804 947 852 qualibet
984 805 1051 839 dis-

300 856 452 893 sentionis
473 863 503 890 et
531 855 635 903 iurgii,
668 855 808 901 quietem
831 862 862 889 et
889 855 1050 889 silentium

302 918 505 953 personarum
544 906 574 939 in
611 904 762 940 Ecclesiis
796 912 825 938 et
854 904 1052 939 monasteriis

302 957 377 1002 rpsis
404 954 586 1001 degentium
617 963 648 988 et
680 954 880 988 oller·errtirrrri
912 954 1052 988 Domino

301 1018 354 1051 per
377 1004 612 1039 decantationes
641 1003 771 1038 laudum
801 1003 926 1038 titulum
952 1003 1053 1038 labio-

302 1067 369 1089 rum
399 1054 601 1100 impediente,
637 1053 795 1101 praecisa,
821 1054 904 1101 pacis
938 1053 1052 1088 funda-

302 1112 406 1138 menta
433 1103 581 1145 stabiliat,
609 1104 778 1150 praeterita
801 1104 953 1150 corrigat,
987 1103 1054 1137 dis-

303 1162 397 1200 ponat
413 1153 599 1200 praesentia,
620 1165 696 1187 nova
713 1152 841 1199 plantet
861 1152 948 1187 etsie
963 1161 1053 1187 caute

303 1202 465 1250 provideat
492 1202 683 1243 defuturis,
711 1201 796 1249 quod
832 1202 862 1236 in
899 1210 1052 1248 quammn

304 1252 383 1286 valet
417 1252 552 1286 bumana
585 1251 721 1298 ριοιιειο
758 1264 893 1298 superna
927 1252 1053 1286 suffulta

304 1301 420 1347 gratia,
462 1300 501 1335 de
535 1300 793 1346 contingentibus
828 1314 890 1335 non
922 1302 1053 1337 omittat.

305 1350 354 1384 Ad
381 1349 572 1397 sopiendum
601 1349 758 1397 siquidem
794 1350 954 1396 antiquam
988 1351 1055 1386 iur-

304 1400 427 1446 giorum
456 1399 637 1442 materiam,
664 1412 757 1446 quam
781 1400 812 1434 ιιι
829 1401 937 1435 ordine
956 1400 1056 1436 Gran-

304 1449 479 1484 dimonten.
518 1449 637 1496 antiqui
668 1450 766 1484 bostis
800 1450 971 1484 seminarat
1005 1451 1055 1485 in-

304 1498 397 1539 vidia,
421 1498 565 1533 nonnulli
591 1498 849 1546 praedecessores
872 1500 969 1534 nostri
995 1500 1055 1535 Pro-

302 1548 385 1583 maui
415 1547 586 1583 Pontifices
623 1556 749 1595 paterna
783 1549 945 1595 diligentia
975 1551 1054 1596 rigi-

302 1597 401 1632 lantes
428 1605 529 1633 certas
553 1598 770 1633 ordinationes
793 1606 823 1633 et
849 1607 977 1639 statuta,
1001 1614 1054 1646 per

301 1659 436 1694 quorum
471 1647 641 1682 editionem
679 1657 848 1696 perpetuae
877 1650 942 1695 paci
979 1649 1051 1684 dieti

301 1697 420 1731 ordinis
454 1697 623 1744 sperabant
645 1699 856 1739 consuluisse,
886 1699 1054 1735 salubriter

301 1746 487 1782 ediderunt:
517 1746 571 1782 sed
596 1748 668 1782 licet
691 1761 746 1795 per
769 1749 855 1796 ipsos
876 1761 971 1796 super
994 1750 1053 1785 hoe

301 1797 351 1843 pie
380 1797 490 1832 suisset
511 1797 606 1832 etiam
629 1799 720 1834 anxie
751 1799 943 1840 tabor-auum
979 1802 1052 1847 quia

301 1856 404 1882 tamen
441 1848 624 1883 huiusmodi
660 1849 759 1896 iurgia
797 1862 857 1883 non
894 1859 984 1884 erant
1023 1851 1052 1884 in

301 1897 412 1933 eodem
437 1898 548 1933 ordine
571 1898 616 1933 sic
638 1900 764 1941 evulsa,
792 1900 867 1946 quin
891 1899 996 1934 adlrnc
1023 1909 1053 1934 et

302 1949 485 1994 frequenter
508 1949 717 1995 insurgerent,
746 1958 776 1984 et
811 1950 898 1996 qnasi
927 1950 1053 1996 gravius

301 2000 406 2039 solito
421 1999 626 2046 pullularent;
660 2013 717 2034 nos
744 2000 847 2034 eidem
872 2000 992 2041 ordini,
1015 2000 1052 2034 ιιι]

302 2062 396 2097 quem
424 2049 490 2084 zelo
521 2050 681 2084 elimitans
715 2060 744 2084 ιι
776 2050 953 2084 dilectionis
981 2050 1054 2084 assi-

302 2113 416 2139 ennur
456 2100 485 2133 in
525 2099 706 2134 lrninsmodi
735 2100 802 2134 suis
840 2100 1053 2135 anxietatibus

302 2149 519 2189 condolentes,
542 2158 572 2184 et
596 2150 820 2184 monasterium
837 2148 882 2183 (ιι-
885 2150 1054 2184 andimon-

304 2209 386 2243 ten.,
421 2199 459 2233 ad
483 2199 658 2234 Romanam
693 2199 854 2234 dumtaxat
878 2199 1052 2234 Ecclesiam

305 2250 477 2296 pertinens,
499 2249 583 2296 quod
613 2249 710 2296 ipsius
732 2249 853 2283 ordinis
874 2258 968 2295 caput
985 2262 1053 2284 esse

303 2299 510 2345 dignoscitur,
533 2298 700 2345 gubernari
718 2299 902 2333 iamdudum
926 2299 1052 2334 solitum

305 2362 359 2395 per
382 2349 529 2395 priorem,
558 2348 694 2395 paternis
726 2349 889 2383 affectibus
932 2349 1054 2396 ample-

303 2407 438 2439 ctentes,
474 2407 504 2433 et
539 2398 702 2445 cupientes
735 2411 773 2433 cx
805 2399 915 2434 eodem
944 2399 1054 2433 ordine

304 2449 341 2483 ad
379 2457 561 2496 perpetuam
602 2460 805 2495 personarum
835 2449 864 2483 in
901 2449 968 2495 ipso
996 2448 1055 2483 de-

304 2499 444 2545 gentium
477 2510 584 2546 pacem
613 2497 770 2545 quaslibet
791 2498 1002 2533 dissentiones
1024 2506 1054 2533 et

307 2548 388 2588 lites,
412 2548 574 2582 Altissimo
598 2556 774 2594 praestante
797 2548 985 2588 subsidium,
1008 2549 1054 2583 sie

307 2597 456 2632 radicitus
478 2597 647 2643 extirpare,
670 2597 858 2643 corrigendo
878 2598 1053 2644 praeterita,

308 2647 477 2696 plantando
491 2660 581 2688 nova,
602 2647 630 2681 in
652 2647 763 2681 melius
776 2647 951 2682 ordinando
968 2660 1055 2695 prae-

1721 243 1792 275 255
1856 252 1906 276 An.
1925 249 1952 274 c.
1972 248 2035 273 ¹51?

1093 313 1211 355 sentia,
1247 319 1276 346 et
1298 311 1465 346 silubr-‘ner
1489 310 1684 357 providendo
1715 310 1840 346 lutura

1092 360 1176 408 qnod
1228 373 1378 407 personae
1418 360 1503 407 ipsae
1543 367 1712 407 perpetuae
1757 358 1842 405 pacis

1092 410 1290 465 opulentiag,
1273 410 1442 453 Jaudeant,
1468 418 1499 444 et
1526 409 1606 444 inter
1623 421 1706 456 ipsas
1728 407 1839 443 similia

1094 473 1193 505 iurgia
1228 459 1316 494 velut
1350 459 1504 493 eradicata
1540 459 1666 505 penitus
1694 470 1756 492 non
1791 471 1842 492 re-

1092 518 1240 556 surgant:
1269 522 1304 543 ac
1339 516 1466 556 propter
1496 508 1557 543 hoc
1583 508 1621 542 ad
1646 507 1841 542 reformatio-

1094 572 1164 594 nem
1188 567 1219 593 et
1240 567 1355 593 statum
1383 557 1525 592 eiusdem
1550 557 1742 600 monasterii,
1775 557 1842 591 sui-

1093 621 1155 655 que
1177 608 1307 644 honoris
1333 616 1562 653 augumentum
1592 615 1714 641 nostros
1742 607 1843 654 primo

1093 659 1264 705 dirigentes
1287 657 1429 701 intuitus,
1451 669 1486 691 ac
1505 669 1571 691 rem
1601 656 1727 703 dignam
1750 663 1780 690 et
1799 668 1844 690 ra-

1095 708 1277 743 tionabilem
1304 707 1501 744 arbitrantes,
1531 714 1562 740 ιιι
1586 706 1666 740 idem
1691 713 1843 740 monaste·

1096 758 1187 801 rinm,
1206 757 1290 805 quod
1306 756 1427 792 inorbo
1450 764 1603 790 terrarum
1626 762 1749 790 constat
1775 768 1843 789 esse

1095 808 1262 851 famosum,
1283 806 1375 842 etcui
1400 806 1496 841 multa
1533 805 1712 860 nobiliaque
1734 817 1845 839 coeno-

1096 857 1156 898 bia,
1181 865 1327 904 tanquam
1352 855 1492 891 membra
1520 854 1614 902 capiti
1638 862 1711 889 sunt
1737 852 1844 888 subie—

1094 915 1155 947 eta,
1184 919 1238 954 per
1265 906 1466 953 Apostolicae
1488 905 1583 940 Sedis
1614 903 1842 949 providentiam

1096 957 1226 991 lionoris
1247 966 1276 991 et
1300 955 1437 991 nominis
1459 954 1560 990 titulis
1594 953 1756 994 efferatur,
1788 953 1846 988 lra—

1097 1006 1160 1040 bito
1185 1007 1271 1053 prius
1290 1018 1361 1040 cum
1385 1004 1528 1052 pluribus
1547 1016 1583 1039 ex
1606 1003 1756 1038 fratribus
1770 1002 1845 1037 dicti

1096 1056 1217 1090 ordinis
1244 1055 1305 1090 lide
1332 1055 1437 1101 dignis
1460 1054 1490 1088 ιιι
1518 1054 1605 1088 curia
1625 1062 1731 1089 nostra
1761 1065 1845 1100 prae-

1095 1105 1238 1140 sentibus
1259 1104 1392 1139 solemni
1415 1112 1445 1139 et
1467 1103 1610 1150 diligenti
1641 1109 1784 1145 tractatu,
1807 1101 1845 1136 ad

1096 1155 1222 1189 landem
1247 1154 1340 1188 divini
1365 1153 1501 1188 nominis
1520 1152 1715 1193 ordinamus,
1732 1159 1848 1198 etapo-

1096 1205 1204 1239 stolica
1220 1203 1404 1238 auctoritate
1426 1202 1640 1243 decernirnns,
1656 1202 1695 1237 de
1717 1201 1845 1236 fratrum

1098 1262 1276 1288 nostrorum
1306 1252 1439 1288 consilio
1468 1261 1498 1286 et
1525 1252 1715 1298 apostolicae
1745 1250 1846 1298 pleni-

1097 1303 1206 1338 tudine
1235 1302 1410 1349 potestatis,
1437 1301 1521 1349 quod
1545 1314 1583 1336 ex
1606 1314 1690 1336 nunc
1713 1300 1848 1335 inantea
1878 1311 1911 1331 re
1938 1311 1981 1330 h
1984 1314 2045 1331 rem

1096 1352 1289 1398 gubernetur
1307 1352 1426 1386 dietum
1445 1351 1672 1386 monasterium
1687 1349 1849 1398 perpetuis
1863 1348 1905 1392 ¹:⁰1?
1925 1347 1976 1396 Ξξζ
1981 1347 2046 1392 ,ἵζ’,ῗ

1097 1402 1209 1437 suturis
1237 1401 1435 1448 temporibus
1458 1413 1511 1447 per
1533 1401 1690 1455 abbatem,
1713 1409 1743 1435 et
1763 1400 1846 1446 quod
1863 1405 1917 1423 ‘¹¹¹¹‘-

1096 1451 1193 1487 abbas
1223 1452 1339 1499 praesit
1361 1450 1400 1485 de
1428 1459 1552 1486 caetero
1577 1450 1606 1485 ιιι
1629 1450 1753 1486 eodem.

1145 1502 1165 1548 g
1198 1504 1224 1535 1.
1250 1501 1287 1535 Ει
1311 1513 1440 1547 insuper
1467 1500 1666 1535 absolventes
1687 1512 1703 1534 a
1727 1511 1783 1534 sua
1798 1499 1850 1534 ad·
1876 1515 1931 1535 ιιιο
1949 1516 1981 1535 ιι.
1985 1516 2046 1535 raum

1098 1551 1326 1586 ministratione
1361 1563 1398 1585 ex
1424 1558 1507 1585 certa
1533 1550 1664 1585 seientia
1690 1546 2047 1598 correcto-¹¹2fj}„¹',‘'j,‘g¹⁰⁵

1097 1612 1146 1635 res
1183 1609 1213 1635 et
1238 1601 1379 1635 curiosos
1414 1600 1558 1634 omnium
1586 1599 1753 1635 domorum
1794 1612 1847 1634 seu

1096 1650 1246 1685 cellarum
1272 1649 1399 1696 praefati
1424 1649 1555 1690 ordinis,
1579 1661 1633 1696 per
1655 1661 1851 1696 quosnune-

1098 1712 1197 1746 usque
1250 1700 1405 1747 praefatae
1453 1698 1566 1734 donrns
1615 1707 1850 1734 consueverunt

1096 1750 1287 1795 gubernari,
1315 1749 1500 1784 ordinamus
1532 1758 1562 1784 et
1588 1749 1758 1783 statuimus
1780 1761 1849 1784 esse

1096 1799 1251 1847 deinceps
1286 1800 1316 1834 in
1351 1798 1490 1846 praefato
1527 1799 1637 1834 ordine
1675 1811 1730 1846 pro
1766 1798 1849 1833 hono

1099 1851 1184 1896 pacis
1209 1858 1239 1884 et
1262 1861 1467 1897 personarum
1493 1848 1522 1883 in
1552 1849 1619 1896 ipso
1650 1848 1848 1895 degentium,

1096 1909 1126 1934 et
1154 1901 1305 1934 maiorem
1338 1898 1568 1934 observantiam
1606 1898 1782 1945 regularem
1819 1899 1847 1932 in

1097 1950 1188 1984 dictis
1227 1949 1375 1984 domibus
1413 1949 1515 1996 ipsius
1556 1948 1677 1983 ordinis
1712 1948 1748 1983 ad
1791 1948 1850 1983 lroc

1097 2000 1196 2045 magis
1217 1998 1431 2034 accommodis
1449 1999 1688 2045 trigirrtanovem
1710 2010 1849 2033 couren-

1097 2050 1196 2083 tuales
1228 2050 1385 2096 prioratus
1412 2048 1615 2094 singulariter
1638 2048 1771 2083 inferius
1793 2048 1847 2083 ad-

1097 2108 1238 2139 notzjrtos,
1263 2100 1356 2133 certis
1372 2098 1531 2133 cuilibet
1526 2110 1665 2146 ipsorum
1694 2098 1848 2146 prioratu-

1098 2162 1148 2183 um
1172 2128 1321 2184 domibus
1344 2149 1496 2182 lractenus
1517 2148 1707 2183 monasterio
1724 2147 1847 2203 praedi-

1096 2208 1146 2233 cto
1167 2199 1330 2243 subiectis,
1352 2197 1560 2244 incorporatis
1574 2198 1691 2244 pariter
1709 2206 1738 2232 et
1755 2198 1848 2232 unitis

1097 2261 1167 2283 curn
1193 2257 1278 2283 certo
1298 2248 1426 2283 l'ratrum
1451 2247 1549 2294 ipsius
1571 2247 1692 2281 ordinis
1715 2260 1845 2282 numero

1096 2299 1298 2344 singulariter
1322 2305 1423 2332 taxato
1456 2297 1484 2331 in
1513 2297 1646 2343 singulis
1677 2297 1772 2331 modo
1803 2297 1846 2331 si-

1097 2348 1161 2382 mili
1185 2349 1353 2394 ‹l‹.*·scriptis
1376 2347 1506 2381 inlerius
1529 2356 1558 2380 et
1585 2346 1753 2382 distinctis.

1145 2400 1165 2444 S
1191 2400 1224 2432 ⁰2.
1250 2397 1297 2432 Ad
1330 2397 1407 2432 haec
1426 2397 1611 2431 ordinamus
1633 2405 1663 2431 et
1686 2396 1844 2437 volumus,
1874 2404 1894 2425 ln
1916 2408 2044 2425 manutene-

1097 2456 1131 2483 ut
1167 2449 1196 2482 ιιι
1226 2447 1335 2482 eodem
1369 2447 1559 2481 monasterio
1586 2445 1626 2481 sit
1660 2446 1699 2481 de
1721 2425 1923 2488 caeterd{502ss¹
1936 2436 2042 2488 ,ιζῇζῖἶζ

1097 2499 1255 2543 sexatinta
1284 2497 1412 2531 fratrum
1437 2507 1590 2530 numerus
1618 2504 1738 2544 praeter
1760 2502 2044 2549 con—1¹⁸⁹“2f0'n'2‘

1098 2560 1214 2591 versos,
1242 2547 1295 2594 qui
1319 2545 1506 2581 resideant
1500 2559 1529 2580 m
1558 2555 1728 2586 conventu,
1755 2553 1785 2580 et
1806 2546 1845 2580 de
1860 2536 1893 2550 Ψ
1910 2536 1940 2551 '¹'

1097 2597 1296 2631 facultatibus
1331 2596 1404 2629 dieti
1443 2596 1624 2630 monasterii
1660 2595 1779 2644 possint
1815 2604 1843 2630 et

1096 2646 1231 2682 debeant
1253 2658 1391 2692 congrue
1418 2646 1596 2681 sustentari.
