2274 3265
104 262 152 286 An.
175 260 283 286 (211359

113 2460 263 2481 ,alimentorum

105 2492 282 2512 subministratio-

99 2528 136 2542 nes
156 2529 196 2543 nnn
220 2523 279 2543 diffe-

98 2554 183 2573 rendae.

903 261 940 282 BE
945 259 1037 281 §152th
1046 259 1097 279 tts
1125 259 1166 279 xtt
1193 259 1240 279 ΙΨ.

299 314 390 357 ψει-,ιι
415 313 543 359 puniant
561 314 793 360 delinquentes.
811 313 943 360 lusnpei
958 325 1048 359 prac-

298 363 438 397 sidentes
467 363 616 409 praefati
659 376 730 397 ι·ιιιιι
755 376 970 409 possessiones
992 362 1049 396 ad-

300 412 564 447 ministrationum
592 426 720 447 suarum
751 414 863 447 Ιιι·ιιιιιι
889 413 1048 452 assecuti,

300 463 470 497 interturria
498 462 536 496 de
561 462 652 497 lionis
672 462 840 497 mobilibus
863 471 892 497 et
923 474 956 497 se
980 474 1050 496 mo-

300 512 442 547 rcntibus
482 513 612 558 repertis
654 513 683 546 in
724 510 1049 546 administrationibus

300 562 374 608 ipsis
413 562 591 597 conficiant.
623 562 644 597 li
669 574 740 597 vero
767 562 820 608 qui
859 561 974 596 habent
1001 573 1050 595 su-

300 612 437 656 periores
480 611 641 656 religionis
680 610 823 646 eiusdem
869 610 1047 658 huiusmodi

300 661 471 696 inventaria
485 660 598 695 faciant
615 661 934 708 duplicata,quorum
951 674 1049 695 unum

300 712 327 744 ιιι
352 711 420 745 loco
443 710 584 745 subiecto
603 720 756 751 serretur,
778 719 807 744 et
829 710 983 757 superiori
1000 724 1051 745 re-

299 762 418 806 liquum
441 760 629 805 assignetur,
653 769 684 794 ttt
702 773 756 806 per
771 772 817 799 ea,
846 761 875 794 in
890 772 953 807 quo
967 768 1047 794 statu

298 810 586 844 administrationes
623 811 705 856 ipsas
729 810 927 856 receperint,
953 811 1051 844 valeat

298 871 459 906 apparere.
488 858 580 893 Fiant
602 867 708 894 autem
733 858 915 894 huiusmodi
940 859 1051 894 inreri-

299 909 374 942 tin'ia
396 917 425 942 et
450 909 579 954 registra
609 923 662 956 per
690 908 904 949 tabellionem,
928 909 974 943 vel
994 909 1053 944 sal-

299 969 359 992 tem
398 958 427 992 in
469 958 600 992 aliarum
641 957 837 1005 publicarum
876 960 1051 1004 praesentia

300 1020 520 1053 personarum.
544 1008 726 1042 Adiicimus
740 1008 846 1051 etiam,
868 1008 952 1055 quod
969 1021 1053 1054 prae-

298 1056 436 1092 sidentes
460 1056 612 1092 Ecclesiis
651 1056 907 1098 cathedralibus,
943 1070 1052 1093 mona-

298 1107 401 1141 steriis
424 1115 452 1141 et
476 1107 554 1141 locis
580 1106 648 1141 aliis
675 1106 775 1141 dictae
798 1106 975 1153 religionis,
997 1108 1051 1154 qui

300 1157 379 1190 bona
420 1155 548 1190 mobilia
572 1156 779 1203 prioratuum,
806 1156 1052 1192 administratio-

299 1219 373 1239 num
403 1216 432 1240 et
463 1205 689 1241 beneficiorum
726 1205 941 1252 quorumlibet
977 1207 1052 1241 reli-

298 1256 402 1298 gionis
435 1255 576 1290 eiusdem
604 1255 663 1290 sibi
691 1255 906 1289 subiectorum
937 1268 1053 1290 vacan-

299 1306 374 1338 tium
405 1305 435 1339 in
463 1305 520 1348 eis,
557 1313 717 1351 tempore·
737 1304 917 1338 huiusmodi
960 1317 1052 1340 vaea-

299 1354 391 1389 rionis
406 1354 546 1398 inventa,
564 1367 619 1388 seu
638 1354 687 1388 illa
701 1353 834 1388 durante
851 1353 1052 1389 obvenientia

298 1417 336 1438 cx
359 1403 522 1450 privilegio
546 1403 590 1438 vel
620 1403 862 1444 consuetudine,
902 1416 957 1438 seu
994 1403 1051 1438 alla

297 1465 391 1488 causa
413 1453 588 1488 rationabili
610 1453 648 1488 ad
671 1466 704 1488 se
723 1461 868 1488 asserunt
885 1453 1052 1500 pertinere,

299 1516 379 1542 xasa,
412 1503 596 1538 vestimenta
624 1515 679 1538 seu
711 1502 769 1537 alia
794 1512 977 1538 ornamenta
1001 1503 1051 1538 di-

300 1554 371 1587 ιιιιο
397 1552 494 1587 cultui
518 1551 679 1600 deputata,
702 1552 848 1587 animalia
868 1553 960 1587 etiarn
991 1561 1051 1588 tam

300 1615 355 1648 pro
376 1602 580 1648 agricultura,
603 1615 697 1650 quam
728 1614 782 1649 pro
809 1602 879 1637 aliis
911 1603 1051 1649 ipsorum

299 1654 439 1687 locorum
470 1652 712 1687 necessitatibus
739 1652 835 1686 teneri
864 1651 941 1686 inibi
968 1665 1053 1687 con-

298 1710 396 1742 sueta,
422 1714 492 1736 vasa
516 1702 634 1736 vinaria
658 1710 688 1736 et
716 1702 919 1748 coquinaria,
955 1702 1052 1737 lectos

297 1752 389 1786 retiam
440 1761 470 1787 et
508 1751 566 1786 alia
605 1750 836 1799 suppellectilia
874 1753 1051 1786 necessaria

298 1814 352 1836 seu
391 1813 461 1835 vasa
484 1801 565 1844 (nisi
606 1801 684 1836 forte
711 1813 807 1836 aurea
831 1801 877 1835 vel
906 1810 1052 1847 argentea

300 1851 434 1894 fuerint)
463 1851 645 1886 nullatenus
672 1864 846 1898 occupare,
870 1851 916 1886 vel
938 1851 1052 1886 exinde

298 1909 468 1947 asportare,
503 1910 556 1935 aut
585 1901 642 1935 sibi
677 1901 881 1948 appropriare
916 1913 1052 1948 praestr—

300 1958 395 1985 mant.
425 1950 458 1984 In
497 1950 775 1997 apprehendendis
809 1962 936 1997 quoque
961 1950 1053 1986 bonis

299 2000 368 2035 aliis
394 1999 650 2035 constitutionem
690 2000 791 2035 felicis
826 2000 1051 2036 recordationis

299 2049 452 2085 Bonisacii
466 2049 571 2096 Papae
587 2049 658 2084 Vlll
678 2050 931 2097 praedecessoris
954 2052 1051 2086 nostri

299 2112 396 2147 super
409 2099 467 2134 hoc
495 2099 624 2140 editam,
647 2113 727 2146 quae
751 2100 859 2146 incipit
883 2101 1051 2142 Praesenti,

300 2150 467 2197 diligenter
489 2148 669 2184 observent.
697 2149 760 2192 Qui
797 2163 869 2184 vero
892 2162 985 2184 secus
1007 2150 1052 2185 fe-

300 2200 419 2239 cerint,
462 2200 544 2234 iuxta
581 2200 766 2246 qualitatem
799 2199 1050 2246 delinquentium

302 2261 519 2296 personarum,
543 2261 660 2295 poenas
681 2249 860 2289 incurrant,
888 2262 968 2296 quae
998 2263 1053 2297 per

300 2299 558 2333 constitutionem
587 2299 729 2334 eamdem
759 2299 827 2334 eius
855 2307 1052 2345 trangresso-

301 2349 386 2384 ribus
409 2349 627 2395 imponuntur.

349 2398 453 2445 §47-
483 2398 590 2440 Quum
631 2399 671 2433 sit
707 2398 818 2433 rationi
854 2411 1051 2442 consonum,

301 2449 370 2483 illos
398 2461 460 2482 non
489 2448 603 2483 debere
630 2460 724 2483 onera
748 2461 903 2491 recusare,
925 2449 978 2496 qui
1005 2462 1052 2484 re-

301 2512 368 2533 rurn
392 2498 556 2533 commoda
585 2498 849 2544 complectuntur,
873 2499 1051 2535 statuimus

300 2548 384 2595 quod
420 2548 584 2591 antistites,
612 2547 753 2589 abbates,
788 2548 974 2595 praepositi
1002 2562 1052 2583 ar-

300 2597 503 2642 chidiaconi,
547 2598 668 2645 priores
704 2607 734 2632 et
783 2598 1052 2634 administratores

300 2648 412 2683 caeteri
429 2647 588 2694 religionis
600 2647 766 2695 praefatae,
777 2648 830 2695 qui
847 2659 974 2691 census,
987 2648 1052 2684 red-

1724 248 1793 279 -lJi-'i

1090 312 1186 352 ditus,
1216 313 1396 358 pensiones,
1419 326 1472 346 seu
1490 325 1706 359 quaecumque
1729 313 1842 347 similia

1090 361 1207 395 debent
1223 361 1266 395 vel
1291 361 1451 396 debebunt
1473 362 1501 396 ιιι
1526 370 1687 409 posterum
1709 375 1762 408 pro
1785 361 1843 397 ali-

1092 411 1207 445 mentis
1235 411 1437 457 quotidianis,
1463 411 1508 446 rel
1540 424 1595 458 pro
1624 412 1778 447 vestiariis
1813 412 1841 446 in

1092 460 1240 495 Ecclesiis
1256 460 1502 505 cathedralibus,
1527 462 1741 505 monasteriis,
1760 475 1842 508 prae·

1093 510 1254 557 posituris,
1284 510 1473 557 prioratibus
1489 538 1497 554 ,
1526 511 1637 545 olliciis
1661 519 1690 546 et
1711 511 1844 547 admini-

1091 559 1322 599 strationibus,
1359 572 1415 595 seu
1453 560 1522 595 aliis
1563 560 1639 596 locis
1685 562 1845 607 religionis

1091 610 1247 654 eiusdem,
1270 610 1333 644 sive
1359 611 1388 644 ιιι
1421 609 1535 665 blado,
1567 623 1652 649 vnio,
1680 612 1844 649 carnibus.

1091 660 1171 700 oleo,
1200 659 1352 707 piscibus,
1390 660 1536 706 pecunia,
1563 673 1618 694 seu
1654 660 1748 695 rebus
1777 661 1846 695 aliis

1091 709 1355 764 quibuscumque
1375 711 1559 751 consistant,
1583 710 1634 745 illa
1661 711 1706 745 eis
1730 710 1759 744 ιιι
1784 719 1847 744 ter-

1093 772 1187 794 muns
1212 758 1374 794 consuetis
1397 760 1442 794 tel
1468 760 1614 806 praelixis
1629 772 1683 794 seu
1709 761 1739 794 ιιι
1755 768 1845 794 antea

1093 809 1304 855 praefigendis
1327 809 1446 855 integre
1474 809 1594 844 solvere
1611 822 1672 844 non
1689 809 1845 843 omittant

1092 858 1185 901 Quod
1209 859 1234 894 si
1265 858 1395 906 priores,
1420 859 1611 906 praepositi,
1635 859 1846 894 archidiaconi

1092 921 1127 943 ac
1150 909 1261 943 caeteri
1294 908 1565 943 administratores
1598 908 1741 944 eiusdem
1773 908 1849 943 reli-

1092 959 1195 1004 gionis
1222 971 1256 993 ea
1282 958 1311 993 in
1341 958 1417 1005 ipsis
1455 958 1618 1002 terminis,
1657 959 1702 994 vel
1737 958 1847 993 saltem

1092 993 1171 1042 infra
1208 1020 1348 1043 mensem
1387 1020 1447 1042 non
1495 1008 1647 1043 solteiint
1689 1008 1847 1055 requisiti,

1093 1065 1244 1112 quantum
1262 1057 1406 1092 ascendit
1422 1066 1530 1104 quarta
1550 1071 1621 1105 pars
1634 1058 1720 1093 illius
1739 1057 1848 1101 debiti,

1095 1107 1198 1142 ultra
1192 1120 1295 1154 ipsum
1318 1106 1473 1148 debitum,
1498 1108 1624 1142 nomine
1640 1120 1771 1155 poenae,
1785 1107 1849 1142 sol-

1095 1169 1165 1191 vere
1181 1165 1356 1191 teneantur
1373 1156 1411 1191 Et
1434 1157 1457 1191 si
1487 1157 1564 1192 infra
1587 1157 1682 1192 alium
1706 1169 1847 1192 mensem

1096 1206 1274 1240 immediate
1302 1213 1490 1261 sequentem
1516 1219 1576 1241 non
1599 1207 1763 1247 solieriut,
1787 1215 1847 1240 tam

1096 1268 1242 1302 poenam,
1265 1268 1357 1310 qnam
1374 1256 1468 1290 etiam
1485 1256 1588 1302 ipsum
1612 1256 1754 1291 debitum
1771 1256 1849 1302 priu

1095 1304 1207 1351 cipale,
1235 1318 1271 1339 ιο
1301 1305 1368 1351 ipso
1391 1305 1454 1340 sint
1477 1305 1596 1348 idonee
1617 1306 1656 1340 de
1681 1306 1849 1353 praedictis

1095 1354 1191 1388 fuerit
1214 1354 1409 1400 integraliter
1435 1355 1646 1399 satisfactum)
1671 1368 1687 1390 a
1719 1364 1849 1402 tempo-

1095 1403 1205 1438 ralium
1229 1404 1502 1439 administratione
1525 1406 1683 1452 suspensi,
1706 1414 1737 1440 et
1760 1418 1850 1452 prae-

1095 1453 1186 1496 latus,
1208 1453 1342 1488 durante
1363 1454 1575 1501 suspensione
1599 1454 1768 1500 praedicta,
1790 1455 1851 1489 mi—

1096 1503 1206 1538 nistret
1240 1516 1295 1550 per
1332 1503 1426 1538 alium
1475 1504 1657 1550 temporalia
1698 1504 1850 1540 beneficia

1096 1552 1190 1596 illius,
1217 1554 1270 1600 qui
1288 1553 1530 1600 suspensionem
1548 1554 1715 1589 incurrerit
1736 1567 1851 1601 supra-

1094 1602 1223 1647 dictam,
1257 1611 1287 1637 et
1309 1602 1477 1639 satisfaciat
1506 1603 1544 1638 de
1581 1603 1759 1650 praedictis.
1783 1603 1851 1639 An-

1095 1652 1208 1686 tistites
1245 1666 1328 1697 vero,
1351 1653 1376 1688 si
1414 1662 1482 1699 post
1510 1653 1632 1701 lapsum
1676 1654 1847 1689 terminum

1096 1702 1247 1748 requisiti,
1271 1702 1348 1737 infra
1369 1702 1504 1738 duorum
1524 1703 1681 1738 mensium
1710 1704 1847 1751 spatium

1094 1763 1110 1785 a
1133 1751 1184 1786 die
1207 1753 1423 1799 requisitionis
1452 1752 1633 1788 huiusmodi
1661 1762 1850 1800 computan-

1094 1801 1183 1844 dum,
1211 1803 1392 1837 satisfacere
1421 1804 1682 1850 contempserint,
1716 1817 1849 1851 poenam

1096 1852 1203 1887 tertiae
1220 1853 1317 1900 partis
1339 1852 1435 1887 debiti
1459 1853 1623 1888 incurrant
1645 1853 1850 1889 irremissibi-

1095 1902 1165 1936 liter
1177 1915 1214 1937 eo
1238 1904 1318 1950 ipso
1334 1902 1473 1938 Abbates
1491 1911 1594 1938 autem
1607 1911 1638 1938 et
1652 1903 1702 1938 alii
1719 1904 1849 1959 praelati

1095 1952 1256 1999 religionis
1283 1952 1438 1993 eiusdem,
1462 1953 1488 1987 si
1518 1961 1587 2000 post
1608 1954 1848 2000 requisitionem

1094 2002 1290 2038 consimilem
1312 2002 1388 2037 infra
1413 2015 1554 2038 mensem
1567 2003 1748 2039 satisfacere
1770 2017 1848 2039 con-

1095 2054 1294 2099 tempserint,
1309 2053 1473 2087 incurrant
1497 2065 1629 2100 poenam
1646 2053 1844 2090 consimilem

1096 2101 1164 2148 ipso
1191 2102 1282 2137 facto.
1311 2103 1350 2137 Et
1381 2103 1406 2138 si
1429 2102 1557 2138 abbates
1584 2111 1614 2137 et
1640 2103 1693 2138 alii
1717 2104 1846 2151 praelati

1095 2155 1275 2192 huiusmodi
1301 2170 1356 2205 per
1376 2157 1471 2192 alium
1496 2169 1637 2192 mensem
1660 2168 1846 2205 sequentem

1093 2212 1213 2246 solvere
1236 2225 1297 2247 non
1321 2212 1511 2252 curaverint,
1538 2225 1553 2246 a
1588 2211 1678 2247 stallo
1705 2213 1792 2248 chori
1817 2223 1845 2248 et

1095 2265 1162 2300 loco
1190 2267 1317 2314 capituli
1347 2266 1506 2314 deputatis
1534 2266 1664 2306 eisdem,
1693 2267 1754 2302 sint
1777 2268 1846 2315 ipso

1094 2320 1191 2363 facto,
1229 2329 1260 2356 et
1298 2321 1414 2355 tamdiu
1443 2329 1649 2365 remaneant,
1676 2323 1845 2369 suspensi,

1093 2374 1195 2409 donec
1229 2375 1421 2422 integraliter
1458 2375 1497 2409 de
1541 2375 1648 2409 debito
1684 2383 1714 2409 et
1747 2389 1844 2423 poena

1093 2429 1301 2463 satisfecerint
1329 2429 1521 2470 memoratis,
1547 2429 1630 2464 nulla
1657 2430 1844 2467 remissione

1095 2484 1254 2531 profutura
1288 2483 1421 2519 eisdem.
1468 2484 1501 2518 In
1539 2484 1706 2531 praedictis
1741 2493 1844 2521 tamen

1094 2539 1230 2579 casibus,
1243 2538 1281 2573 de
1295 2539 1459 2586 principali
1476 2539 1580 2573 debito
1603 2539 1771 2580 satisfacto,
1787 2553 1845 2575 an-

1094 2593 1219 2637 tistites,
1247 2593 1374 2627 abbates
1393 2600 1423 2627 et
1445 2593 1494 2627 alii
1515 2593 1641 2641 praelati
1669 2593 1778 2633 libere,
1803 2595 1844 2630 in-

1094 2648 1225 2683 feriores
1253 2659 1326 2682 vero
1349 2647 1387 2683 de
1409 2660 1540 2682 suorum
1569 2648 1691 2684 licentia
1715 2649 1844 2699 praela-

1858 261 1903 282 Αιι.
1924 264 1952 283 1,,

1974 259 2020 283 tr,

2024 259 2039 282 ¹3
