2274 3265
207 252 256 278 An.
275 251 303 278 Cr
325 251 390 278 1336

455 240 523 274 580
980 247 1166 270 tietmarum

406 307 491 342 tibus
503 313 532 339 et
547 305 694 350 expensis
706 302 914 337 conventibus
925 302 963 337 ud
977 303 1158 348 superiores

405 355 564 390 remittant
580 364 701 387 eorum.
718 351 849 394 Verum
860 352 898 391 5ι
910 360 1052 386 cessante
1064 362 1156 385 causa

406 402 601 445 huiusmodi,
618 402 739 448 primes
752 413 806 434 seu
825 379 873 434 alii
889 400 1157 435 ⁵tdrniuistratures

406 452 557 499 praedicti
581 452 755 485 recusarint
776 449 941 484 admittere
963 449 1099 504 aliquem
1119 447 1156 482 ad

405 515 439 537 se
462 501 591 535 missum
623 499 668 535 vel
697 501 742 535 eis
769 499 865 533 sullr«
861 508 959 533 tenter
983 500 1012 532 iu
1042 509 1157 531 ueces-

405 550 497 586 sr⁵rriis
533 548 718 596 providere
751 548 869 583 tamdiu
909 548 1002 582 iidem
1041 546 1159 592 priores

405 612 459 634 seu
478 598 747 634 administratores
780 597 809 631 ιιι
837 597 972 631 claustro
996 594 1157 641 principali

406 647 579 686 Ecclesiae
604 646 783 681 monasterii
807 658 862 680 seu
880 645 937 679 loci
961 644 997 678 ad
1027 643 1157 678 modum
1200 641 1236 674 ad

406 695 622 732 claustralium
669 695 831 742 sequendo
880 693 1052 740 capitulum
1104 704 1157 726 seu

407 753 594 781 conventum
619 744 816 779 residentiam
855 744 955 776 facere
983 749 1159 784 teneantur,

407 795 444 829 ad
472 794 731 847 gubernationem
762 793 900 827 locorum
923 790 982 824 sibi
1016 790 1159 824 commis

408 856 514 878 sorum
536 856 589 889 per
613 842 792 888 superiores
813 839 1000 886 praelteros,
1019 839 1160 872 monacis

407 892 476 926 aliis
499 892 623 926 idoneis
651 902 713 925 uno
742 890 787 923 vel
817 888 969 935 pluribus
995 896 1085 934 prout
1107 900 1160 921 su-

410 940 585 987 perioribus
615 940 691 993 ipsis
715 938 871 972 videbitur
892 936 1086 981 subrogatis
1109 935 1162 970 do-

410 1003 466 1023 nec
488 989 560 1023 dicti
578 1000 697 1042 prvores
714 999 769 1021 seu
786 986 1054 1020 administratores
1071 986 1160 1031 plene

410 1038 569 1084 paruerint
597 1038 626 1071 in
657 1035 855 1082 praemissis3
882 1034 975 1068 salvis
1000 1033 1161 1067 nibilomi-

410 1099 468 1121 nus
489 1087 558 1120 aliis
590 1084 829 1120 rationabilibus
851 1083 959 1129 poenis
986 1083 1110 1117 statutis
1133 1092 1161 1117 et

410 1134 690 1169 consuetudinibus
727 1133 803 1168 tales
846 1132 891 1166 iel
926 1132 1003 1166 alios
1047 1131 1162 1166 inobe-

410 1184 532 1218 dientes
556 1185 584 1217 in
613 1182 866 1229 quibuscumque
895 1181 1092 1215 monasteriis
1116 1181 1161 1215 rel

411 1233 516 1266 locis
511 1233 610 1279 ipsius
625 1231 745 1266 ordinis
765 1230 810 1264 vel
832 1229 990 1276 religionis
1010 1229 1162 1264 hactenus

412 1281 594 1316 observatis
623 1280 744 1315 Monaci
772 1288 876 1314 autem
910 1278 938 1312 in
974 1279 1163 1325 prioratibus

411 1343 466 1364 seu
482 1329 805 1365 administrationibus
814 1340 885 1362 cum
901 1326 992 1361 d'ictis
1008 1328 1164 1373 pr⁵ioribus

412 1391 466 1413 sen
512 1377 819 1413 administratoribus
857 1385 1090 1411 commorantes
1132 1377 1162 1411 iu

413 1427 553 1462 Ecclesia
582 1428 647 1461 ltori
653 1439 667 1460 s
687 1427 837 1473 congruis
863 1433 893 1459 et
920 1425 995 1458 locis
1017 1438 1089 1459 cum
1113 1426 1162 1459 di

413 1478 470 1510 etis
498 1476 654 1530 prioribus
690 1488 744 1509 seu
779 1474 1088 1509 administratoribus
1127 1475 1162 1509 si

414 1525 478 1559 mul
499 1526 574 1568 sint,
601 1534 632 1559 et
658 1524 823 1559 canonicas
855 1524 946 1557 boras
973 1523 1088 1557 dicant.
1123 1523 1163 1559 Et

414 1576 444 1607 ιιι
478 1574 582 1608 missis
615 1572 812 1607 celebrandis
843 1585 916 1607 suas
951 1571 1164 1607 hebdomadas

413 1622 578 1661 ordinare,
605 1634 640 1656 ac
674 1622 818 1661 tractim,
853 1633 913 1655 uon
946 1620 1162 1667 sincopando,

414 1672 573 1705 humiliter
586 1679 614 1705 et
631 1671 741 1704 devote
757 1678 787 1704 et
805 1670 889 1704 boris
909 1669 1164 1716 competentibus

413 1729 530 1755 etcum
555 1727 637 1758 nota,
656 1719 707 1753 ubi
737 1719 851 1753 suerint
874 1728 935 1753 tres
958 1718 1003 1752 vel
1028 1727 1164 1765 quatuor

414 1783 468 1803 seu
493 1769 610 1815 plures,
631 1768 731 1802 facere
747 1775 923 1807 teneantur,
946 1776 975 1802 et
993 1767 1022 1801 in
1047 1767 1163 1802 talibus

414 1819 489 1853 locis
505 1818 555 1852 ubi
571 1825 632 1852 tres
653 1818 714 1852 sint
731 1821 775 1861 rt)
791 1825 843 1851 aut
871 1830 963 1863 supra
987 1826 1071 1857 sunt,
1102 1830 1161 1852 una

415 1881 468 1914 per
495 1880 548 1902 eos
580 1868 676 1902 missa
710 1867 747 1901 ad
778 1867 882 1900 miuus
909 1879 980 1901 cum
1010 1877 1081 1901 nota
1111 1868 1160 1902 die

414 1916 552 1963 qualibet
579 1917 763 1951 celebretur.
790 1917 823 1950 lu
854 1929 1042 1963 unaquaque
1067 1916 1161 1951 domo

414 1968 573 2001 communi
587 1966 783 2011 regularibus
799 1967 918 2000 iaceant
929 1969 985 2009 (⁹2),
996 1967 1163 2002 camerrrlis

414 2025 444 2050 et
459 2016 579 2050 cellulis
594 2016 639 2051 eis
662 2017 787 2062 penitus
810 2015 996 2051 interdictis.
1017 2017 1051 2050 ln
1068 2017 1161 2052 domo

415 2067 541 2111 insuper
578 2078 635 2099 una
674 2066 756 2111 prior
779 2076 808 2099 et
836 2067 957 2100 monaci
987 2075 1162 2105 vescantur,

416 2116 473 2148 uisi
499 2115 661 2149 infirmitas
683 2123 735 2148 aut.
752 2115 810 2149 alia
833 2114 961 2149 evidens
986 2116 1060 2149 ratio
1077 2116 1161 2149 aliud

416 2163 572 2197 interdum
595 2164 729 2198 suaserit
757 2163 946 2198 laciendum.
977 2164 1009 2197 ln
1039 2165 1162 2209 restitu,

416 2213 614 2247 lectisterniis
629 2221 658 2247 et
673 2221 811 2251 tonsura,
834 2226 850 2247 a
874 2213 1033 2247 communi
1058 2213 1163 2249 Eccle-

416 2263 501 2300 siae,
538 2263 716 2296 monasterii
752 2275 808 2296 seu
837 2263 894 2296 loci
931 2262 1161 2309 cuiuscumque

415 2312 541 2345 alterius
575 2311 792 2357 superioribus
820 2312 1004 2346 eorumdem
1038 2312 1163 2346 iustitu-

417 2362 499 2394 tione
522 2361 568 2394 rel
587 2361 689 2394 debita
710 2361 905 2395 observantia
927 2374 987 2395 303
1005 2361 1161 2395 recedant.

417 2409 536 2444 Munaci
560 2422 687 2456 quoque
710 2423 766 2444 suo
791 2411 883 2456 priori
901 2411 945 2445 vel
966 2411 1163 2445 administra-

416 2458 472 2492 tori
490 2459 573 2493 iuxta
597 2460 825 2494 ordinationem
849 2461 1010 2499 antistitis,
1041 2460 1165 2495 abbatis

418 2509 461 2541 vel
485 2510 653 2554 superioris
681 2509 810 2543 alterius
833 2509 980 2543 obediant
1003 2510 1162 2544 humiliter

452 2578 491 2608 (1)
508 2579 656 2611 Legemlum
674 2579 761 2605 sor-san
781 2584 831 2605 tres
852 2582 929 2605 simul
939 2584 984 2605 rrrr!
997 2590 1078 2612 snpra
1098 2584 1163 2608 xi'nl.

453 2614 490 2645 (ἢ)
507 2613 663 2640 Atlrleridrrm
681 2614 791 2641 sortasse
808 2617 916 2642 lectulis.

1195 245 1355 268 ROMANUM

1197 309 1226 334 et
1253 300 1374 334 devote.
1400 299 1488 333 Prior
1511 306 1615 332 autem
1638 298 1685 332 vel
1708 298 1945 333 administrator

1199 349 1282 394 ipsos
1305 355 1413 382 tractet
1430 347 1562 382 fraterna
1587 347 1617 381 in
1635 346 1770 381 Domino
1797 348 1922 382 caritate
1941 362 1947 387 ;

1200 409 1256 431 nec
1285 397 1341 442 ipsi
1367 397 1487 443 priores
1504 407 1559 430 seu
1587 395 1856 430 administratores
1870 409 1945 431 mo-

1200 457 1293 479 nacos
1320 446 1366 480 vel
1404 457 1512 480 eorum
1541 444 1643 479 socios
1670 452 1756 479 extra
1793 444 1946 490 prioratus

1201 495 1246 528 vel
1288 494 1579 529 administrationes
1611 494 1725 528 morari
1755 493 1869 528 faciant
1896 494 1942 529 vel

1202 543 1407 589 permittant,
1441 551 1495 578 ant
1526 555 1542 577 a
1566 555 1600 577 se
1634 543 1793 577 remittere
1827 542 1948 577 valeant

1200 592 1318 646 ¹rbsque
1341 593 1541 639 superiorum
1570 604 1700 626 snorum
1729 591 1867 629 licentia,
1887 592 1946 625 nisi

1266 642 1350 688 ipsos
1378 642 1559 688 superiores
1576 640 1620 675 vel
1644 640 1813 683 Ecclesiam,
1836 652 1948 675 mona-

1200 691 1293 724 steria
1321 702 1375 724 seu
1403 690 1462 724 alia
1485 690 1551 724 loca
1580 689 1762 736 principalia
1790 701 1826 724 ex
1854 701 1947 724 causa

1202 739 1336 784 legitima
1355 747 1386 774 et
1407 751 1479 774 cum
1499 751 1608 773 eorum
1638 739 1775 785 priorum
1813 750 1868 772 seu
1893 738 1950 773 ad-

1202 788 1449 823 ministratorum
1479 787 1658 834 patentibus
1687 787 1783 821 literis
1805 795 1835 821 et
1858 795 1947 834 prout

1201 837 1348 883 superius
1369 846 1415 871 est
1431 849 1615 883 expressum
1633 850 1640 877 3
1665 836 1789 883 proviso
1811 835 1951 882 diligen-

1202 886 1262 920 tius
1277 885 1359 932 quod
1383 886 1458 920 dicti
1481 886 1599 932 priores
1612 886 1657 920 vel
1680 885 1950 920 administratores

1202 935 1257 969 soli
1277 947 1338 969 uon
1361 944 1541 968 remaneant
1564 935 1593 968 in
1616 934 1735 969 eisdem
1761 934 1950 980 prioratibus

1204 984 1248 1017 vel
1262 983 1596 1018 administrationibus.
1612 982 1678 1017 lrno
1691 982 1728 1017 ad
1749 982 1948 1017 residendum

1203 1032 1243 1065 ibi
1272 1033 1421 1067 continue
1443 1032 1633 1078 compellant
1655 1043 1805 1066 monacos
1826 1031 1950 1066 antedi-

1203 1090 1280 1121 ctos,
1304 1090 1334 1116 et
1356 1082 1380 1115 si
1404 1082 1450 1116 eis
1465 1081 1592 1115 obedire
1616 1080 1785 1120 noluerint,
1807 1080 1950 1126 superio-

1204 1131 1290 1164 ribus
1312 1131 1473 1165 notificent
1488 1130 1627 1165 indilate.
1652 1129 1802 1176 Idemque
1824 1129 1949 1168 saciant,

1203 1180 1329 1226 quando
1357 1180 1434 1213 mori
1457 1179 1502 1213 vel
1531 1179 1677 1226 fugitivos
1700 1179 1763 1213 fieri
1794 1179 1953 1225 continget

1205 1241 1354 1263 monacos
1382 1228 1582 1275 praelibatos,
1604 1227 1686 1262 diem
1711 1228 1821 1261 mortis
1843 1239 1951 1262 eorum

1205 1278 1233 1310 iu
1257 1279 1322 1311 suis
1345 1277 1441 1311 literis
1455 1277 1673 1324 exprimendo,
1691 1284 1724 1310 ut
1744 1276 1773 1310 in
1787 1276 1953 1319 Ecclesiis,

1205 1327 1402 1361 monasteriis
1435 1339 1489 1360 seu
1519 1326 1598 1360 locis
1629 1326 1700 1360 aliis
1729 1325 1952 1372 principalibus

1207 1388 1261 1421 pro
1283 1376 1386 1409 anima
1411 1376 1531 1409 monaci
1550 1375 1689 1409 defuncti
1714 1375 1788 1408 liant
1807 1373 1953 1420 suffragia

1204 1433 1377 1463 eonsueta;
1409 1437 1445 1458 ac
1471 1424 1554 1458 diem
1581 1425 1672 1458 etiam
1697 1423 1788 1469 fugae
1816 1435 1871 1457 seu
1900 1435 1954 1458 re-

1204 1485 1312 1507 cessus
1335 1485 1443 1507 eorum
1460 1500 1467 1512 ‚
1491 1483 1522 1506 ut
1545 1473 1692 1518 fugitivos
1721 1473 1840 1506 valeant
1864 1484 1954 1507 revo-

1204 1534 1274 1556 care
1308 1534 1362 1556 serr
1393 1522 1461 1556 loco
1489 1522 1628 1569 ipsorum
1656 1521 1733 1555 alios
1770 1520 1953 1567 subrogare.

1204 1570 1295 1612 Quod
1320 1572 1342 1604 si
1366 1570 1442 1605 dum
1479 1571 1580 1618 primo
1603 1570 1632 1604 id
1660 1570 1830 1613 sciverint,
1852 1582 1954 1616 supe—

1206 1620 1340 1654 rioribus
1364 1620 1510 1665 praelatis
1536 1619 1715 1665 significare
1750 1618 1954 1663 distulerint,

1206 1669 1264 1714 ipsi
1299 1669 1420 1715 priores
1443 1669 1487 1703 vel
1515 1668 1786 1703 administratores
1820 1667 1953 1714 duplum

1205 1717 1342 1756 illorum,
1367 1730 1447 1764 quae
1470 1730 1634 1761 monacus,
1651 1717 1677 1752 si
1701 1717 1810 1751 fuisset
1825 1716 1954 1761 ibidem,

1204 1766 1405 1811 expendisset
1416 1779 1471 1813 pro
1481 1766 1779 1813 pitantia,capitulo.
1795 1765 1954 1801 Ecclesiae

1207 1815 1251 1849 vel
1274 1824 1446 1850 conventus
1470 1816 1650 1851 monasterii
1674 1827 1729 1850 seu
1747 1815 1806 1849 loci
1827 1815 1954 1850 alterius

1205 1864 1384 1910 principalis
1411 1865 1532 1899 solvere
1555 1873 1731 1899 teneantur.
1755 1864 1869 1899 Certos
1895 1877 1953 1899 au-

1205 1922 1265 1947 tem
1291 1914 1405 1948 limites
1436 1927 1451 1948 a
1481 1914 1584 1960 priore
1620 1914 1665 1949 vel
1701 1914 1956 1950 administratore

1206 1963 1372 2009 praedictis
1395 1965 1546 2010 praefixos
1575 1965 1632 2011 ipsi
1661 1965 1783 1999 monaci
1809 1964 1955 2009 babeant,

1204 2026 1285 2060 quos
1314 2015 1405 2048 etiam
1430 2027 1522 2049 causa
1546 2014 1745 2049 deductionis
1767 2026 1823 2048 seu
1848 2027 1956 2050 recre—

1204 2063 1335 2102 ationis,
1368 2063 1414 2097 vel
1449 2064 1523 2098 alias
1550 2063 1722 2109 transgredi
1750 2064 1797 2098 eis
1826 2076 1888 2098 non
1916 2065 1955 2098 li-

1205 2120 1273 2146 ceat
1299 2113 1366 2146 sine
1403 2113 1515 2158 prioris
1540 2113 1586 2147 vel
1622 2112 1887 2148 administratoris
1915 2113 1954 2147 li-

1205 2162 1306 2196 centia
1339 2162 1479 2208 speciali.
1515 2162 1580 2197 Soti
1617 2174 1745 2209 quoque
1780 2175 1953 2209 numquam

1205 2211 1363 2252 incedant,
1394 2211 1447 2245 sed
1480 2224 1605 2258 semper
1634 2223 1707 2246 cum
1736 2211 1795 2245 alio
1824 2224 1955 2247 monaco

1206 2261 1250 2293 vel
1270 2261 1327 2294 alia
1352 2261 1481 2295 lrouesta
1505 2273 1648 2306 persona.
1665 2260 1699 2294 ln
1725 2261 1793 2295 villa
1820 2273 1901 2300 vero,
1923 2262 1953 2296 in

1205 2321 1264 2353 qua
1293 2309 1406 2344 fuerint
1435 2311 1591 2356 prioratus
1606 2310 1651 2344 vel
1667 2309 1955 2346 administrationes

1206 2358 1399 2402 huiusmodi⁷
1427 2359 1593 2394 comedere
1615 2372 1670 2393 serr
1699 2359 1805 2394 bibere
1829 2359 1873 2394 vel
1895 2360 1955 2394 do—

1206 2420 1274 2442 mos
1302 2409 1422 2454 ingredi
1451 2421 1512 2443 non
1542 2417 1763 2455 praesumant,
1793 2410 1850 2444 nisi
1882 2423 1953 2445 cum

1207 2457 1346 2491 bonestis
1369 2459 1522 2503 personis,
1554 2467 1583 2492 et
1613 2458 1672 2492 boc
1694 2459 1732 2493 de
1759 2459 1807 2493 sni
1843 2460 1956 2505 prioris

1207 2506 1252 2540 vel
1281 2506 1542 2542 administratoris
1573 2506 1697 2543 licentia
1725 2507 1864 2554 speciali.
1892 2509 1955 2550 Qut

1206 2565 1309 2589 autem
1348 2557 1516 2601 praemissa
1550 2557 1679 2592 minime
1701 2557 1954 2601 observaverint,

1208 2605 1340 2650 regulari
1370 2605 1549 2640 subiaceant
1574 2606 1766 2653 disciplinae.
1796 2606 1835 2640 Ut
1850 2614 1954 2641 antem

1964 244 2012 270 An.
2031 243 2058 269 C.
2081 243 2147 269 ¹356

2262 2613 2274 2731 ‘ssss-
2263 2524 2274 2597 -ἒ
