2274 3265
224 281 273 306 An.
286 278 312 306 c.
336 278 400 304 ¹303

242 1854 352 1874 Doctorum

229 1884 353 1906 scholarium
366 1885 411 1910 pri-

229 1915 304 1942 ringis

471 266 533 298 ¹70

417 330 525 378 probet
548 329 592 363 vel
633 326 787 374 reprobet,
813 323 990 360 secuudum
1027 322 1156 358 modum

417 386 446 419 in
473 383 623 429 episcopo
646 387 872 428 praetaxatum.

465 441 479 481 g
503 439 533 471 5.
558 435 604 470 lili
631 442 754 475 autem,
781 433 834 481 qui
868 433 899 468 in
927 432 1050 468 civitate
1073 443 1159 479 prae·

235 491 499 534 (imminuitur-dicia
522 489 686 526 examinati
714 498 743 524 et
778 487 940 536 approbati
962 486 1088 530 fuerint,
1123 498 1159 521 ac

223 531 303 557 probati
317 528 403 549 ubilibet

223 565 308 588 potsunt
324 560 395 585 legere
417 545 550 580 docendi

574 543 732 580 licentiam
755 542 965 581 obtinuerint,
988 548 1021 575 ut
1043 548 1091 575 est
1114 539 1161 575 di-

417 608 514 641 ctum,
541 611 578 635 ex
602 607 676 634 tunc
707 598 825 646 absque
860 595 1091 631 examinatione
1112 595 1159 630 vel

417 653 640 700 approbatione
683 653 742 688 alia
787 650 910 698 legendi
953 657 984 683 et
1025 648 1158 684 docendi

417 707 533 755 ubique
565 708 594 742 in
633 707 778 742 facultate
808 705 869 745 illa,
904 704 933 738 in
962 714 1023 750 qua
1046 702 1160 737 fuerint

416 761 592 808 approbati,
616 761 737 808 plenam
757 768 787 796 et
808 759 938 794 liberam
969 757 1104 792 habeant
1122 756 1160 791 fa-

416 817 582 860 cultatem,
616 828 672 851 nec
699 828 713 849 a
751 825 910 862 quoquam
946 811 1063 847 valeant
1095 822 1161 858 pro-

418 869 530 904 biberi.

466 928 481 967 ἓ
509 927 540 960 6.
570 924 652 959 Sane
681 932 711 959 ut
742 924 798 958 rite
825 923 854 956 in
891 922 950 956 iam
975 921 1067 956 dictis
1089 933 1162 956 exa-

333 987 381 1000 ¹¹¹¹¹¹
419 978 643 1014 minationibus
685 976 891 1026 procedatur,
932 976 1162 1023 praecipimus,

223 1020 233 1031 a
275 1013 404 1032 elutuiusslss-

224 1051 238 1063 ιι
257 1048 277 1063 u?
294 1046 404 1068 praestan-

420 1040 450 1066 ut
475 1033 613 1079 magistri
643 1033 744 1080 legere
774 1032 802 1066 in
834 1030 943 1066 eodem
980 1029 1092 1066 Studio
1113 1043 1162 1066 cu·

419 1088 561 1134 pientes,
595 1095 763 1135 antequam
800 1086 968 1133 incipiant,
1005 1092 1162 1133 praestent

420 1141 543 1188 publice
566 1142 789 1181 iuramentum,
812 1139 896 1188 quod
921 1140 978 1187 ipsi
1001 1139 1101 1175 vocati
1124 1139 1162 1175 ad

419 1196 665 1232 examinationes
698 1195 823 1231 easdem
864 1193 1069 1242 personaliter
1107 1206 1163 1229 ve-

420 1250 517 1289 nient,
546 1250 605 1285 nisi
638 1249 754 1285 fuerint
777 1248 915 1295 legitimo
938 1247 1164 1294 impedimento

419 1304 548 1345 detenti,
578 1313 608 1340 et
629 1305 737 1351 gratis,
770 1303 839 1339 sine
870 1301 1064 1342 difficultate,
1092 1301 1164 1337 odio

419 1366 449 1391 et
470 1370 575 1393 amore
599 1358 797 1406 postpositis,
820 1356 939 1392 dabunt
961 1356 1162 1391 examinatori

421 1411 511 1446 fidele
533 1413 711 1452 consitium,
745 1419 777 1447 ut
799 1411 837 1446 de
864 1410 1049 1446 examinatis
1075 1409 1163 1456 digni

420 1466 585 1514 approbari
612 1466 760 1506 debeant,
784 1473 813 1500 et
834 1464 954 1511 indigni
979 1465 1090 1500 merito
1114 1476 1166 1500 re-

422 1520 557 1566 probari.
581 1520 644 1563 Qui
668 1533 739 1555 vero
756 1520 965 1555 iuramentum
982 1518 1164 1554 huiusmodi

422 1583 579 1620 praestare
607 1575 786 1619 noluerint,
822 1586 880 1609 uec
903 1573 939 1608 ad
976 1573 1165 1620 legendum,

421 1640 478 1662 nec
501 1628 539 1664 ad
558 1628 804 1664 examinationes
827 1628 965 1673 easdem,
993 1640 1051 1664 nec
1072 1630 1165 1666 etiam

421 1682 458 1716 ad
481 1682 583 1730 aliqua
607 1684 821 1719 universitatis
843 1683 942 1730 ipsius
964 1681 1069 1718 Studii
1085 1697 1169 1720 com-

424 1736 515 1770 moda
538 1737 585 1772 vel
602 1737 753 1773 beneficia
774 1737 931 1773 ullatenus
953 1737 1165 1773 admittantur.

472 1795 486 1834 ξ
515 1793 544 1824 7.
573 1791 615 1826 Ut
648 1801 750 1826 autem
776 1792 920 1827 doctores
947 1799 978 1826 et
1011 1792 1170 1828 scholares

426 1844 592 1891 praedicti,
628 1858 665 1881 eo
687 1845 835 1880 libentius
859 1846 979 1880 valeant
1008 1846 1170 1882 intendere

426 1898 554 1943 Studio,
589 1911 625 1935 ac
659 1900 811 1948 prolicere
847 1900 876 1934 in
905 1899 1016 1934 eodem
1049 1912 1110 1947 quo
1137 1913 1170 1935 se

428 1954 565 1987 munitos
596 1955 781 2001 agnoverint
811 1955 909 2000 gratia
932 1963 962 1988 et
984 1954 1098 1994 favore,
1126 1956 1172 1990 eis

429 2008 610 2043 anctoritate
633 2008 793 2056 praedicta
808 2008 1024 2052 concedimus,
1047 2018 1079 2043 nt
1096 2008 1170 2043 dum

429 2062 611 2096 huiusmodi
639 2062 752 2098 Studio
780 2062 922 2097 docendo
946 2062 991 2095 vel
1016 2062 1173 2097 audiendo

430 2121 576 2156 duxerint
591 2122 813 2167 insistendum,
828 2121 976 2156 omnibns
991 2122 1173 2169 privilegiiS,

430 2179 625 2215 libertatibus
662 2190 691 2216 et
727 2180 977 2215 immunitatibus
1016 2182 1175 2216 concessis

430 2239 609 2274 doctoribus
632 2250 661 2275 et
691 2239 887 2275 scholaribus
921 2240 951 2274 in
986 2239 1098 2274 studiis
1125 2253 1175 2287 ge-

432 2297 588 2333 neralibus
629 2299 899 2334 commorantibus
949 2299 1107 2346 gaudeant
1147 2307 1177 2334 et

433 2366 568 2393 utantur.

481 2416 564 2451 Nulli
605 2429 678 2464 ergo
716 2418 846 2452 omnino
885 2417 1050 2452 hominum
1088 2417 1177 2453 liceat

434 2477 513 2512 hanc
536 2478 681 2527 paginam
704 2487 756 2512 etc.
779 2477 813 2512 Si
836 2478 905 2524 quis
927 2486 979 2512 etc.

483 2536 552 2571 Dat.
574 2537 735 2584 Anagniae
757 2537 816 2572 kal.
852 2537 930 2575 iulii,
964 2546 1049 2584 pont.
1080 2537 1176 2572 nostri

435 2608 515 2630 anno
536 2608 583 2631 lx.

490 2657 550 2688 Dat.
574 2659 619 2688 die
640 2661 651 2689 'l
678 2659 742 2689 iulii
759 2659 845 2696 1303,
865 2659 966 2699 pontif.
989 2667 1065 2688 anno
1088 2666 1124 2687 tx.

990 268 1174 293 autunum
1197 265 1357 289 hommum

1520 315 1619 350 xxtl.

1201 401 1361 445 Philippus
1387 399 1508 432 Galliae
1529 409 1596 436 rex,
1618 396 1771 430 enarratis
1797 406 1875 440 quae
1903 395 1942 428 ab

1247 462 1279 483 eo
1305 456 1387 494 qesta
1408 455 1489 491 sunt,
1516 447 1651 493 fidelium
1672 452 1755 481 coetu
1790 444 1944 488 sacrisque

1247 506 1418 544 seqreqatus
1440 498 1615 531 declaratur
1641 497 1696 539 (1).

1463 573 1674 606 SUMMARIUM

1202 643 1377 674 Potestatem
1403 648 1430 673 et
1461 642 1633 680 dignitatem
1656 639 1734 670 Petri
1763 639 1946 670 successoris

1241 689 1367 728 exponit.
1385 705 1424 711 —
1443 688 1468 717 t.
1492 685 1715 717 Mansuetudine
1734 694 1765 715 se
1788 693 1853 714 cum
1873 682 1945 715 Phi-

1241 732 1320 772 lippo
1343 741 1429 762 usum
1447 731 1561 762 asserit.
1580 747 1618 753 —
1639 730 1666 760 Ξ,
1684 728 1757 759 Eum
1780 729 1810 759 in
1832 737 1948 759 excom-

1241 776 1471 806 municationem
1487 780 1586 806 contra
1602 774 1771 814 Romipetas
1787 772 1948 812 spoliantes

1241 820 1327 851 latam
1350 820 1522 850 incurrisse.
1544 837 1582 842 —
1599 819 1679 855 Quae
1705 818 1750 848 lex
1768 827 1782 847 a
1799 817 1948 848 Bonitacio

1242 865 1410 895 confirmata
1441 864 1535 895 fuerat
1561 869 1589 894 et
1610 863 1758 904 ampliata.
1779 879 1818 886 —
1839 862 1947 902 Regem

1242 909 1331 939 multa
1355 914 1454 939 contra
1483 908 1650 947 Romipetas
1672 908 1867 945 commisisse,
1889 907 1950 947 epi-

1243 963 1349 994 scopos
1372 963 1438 984 vero
1471 963 1506 984 ne
1539 953 1659 983 Romam
1682 953 1815 983 venirent
1844 952 1949 992 prohi-

1242 999 1352 1029 buisse.
1384 1016 1423 1022 -
1455 999 1481 1029 3.
1513 998 1610 1034 Quare
1636 998 1760 1029 missum
1792 999 1887 1029 eidem
1921 997 1950 1028 S.

1243 1043 1372 1074 Marcelli
1398 1043 1576 1073 cardinalem
1596 1043 1646 1082 qui
1672 1042 1886 1072 absolutionem
1909 1041 1952 1071 os-

1244 1088 1340 1117 serret.
1355 1105 1394 1110 -—
1410 1088 1437 1118 4.
1461 1087 1600 1124 Legatum
1616 1087 1697 1124 regio
1715 1086 1811 1116 banno
1830 1085 1950 1116 subiicit

1243 1132 1413 1172 Philippus:
1437 1148 1476 1154 -
1492 1130 1642 1161 Canonum
1666 1131 1764 1170 itaque
1787 1129 1951 1160 sententias

1244 1176 1330 1207 debet
1356 1185 1506 1216 expavere.
1528 1192 1567 1197 —
1592 1175 1619 1205 5.
1640 1174 1748 1205 Maiora
1775 1173 1882 1205 deinde
1903 1181 1953 1213 pa-

1245 1226 1339 1252 trasse
1363 1221 1501 1251 facinora.
1524 1237 1561 1242 —
1584 1219 1612 1250 6.
1634 1218 1883 1251 Columnensibus
1902 1227 1954 1258 pu-

1245 1266 1321 1297 blice
1344 1266 1427 1297 favet:
1440 1283 1478 1289 —
1495 1267 1520 1296 7.
1536 1265 1608 1296 Eum
1630 1264 1729 1304 itaque
1741 1265 1771 1294 in
1783 1272 1953 1294 excommu-

1244 1311 1421 1341 nicationem
1445 1320 1458 1340 a
1479 1309 1643 1340 canonibus
1665 1309 1753 1340 latam
1781 1307 1954 1338 incurrisse:

1243 1372 1282 1377 —
1297 1354 1421 1395 Ipsoque
1434 1355 1497 1384 iure
1514 1353 1648 1384 subditos
1664 1352 1699 1383 ab
1719 1353 1798 1383 omni
1814 1351 1955 1382 fidelitate

1246 1408 1311 1438 erga
1342 1408 1408 1429 eum
1433 1408 1498 1429 esse
1530 1398 1651 1428 liberos.
1681 1414 1720 1420 —
1751 1397 1777 1427 8.
1807 1395 1953 1427 Beneficia

1245 1444 1339 1483 siquis
1368 1443 1403 1473 ab
1427 1453 1460 1473 eo
1479 1443 1634 1481 acceperit,
1656 1442 1819 1471 invasorem
1842 1439 1955 1471 beneti-

1246 1488 1358 1518 ciorum
1373 1488 1543 1518 eorumdem
1563 1487 1703 1517 declarat:
1725 1502 1764 1508 —
1785 1484 1953 1524 Omnesque

1246 1532 1517 1562 confoederationes
1536 1541 1602 1561 cum
1620 1531 1685 1570 ipso
1701 1531 1789 1561 initas
1805 1529 1953 1561 invalidat.

1247 1594 1283 1599 —
1315 1578 1342 1608 9.
1365 1577 1538 1608 Processum
1572 1577 1649 1607 hunc
1681 1585 1713 1606 se
1735 1574 1953 1615 publicaturum

1247 1622 1326 1652 dicit.

1253 1689 1406 1719 Bonifacius
1425 1690 1566 1726 episcopus
1584 1696 1680 1718 servus
1698 1695 1838 1718 servorum
1855 1687 1910 1721 Dei,

1343 1740 1376 1768 ad
1405 1741 1562 1776 perpetuam
1585 1740 1625 1767 rei
1654 1738 1819 1767 memoriam.

1260 1804 1363 1850 Super
1402 1802 1486 1837 Petri
1516 1801 1625 1844 Solio,
1664 1801 1787 1836 excelso
1820 1800 1955 1841 throno,

1211 1852 1317 1887 divina
1344 1852 1550 1900 dispositione
1577 1850 1741 1893 sedentes,
1763 1849 1850 1884 Illius
1873 1848 1957 1884 vices

1211 1903 1362 1949 gerimus,
1398 1902 1447 1936 cui
1469 1913 1524 1949 per
1549 1900 1675 1935 Patrem
1699 1899 1828 1934 dicitur:
1858 1897 1958 1933 Filius

1213 1965 1302 1987 meus
1324 1964 1358 1986 es
1376 1958 1420 1992 tu,
1447 1963 1506 1997 ego
1527 1949 1620 1984 hodie
1641 1949 1734 1996 genui
1761 1957 1806 1984 te:
1830 1947 1958 1983 Postula

1213 2015 1229 2037 a
1251 2014 1319 2042 me,
1347 2010 1376 2035 et
1412 2000 1492 2035 dabo
1515 1999 1571 2034 tibi
1601 2007 1709 2047 gentes
1736 1997 1958 2033 haereditatem

1214 2060 1297 2086 tuam
1321 2059 1351 2085 et
1373 2051 1606 2098 possessionem
1631 2058 1714 2084 tuam
1737 2048 1886 2083 terminos
1902 2055 1960 2082 ter-

1216 2113 1289 2136 rae:
1312 2100 1416 2147 Reges
1437 2112 1491 2135 eos
1514 2101 1542 2135 in
1566 2100 1652 2146 virga
1683 2098 1793 2138 ferrea,
1827 2106 1857 2132 et
1884 2105 1960 2131 tam-

1215 2163 1307 2198 quam
1346 2162 1398 2185 vas
1437 2149 1521 2195 figuli
1561 2148 1740 2194 confringes
1776 2159 1839 2182 eos.
1889 2146 1960 2189 Quo

1217 2213 1394 2241 monemur,
1418 2207 1450 2233 nt
1476 2199 1650 2246 intelligant
1676 2210 1779 2244 reges,
1812 2196 1960 2245 discipli—

1217 2262 1287 2284 nam
1311 2248 1559 2297 apprehendant,
1583 2247 1765 2283 erudiantur
1787 2246 1960 2282 indicantes

1217 2308 1345 2345 terram,
1369 2299 1451 2346 qnod
1480 2299 1614 2333 serviant
1648 2296 1784 2333 Domino
1815 2308 1886 2332 cum
1920 2295 1962 2330 ti-

1218 2362 1325 2390 more,
1352 2358 1382 2383 et
1409 2348 1548 2384 exultent
1574 2349 1602 2383 ei
1636 2359 1708 2383 cum
1736 2355 1889 2387 tremore;
1923 2357 1962 2380 ne

1218 2399 1242 2433 si
1267 2400 1415 2434 irascatur
1437 2398 1616 2447 aliquando,
1645 2406 1790 2446 pereant,
1812 2408 1884 2431 cum
1907 2407 1962 2430 ex-

1219 2450 1329 2484 arserit
1352 2449 1394 2484 ira
1417 2448 1503 2483 Eius.
1535 2448 1673 2495 ideoque
1699 2459 1846 2495 magnum
1874 2445 1963 2480 iudi-

1220 2511 1327 2534 camus
1349 2509 1381 2534 ut
1409 2511 1558 2546 parrum,
1585 2498 1657 2545 quia
1676 2497 1755 2532 Eius
1777 2508 1886 2531 sumus
1914 2495 1964 2529 vi-

1221 2550 1315 2587 carii,
1339 2550 1418 2596 apud
1449 2548 1551 2590 Quem
1586 2559 1789 2595 personarum
1825 2545 1964 2593 acceptio

1222 2621 1294 2687 δι81)
1311 2620 1348 2647 Ex
1371 2620 1499 2647 Leibnitio
1519 2619 1583 2647 cod.
1602 2619 1754 2655 Diplomat.‚
1772 2622 1835 2645 tom.
1857 2627 1886 2650 n,
1904 2625 1964 2653 pag.

1257 2673 1280 2688 a,

1957 258 2004 283 An.
2022 255 2051 282 C.
2070 254 2136 282 ¹305

1987 2203 2115 2224 votestatem
2137 2204 2158 2221 et

1975 2236 2096 2262 dignit-tem
2115 2232 2158 2253 Pe-

1975 2267 2002 2288 tri
2027 2265 2158 2286 successoris

1975 2301 2068 2325 expensi.
