2274 3265
254 254 302 280 An.
320 253 347 279 (ἶ.
366 251 431 276 ¹275

272 1454 395 1480 Imperatum
406 1458 440 1479 po-

260 1488 304 1505 itea
328 1484 352 1504 ab
375 1483 441 1504 1000-

259 1516 328 1535 centio
349 1513 375 1534 lv
391 1513 441 1534 sub-

260 1547 315 1569 ditis,
324 1544 443 1570 utAlphon-

261 1582 283 1596 so
299 1576 368 1596 comiti
384 1574 444 1595 Boto—

261 1608 328 1627 niensi
339 1607 394 1632 regin
403 1605 443 1626 tra-

262 1640 287 1659 tri
302 1638 420 1659 obedirent.

495 242 540 271 30

448 306 550 352 proavi
577 305 623 338 sui
660 304 818 350 prophana
850 301 1033 350 proponitur
1054 300 1188 334 edidisse

448 354 673 401 praesumptio,
709 362 737 386 et
780 364 833 399 per
865 364 944 398 quae
985 361 1188 398 personarum

448 404 584 451 ipsarum
614 402 745 436 iniuriae
766 414 800 435 ac
829 400 1043 435 infamationes
1065 411 1189 445 graves,

447 453 610 487 domorum
634 464 759 499 qnoque
792 451 1004 492 infractiones7
1034 449 1188 483 bonorum

447 502 649 549 spoliationes
687 509 717 535 et
756 500 947 547 direptiones
997 497 1190 544 frequentius

448 550 686 597 eotitingebant;
723 550 790 597 piae
824 549 992 584 memoriae
1019 546 1191 592 Gregorius

448 601 530 647 Papa
555 612 656 636 nouus
679 599 900 646 praedeeessor
927 605 1042 633 noster.
1065 608 1136 629 cum
1152 594 1189 628 ad

450 651 551 696 ipsum
580 649 746 695 praemissa
784 661 838 694 per
864 648 1018 681 clamosae
1045 645 1191 679 insinua—

450 700 542 734 tionis
578 699 734 733 insamiam
768 697 990 739 devenissent,
1024 694 1192 729 intendens

451 757 480 783 et
502 748 641 783 eiusdem
674 747 793 782 Sanc-tii
828 746 918 781 saluti
952 744 1128 786 consulere,
1163 751 1192 775 et

450 798 658 832 Ecclesiarum
695 810 729 831 ac
759 807 960 844 personarum
991 795 1126 840 ipsarum
1145 792 1193 826 iu-

451 847 676 882 demnitatibus
712 857 911 893 praecavere,
947 844 1031 878 dicto
1065 842 1192 876 Sanctio

452 898 531 931 inter
548 896 605 932 alia
633 895 803 930 districtius
826 894 961 928 inhibuit
989 905 1043 939 per
1064 904 1137 926 suas
1157 891 1193 924 li-

452 954 531 981 teras
558 946 728 993 speciales,
763 957 800 979 ne
826 956 881 990 per
906 956 939 977 se
971 942 1015 975 rel
1045 940 1193 975 officiales

451 1004 503 1030 aut
525 995 672 1030 vassallos
690 1005 771 1028 ‘suos
794 1005 942 1039 personas
965 991 1089 1025 easdem
1114 989 1194 1024 inl'a-

451 1057 535 1079 mare
569 1044 615 1079 vel
649 1055 756 1078 earum
784 1043 894 1077 domos
922 1041 1108 1086 iufringere,
1140 1051 1193 1074 seu

450 1094 530 1129 bona
564 1093 700 1141 ipsarum
724 1092 836 1140 quovis
859 1091 951 1125 modo
983 1090 1118 1137 diripere
1146 1096 1194 1123 at-

449 1150 596 1182 tentaret,
630 1143 668 1177 ab
691 1141 871 1177 earumdem
899 1139 1132 1186 gravaminibus
1166 1145 1195 1172 et

450 1192 600 1227 molestiis
621 1191 875 1239 quibuscumque
896 1190 1020 1237 penitus
1039 1188 1197 1223 abstinen-

450 1243 504 1276 do:
527 1250 558 1276 et
579 1242 674 1276 certis
696 1253 790 1287 snper
819 1240 865 1274 liis
887 1238 1112 1285 exequtoribus
1135 1237 1196 1271 ‹le-

453 1292 565 1338 putatis
599 1303 708 1337 graves
742 1289 1002 1324 comminationes
1039 1296 1068 1321 et
1103 1287 1197 1320 duras

452 1341 534 1375 idem
558 1339 732 1386 Gregorius
759 1339 981 1386 praedecessor
1003 1337 1128 1371 adiecit.

502 1390 520 1437 S
543 1393 575 1424 5.
603 1389 800 1424 Recoleudae
821 1389 951 1435 insuper
974 1385 1198 1423 recordatiouis

454 1439 657 1474 Innocentius
694 1438 773 1485 Papa
809 1446 940 1484 quartus
979 1436 1199 1485 praedecessor

457 1497 560 1524 noster
595 1488 730 1535 querelis
764 1486 958 1521 multimodis
991 1495 1021 1521 et
1055 1484 1200 1520 clamosis

456 1538 665 1573 delationibus
692 1537 854 1580 excitatus,
881 1545 909 1571 et
938 1537 1017 1570 inter
1038 1535 1095 1570 alia
1116 1534 1201 1568 intel-

456 1588 548 1631 lecto,
562 1587 646 1635 quod
670 1587 750 1621 idem
770 1586 927 1630 Sanctius,
948 1585 1089 1620 eiusdem
1115 1583 1200 1630 regni

457 1637 683 1684 gubernatione
706 1644 861 1682 suscepta,
883 1636 1041 1670 Ecclesias
1055 1643 1201 1670 0101000-

457 1687 549 1722 steria
576 1686 777 1722 consistentia
805 1686 834 1720 in
862 1685 985 1730 eodem,
1020 1685 1049 1719 in
1078 1696 1202 1731 gravem

458 1737 580 1771 divinae
621 1736 790 1771 maiestatis
815 1735 962 1769 offensam
991 1744 1019 1769 et
1042 1733 1204 1769 conculea-

460 1786 575 1821 tionem
592 1786 819 1821 ecclesiasticae
848 1785 1008 1823 libertatis,
1031 1783 1205 1818 exactioni-

463 1836 520 1871 bus
543 1844 573 1870 et
594 1835 851 1883 oppressionibus
875 1835 1018 1882 plurimis
1046 1847 1099 1881 per
1122 1846 1154 1868 se
1171 1846 1206 1868 ac

462 1898 536 1920 suos
563 1886 741 1920 immaniter
767 1885 916 1920 afflixerat
942 1893 972 1920 et
993 1885 1128 1930 affligere
1145 1896 1204 1918 non

463 1936 621 1980 cessabat,
643 1944 673 1970 et
699 1935 738 1970 ab
764 1935 832 1969 aliis
860 1947 915 1981 pro
946 1935 1084 1982 ipsorum
1121 1934 1207 1968 libito

464 1986 560 2021 libere
579 1985 778 2033 permittebat
794 1985 898 2031 affligi,
921 1985 1051 2030 cupiens
1074 1996 1206 2030 regnum

465 2038 568 2084 ipsum
604 2043 648 2070 tot
682 2035 917 2069 tribulationum
941 2034 1126 2068 adversitate
1154 2033 1209 2067 de-

465 2098 606 2134 pressum
625 2097 678 2132 per
690 2084 824 2119 alicuius
846 2083 1008 2131 prudentis
1024 2083 1208 2117 industriam
1228 2098 1230 2107 ⁴

467 2135 615 2175 relevari;
643 2147 713 2169 cum
749 2134 905 2181 praefatus
927 2133 1090 2173 Sanctius,
1117 2145 1209 2179 quem

468 2198 522 2233 per
544 2197 617 2219 suas
645 2185 749 2219 literas
784 2183 864 2218 idem
894 2183 1097 2217 Innocentius
1121 2195 1211 2229 prae-

468 2236 613 2270 deeessor
647 2233 818 2281 rogandum
847 2233 977 2267 duxerat
1009 2233 1156 2267 attentius
1183 2241 1210 2266 et

470 2284 671 2327 hortandum,
698 2283 892 2331 specialibus
918 2294 1014 2329 super
1030 2282 1088 2316 1100
1109 2283 1213 2316 moni-

471 2334 590 2369 toribus
628 2333 807 2381 deputatis‚
846 2341 877 2367 ut
919 2332 1085 2380 praemissa
1120 2332 1212 2366 celeri

471 2383 689 2419 emendatione
716 2383 897 2429 corrigeret,
918 2394 954 2416 ac
978 2383 1007 2415 in
1034 2381 1160 2416 consilia
1182 2393 1214 2415 se

473 2434 635 2468 reduceret
679 2433 826 2473 meliora,
862 2433 890 2466 iu
925 2432 1064 2467 deterius
1091 2443 1215 2477 semper

473 2490 665 2517 converteret
693 2490 779 2517 actus
799 2495 872 2517 suos
900 2490 928 2517 et
945 2481 1023 2516 mala
1046 2480 1135 2515 malis
1154 2489 1217 2515 tan-

474 2545 565 2579 quam
594 2533 623 2566 in
650 2545 778 2567 sensum
802 2532 892 2567 datus
920 2531 1088 2578 reprobum
1112 2544 1217 2564 cumu-

475 2582 560 2623 laret,
580 2582 725 2623 barones,
748 2581 1001 2626 coinmunitates‚
1017 2594 1070 2615 seu
1087 2581 1218 2615 concilia

477 2640 536 2667 tam
557 2632 726 2673 civitatum7
748 2645 840 2680 qnam
864 2640 1049 2677 castrorum,
1077 2631 1219 2665 aliorum-

1030 246 1126 268 BULLA
1133 244 1214 267 thlM
1241 243 1399 266 ROMANCM

1228 310 1288 345 quc
1311 299 1463 335 locorum,
1487 307 1520 329 ac
1550 295 1711 329 universos
1734 293 1846 329 milites
1864 301 1894 328 et
1917 307 1974 341 po-

1230 346 1320 394 pulos
1338 358 1392 393 per
1409 356 1540 390 regnum
1564 343 1763 384 constitutos,
1779 343 1972 390 praedictum

1231 409 1285 443 per
1306 404 1406 429 certas
1432 394 1491 428 sub
1517 400 1600 427 certa
1636 392 1734 427 forma
1757 391 1914 428 confectas
1937 394 1975 427 li-

1230 456 1310 480 teras
1328 444 1366 478 de
1385 444 1512 477 fratrum
1536 454 1665 476 suorum
1689 441 1821 476 consitio
1843 443 1975 485 monuit,

1231 494 1347 540 rogavit
1381 500 1410 527 et
1446 492 1587 526 hortatus
1615 491 1734 532 extitit,
1762 490 1840 526 daus
1863 491 1976 526 nihilo-

1232 544 1336 577 miuus
1363 542 1423 576 illis
1457 541 1629 575 districtius
1661 541 1691 575 in
1720 541 1911 588 praeceptis,
1945 549 1977 575 ut

1232 592 1449 626 (charissimum
1479 590 1508 624 iu
1538 590 1664 626 Cliristo
1701 590 1797 624 filium
1835 597 1976 625 nostrum

1231 641 1429 688 Alplionsum
1458 639 1667 686 portugalliae
1694 651 1799 686 regem
1825 639 1976 674 illustrem

1233 702 1306 725 tunc
1334 690 1481 725 comitem
1504 689 1667 724 Bolouien.
1692 689 1835 724 eiusdem
1860 689 1977 724 Sanctii

1231 753 1429 787 germanum,
1459 751 1514 786 per
1536 752 1627 786 quem
1648 739 1793 787 sperabat
1815 739 1918 786 ipsius
1936 753 1981 773 re-

1232 790 1283 836 gni
1307 788 1515 824 miserabilem
1539 797 1666 830 statum,
1689 801 1748 836 ope
1770 789 1884 823 comite
1909 801 1979 823 caw-

1234 840 1318 874 lestis
1334 839 1451 879 auxilii,
1466 838 1679 883 relevandum⁷
1694 850 1765 873 eum
1786 838 1978 884 praedictum

1233 889 1431 936 Alplionsnm
1464 888 1501 922 ad
1538 901 1644 923 curam
1673 895 1703 922 et
1736 887 1981 923 administratio-

1235 952 1304 972 nem
1341 938 1518 985 generalem
1556 946 1583 972 et
1621 938 1747 972 liberam
1782 937 1858 972 dieti
1893 939 1979 985 regni

1234 988 1432 1035 Apostolicae
1456 986 1548 1022 Sedis
1570 987 1737 1022 auctoritas
1751 987 1981 1034 assumpsisset,

1236 1037 1346 1072 devote
1374 1037 1530 1084 recipere,
1558 1037 1680 1084 sibique
1708 1036 1737 1070 in
1773 1037 1920 1072 omnibus
1954 1047 1982 1071 et

1236 1099 1291 1134 per
1317 1087 1421 1122 omnia
1450 1085 1611 1121 intendere
1635 1094 1855 1132 procurarent,
1878 1086 1983 1133 depu—

1236 1137 1305 1171 tatis
1333 1136 1437 1171 eidem
1476 1136 1571 1171 certis
1609 1134 1835 1183 exequtoribus
1862 1135 1892 1169 in
1928 1137 1982 1170 liac

1238 1193 1334 1233 parte,
1358 1194 1449 1233 prout
1473 1186 1547 1220 baec
1567 1186 1673 1220 onmia
1695 1184 1879 1220 eorumdem
1900 1197 1985 1232 prae-

1236 1236 1337 1270 dictae
1365 1235 1471 1270 literae
1499 1235 1622 1282 plenius
1649 1242 1844 1269 attestantur.

1286 1285 1359 1331 gt,
1390 1284 1486 1319 Porro
1513 1297 1661 1331 processu
1689 1284 1839 1330 temporis
1866 1296 1985 1331 saepo-

1239 1334 1318 1368 satus
1345 1334 1530 1381 Alpl10n<us
1558 1347 1609 1367 rex
1644 1334 1681 1367 ad
1717 1333 1860 1368 eiusdem
1899 1335 1984 1380 regni

1240 1384 1446 1430 praelatorum
1475 1385 1664 1424 instantiam,
1687 1383 1724 1417 ad
1747 1395 1854 1418 euram
1881 1391 1911 1418 et
1929 1396 1983 1418 eu-

1239 1434 1372 1468 stodiam
1402 1434 1472 1468 dicti
1497 1434 1581 1480 regni
1612 1446 1646 1467 ac
1669 1432 1884 1468 defensionem
1906 1446 1986 1480 prae-

1241 1483 1373 1518 latorum
1399 1484 1551 1531 ipsorum,
1581 1496 1637 1518 nec
1664 1495 1724 1518 non
1753 1483 1987 1530 religiosorum,

1241 1546 1275 1568 ae
1295 1534 1390 1567 totius
1417 1534 1490 1568 cleri
1515 1543 1544 1567 et
1568 1532 1850 1577 monasteriorum,
1877 1533 1989 1567 Eccle-

1243 1584 1371 1627 siarum7
1401 1584 1576 1628 viduarum7
1600 1583 1826 1630 orphanorum,
1849 1590 1989 1618 caetero-

1244 1646 1376 1681 rumque
1416 1635 1445 1668 iu
1485 1634 1537 1667 illo
1574 1633 1756 1680 degentium
1793 1644 1848 1680 per
1874 1632 1987 1667 Sedent

1243 1684 1398 1727 eumdem,
1424 1692 1515 1730 prout
1538 1683 1756 1729 praemittitur,
1779 1690 1937 1723 evocatus,
1961 1684 1989 1716 li-

1244 1744 1290 1768 cet
1318 1742 1419 1768 certos
1446 1746 1481 1767 ex
1511 1741 1596 1780 parte
1616 1732 1826 1780 praelatorum
1850 1732 1988 1779 ipsorum

1245 1784 1392 1819 articulos
1419 1784 1477 1818 sibi
1507 1782 1628 1817 oblatos
1663 1782 1803 1823 Parisiis,
1835 1795 1870 1817 ac
1902 1794 1994 1829 prae-

1246 1835 1356 1869 missas
1380 1833 1576 1880 provisiones
1602 1832 1789 1880 apostolicas
1811 1832 1840 1866 in
1871 1832 1994 1877 praedi-

1246 1885 1303 1919 ctis
1330 1883 1512 1918 eorumdem
1550 1883 1829 1930 praedecessorum
1863 1881 1992 1917 Honorii

1247 1942 1274 1969 et
1298 1934 1441 1980 Gregorii
1465 1933 1563 1967 literis
1584 1932 1833 1979 comprehensos
1858 1944 1903 1973 se,
1923 1944 1993 1966 eum

1227 2011 1228 2014 η
1249 1984 1347 2031 ipsius
1371 1983 1457 2029 regui
1482 1982 1658 2017 dominium
1687 1994 1891 2029 quocumque
1919 1981 1996 2016 ade-

1251 2041 1322 2081 ptus
1354 2033 1431 2068 soret
1463 2032 1572 2073 titulo,
1609 2032 1786 2066 astrinxerit
1820 2032 1997 2067 iuramento

1252 2083 1398 2130 praestito
1426 2090 1633 2123 servaturum,
1662 2089 1755 2129 prout
1777 2082 1807 2115 iu
1831 2081 1927 2116 literis
1954 2081 1997 2114 in-

1251 2134 1288 2168 de
1321 2132 1487 2176 contectis,
1515 2142 1545 2167 et
1579 2132 1737 2178 quondam
1775 2131 1996 2177 magistrorum

1252 2183 1375 2217 loannis
1397 2182 1490 2217 Sedis
1513 2181 1712 2229 Apostolicae
1734 2181 1908 2228 cappellani
1925 2180 1999 2215 Car-

1254 2241 1356 2267 uoteu.
1381 2240 1410 2267 et
1433 2232 1535 2267 Lucae
1553 2231 1756 2273 decanorum,
1779 2243 1814 2266 ae
1833 2231 1916 2266 Petri
1930 2243 1999 2265 can-

1253 2282 1367 2317 cellarii
1410 2282 1559 2317 parisien.
1583 2281 1815 2321 Ecclesiarum‚
1848 2281 1999 2316 aliorum—

1254 2344 1313 2379 quc
1340 2332 1539 2376 clericorum,
1567 2338 1627 2366 tam
1653 2331 1883 2377 religiosorum,
1905 2342 1996 2378 quam

1255 2382 1475 2425 saccularium,
1505 2393 1625 2416 necnon
1654 2390 1683 2416 et
1706 2380 1915 2428 quorumdam
1942 2393 1999 2413 uo-

1256 2431 1363 2465 bilium
1403 2432 1514 2478 sigillis
1545 2431 1672 2465 munitis
1707 2431 1830 2477 plenius
1856 2429 2000 2465 continc—

1257 2491 1322 2522 1111··,
1352 2490 1411 2515 tam
1431 2481 1558 2527 grandis
1581 2489 1682 2516 tamen
1707 2480 1835 2516 lionoris
1857 2480 1896 2514 ab
1918 2480 2001 2515 eius-

1257 2531 1326 2565 dem
1352 2531 1408 2565 sibi
1437 2532 1528 2566 Sedis
1563 2531 1754 2577 benignitate
1780 2529 1882 2565 collati
1909 2530 1998 2578 quasi

1257 2582 1386 2615 omnino
1411 2582 1585 2625 immemor,
1607 2581 1747 2627 tantique
1770 2579 1912 2614 beneficii
1935 2593 2003 2627 gra-

1259 2631 1330 2665 tiam
1355 2631 1483 2665 minime
1517 2642 1761 2677 recognoscens,
1793 2629 1845 2665 sed
1874 2629 1910 2664 ad
1933 2641 2000 2665 eam

1990 239 2039 265 An.
2057 237 2087 264 C.
2102 237 2169 264 ¹275

2017 1297 2135 1323 alphonsus
2146 1300 2185 1315 ve-

2002 1334 2032 1351 10,
2049 1327 2142 1353 quamvis
2153 1330 2187 1346 ro-

2002 1358 2111 1378 medianis
2120 1362 2142 1377 se
2153 1356 2186 1377 al-

2002 1389 2090 1409 laturum
2107 1390 2185 1412 promi>

2003 1421 2061 1441 serit,
2072 1420 2143 1445 peiora
2153 1422 2186 1438 ta-

2003 1458 2049 1471 tuen
2067 1453 2140 1477 patret.
