2274 3265
185 283 232 308 Αιμ
253 282 281 307 (L
299 281 366 306 taho

202 639 228 657 lle
253 637 304 655 tum
329 640 369 654 nuu

188 672 200 687 tt
214 667 293 685 tulettdts
302 666 325 684 ,ιιί
336 666 370 684 m..

223 2164 249 2181 Ne
292 2162 391 2181 muliere⁴

210 2194 302 2212 habitent
313 2198 331 2211 ιιι
341 2192 392 2210 lorti

211 2230 254 2243 ιηι,ιι
265 2231 275 2241 ιι
286 2224 357 2241 ltotnni

430 269 500 300 4(ὶῦ

381 333 464 380 quod
490 343 561 365 cum
585 329 707 369 civitas,
728 335 864 361 castrum
885 334 951 365 etc„
970 325 1133 360 vendenda

384 384 427 415 vel
476 378 641 425 obliganda
682 376 866 414 extiterint,
915 375 1017 423 quoad
1057 374 1135 408 obli-

382 431 539 475 gationem
570 427 750 462 huiusmodi
775 425 906 470 intelligi
931 425 1088 465 volumus,
1110 422 1134 456 si

383 479 534 525 obligatio
553 478 616 524 ipsa
642 478 692 510 liat
717 474 944 522 principaliter,
961 472 1138 520 specialiter

384 539 409 563 et
440 539 598 575 expresse.

434 578 454 623 ἓ
476 580 508 611 8.
538 576 636 610 Porro
660 574 697 609 ad
722 573 893 619 capitulum
919 571 1055 618 positum
1079 568 1139 602 sub

387 622 509 661 rubrica
539 627 584 659 De
607 626 678 658 locis
694 636 755 657 mm
777 623 933 656 trademlis
948 622 990 654 ad
1003 621 1139 665 firmam,

386 676 565 715 adiicimus,
593 674 675 721 quod
702 685 756 719 per
778 678 924 705 contenta
953 670 981 702 in
1010 680 1049 701 eo
1078 679 1139 700 uon

389 725 582 760 intendimus
594 722 771 770 probibere,
794 717 1140 766 quominusantistites,

388 775 539 814 abbates,
586 773 705 819 priores
732 779 758 803 et
788 769 1058 803 administratores
1089 765 1140 799 alii

389 823 531 858 redditus
557 831 584 855 et
626 827 796 868 proventus
831 816 1140 852 administrationum

389 885 516 907 suarum
534 872 635 905 locare
650 882 705 903 seu
724 868 859 902 vendere,
876 866 1007 906 valeant,
1023 864 1143 910 absque

389 922 587 955 solemnitate.
615 921 643 953 in
668 918 806 965 capitulo
835 918 903 963 ipso
926 915 1082 962 apposita,
1106 913 1142 946 ad

391 981 515 1017 tempus
543 969 717 1011 modicum,
755 966 838 1013 quod
878 965 1047 999 triennium
1083 975 1143 997 nou

391 1020 518 1054 excedat
543 1020 625 1053 iuxta
655 1029 775 1051 morem
801 1017 830 1049 in
862 1015 1001 1060 regione,
1025 1014 1054 1047 iu
1083 1024 1143 1059 qua

391 1078 508 1108 erunt,
536 1069 661 1102 solitum
691 1065 862 1101 observari,
900 1064 1024 1098 statutis
1051 1063 1143 1097 etiam

395 1117 634 1153 rationabilibus
660 1115 873 1150 Ecclesiarum
904 1114 950 1147 vel
986 1120 1147 1147 monaste—

394 1169 525 1211 riorum,
549 1167 595 1201 vel
637 1166 768 1200 aliorum
800 1164 938 1198 locorum
985 1161 1147 1209 religionis

394 1218 550 1260 eiusdem,
578 1216 601 1250 si
625 1227 684 1262 qua
707 1227 804 1261 super
832 1213 891 1246 boe
913 1212 1048 1251 fuerint,
1083 1210 1147 1245 ob-

395 1267 535 1300 servatis.
564 1265 597 1299 Si
622 1277 694 1298 vero
723 1264 791 1297 talis
827 1262 954 1297 traditio
995 1262 1040 1295 vel
1070 1273 1148 1294 con-

396 1316 497 1349 cessio
519 1315 557 1349 ad
582 1314 702 1348 firmam
732 1321 856 1359 tempus
884 1311 1009 1345 triennii
1044 1310 1147 1344 forsan

397 1365 537 1401 excedat,
562 1364 710 1398 volumus
737 1361 820 1408 quod
851 1373 962 1395 omnes
991 1359 1147 1394 solemni-

398 1422 475 1448 tates
513 1415 542 1447 iu
580 1413 649 1459 ipso
688 1411 827 1458 capitulo
866 1411 984 1457 positae
1017 1408 1146 1443 debeant

399 1462 566 1496 observari.
598 1461 752 1495 Volumus
770 1460 861 1495 etiam
886 1459 969 1505 quod
1011 1458 1150 1492 decimae

399 1521 427 1545 et
465 1511 620 1557 primitiae
660 1511 785 1544 nonnisi
826 1521 926 1554 usque
959 1507 996 1543 ad
1032 1519 1149 1542 annum

400 1560 478 1595 tradi
505 1560 622 1607 possint
638 1559 674 1593 ad
700 1559 833 1597 sirmam,
856 1566 886 1591 et
908 1557 993 1603 quod
1016 1569 1070 1604 per
1093 1556 1152 1590 boc

400 1612 428 1644 in
457 1610 583 1644 casibus
609 1609 678 1643 aliis
715 1621 775 1642 non
801 1607 1036 1654 praeiudicetur
1075 1618 1153 1640 con-

401 1660 493 1693 tentis
509 1659 537 1692 iu
562 1657 816 1692 ordinationibus
833 1655 1023 1703 praelibatis.
1049 1655 1081 1689 Si
1108 1663 1154 1688 ta-

402 1720 472 1742 men
487 1720 522 1741 ex
535 1707 715 1742 huiusmodi
733 1707 886 1740 locatione
902 1718 957 1739 seu
975 1704 1154 1739 venditione

403 1765 610 1803 proventuum
629 1756 666 1790 ad
692 1763 819 1802 tempus
835 1754 1008 1796 modicum,
1024 1763 1054 1787 ut
1072 1766 1154 1801 prae<

404 1807 547 1850 mittitur,
570 1805 710 1840 facienda
735 1805 930 1850 contingeret
955 1804 1031 1838 infra
1057 1816 1154 1837 unum

403 1868 519 1889 annunt
549 1856 643 1902 recipi
668 1855 847 1902 pecuniam,
877 1854 921 1887 vel
946 1853 1044 1897 aliud,
1071 1852 1156 1899 quod

406 1913 538 1951 pretium
557 1913 764 1951 proventuum
795 1916 889 1937 nnius
912 1903 984 1937 anni
1015 1903 1056 1936 rei
1081 1914 1158 1936 ven-

405 1954 485 1988 ditae
519 1966 573 1987 seu
600 1954 715 1987 locatae
743 1953 921 1995 excederet,
946 1960 1020 1985 tune
1044 1951 1158 1985 sei-vari

407 2004 551 2037 volumus
579 2003 795 2037 solemnitates
818 2010 983 2035 contentas
1011 2002 1040 2035 in
1070 2002 1158 2048 eapi-

408 2053 473 2086 tulo
502 2061 685 2086 memorato.

457 2106 471 2144 ξ
498 2105 531 2136 9.
561 2102 653 2143 Quod
687 2111 790 2135 autem
828 2101 856 2135 iu
893 2100 1031 2147 capitulo
1061 2100 1162 2146 posito

407 2155 465 2189 sub
489 2156 624 2196 rubrica,
650 2157 695 2190 Ne
715 2157 856 2189 *nudiores
871 2156 1004 2188 habitem
1038 2156 1067 2187 t'n
1091 2155 1163 2187 Ioet's

409 2211 650 2249 monachorum,
684 2203 868 2255 proliibet'ur
910 2220 1084 2254 expresse,
1126 2219 1164 2241 ne

409 2264 575 2307 antistites,
608 2263 749 2305 abbates,
775 2263 894 2310 priores
921 2271 948 2296 et
973 2263 1085 2296 caeteri
1108 2262 1165 2296 atl-

411 2318 638 2352 ministratores
658 2319 685 2351 in
707 2317 870 2356 Eteclesiis,
888 2316 1087 2350 monasteriis
1110 2329 1164 2350 seu

410 2372 486 2405 locis
513 2372 581 2405 aliis
607 2372 738 2405 Ordinis
761 2381 787 2405 et
820 2371 983 2415 religionis
1010 2370 1165 2412 eiusdem,

411 2436 462 2458 ant
488 2425 566 2459 infra
591 2435 676 2472 septa
710 2426 848 2472 ipsorum
891 2425 1036 2459 mulieres
1061 2432 1166 2457 tenere.

416 2489 627 2525 praesumant,
647 2480 844 2513 declaramus
859 2479 897 2512 de
921 2478 980 2512 illis
1008 2478 1167 2514 domibus,

415 2534 491 2567 loeis
517 2543 544 2567 et
569 2535 666 2579 septis
695 2533 855 2578 religionis
883 2532 1027 2565 eiusdem
1053 2531 1168 2565 debere

417 2587 567 2632 intelligi,
608 2588 635 2619 in
660 2586 775 2632 quibus
803 2586 917 2619 debent
947 2585 1091 2619 monaclti
1119 2597 1168 2617 re-

416 2641 530 2674 sidere.

980 270 1164 294 Bt'LLAntt'M
1195 267 1355 291 ttoatANtttu

1226 327 1240 365 ᾗ
1270 323 1324 355 10.
1354 319 1432 354 lllud
1456 318 1610 365 siquidem
1635 316 1720 364 quod
1745 318 1774 351 in
1793 316 1929 364 capitulo

1180 371 1280 418 posito
1307 368 1366 403 sub
1394 367 1515 403 rubrica
1559 368 1604 401 Dc
1639 367 1788 400 creatione
1822 378 1931 400 mona-

1178 422 1303 455 chorum
1333 418 1414 453 circa
1435 417 1504 451 eins
1526 414 1716 462 principium
1741 414 1932 452 continetur,

1180 469 1325 503 videlieet
1352 465 1434 514 quod
1468 465 1640 500 induantur
1674 463 1819 498 monaclii
1860 475 1932 498 cuni

1182 517 1351 565 proborum
1380 515 1512 549 consilio
1540 513 1714 556 Ecclesiae,
1741 512 1934 551 monasterii,

1182 567 1349 614 prioratuS,
1377 564 1549 599 decanatus
1572 571 1624 597 aut
1651 562 1735 606 loci,
1766 561 1815 596 cui
1842 561 1874 599 ii,
1898 561 1934 594 ad

1181 628 1262 663 quos
1286 615 1419 662 pertinet
1438 613 1554 648 creatio
1570 611 1769 650 eorumdem,
1794 610 1936 658 praefue-

1184 673 1261 706 rint,
1284 663 1415 709 intelligi
1441 663 1585 697 volumus
1609 662 1638 695 in
1663 660 1740 695 locis
1762 660 1937 702 dumtaxat,

1184 715 1212 748 in
1236 712 1405 761 quibusde
1428 710 1660 746 cousuetudine
1676 738 1684 751 ,
1706 709 1868 757 privilegio
1892 708 1936 743 vel

1183 771 1298 799 statuto
1314 761 1428 809 requiri
1452 761 1544 795 debet
1571 759 1740 807 proborum
1770 758 1937 794 consilinm

1186 812 1431 860 praedictorum.

1234 867 1249 905 ᾗ
1279 863 1334 895 t-t.
1354 860 1524 895 Caeterum
1543 858 1631 898 illud,
1654 858 1737 905 quod
1761 857 1941 892 continetur

1187 911 1215 945 iu
1240 910 1380 958 capitulo
1405 910 1505 956 posito
1520 908 1579 943 sub
1603 907 1724 942 rubrica
1747 908 1792 941 De
1814 907 1941 941 licentiis

1185 962 1279 994 eundi
1303 968 1392 994 extra
1415 959 1618 997 monasteria,
1642 956 1688 990 vel
1716 957 1773 991 alia
1803 956 1889 999 loca,
1911 955 1941 989 in

1188 1009 1360 1049 versiculo,
1408 1008 1461 1055 qni
1510 1007 1633 1054 incipit:
1682 1007 1721 1041 Si
1766 1008 1833 1051 quis
1875 1017 1944 1039 vero

1186 1060 1352 1093 monachus
1379 1059 1570 1092 contrarium
1593 1057 1712 1101 fecerit;
1729 1054 1860 1101 intelligi
1890 1066 1944 1088 vo-

1189 1109 1294 1143 lumus
1317 1120 1389 1142 cum
1427 1118 1578 1141 monacus
1605 1105 1644 1139 de
1682 1104 1873 1139 monasterio
1916 1111 1945 1137 et

1189 1158 1257 1193 loco
1280 1155 1495 1199 conventuali,
1518 1169 1531 1189 a
1552 1154 1714 1201 superiore
1737 1165 1795 1188 suo
1811 1165 1871 1187 nou
1890 1165 1944 1200 pe-

1190 1208 1241 1241 tita
1264 1206 1402 1247 licentia,
1426 1217 1482 1239 nec
1505 1205 1644 1248 obtenta,
1667 1204 1752 1238 exire
1782 1214 1946 1250 praesum-

1191 1257 1297 1303 pserit,
1311 1256 1356 1290 vel
1372 1267 1456 1295 cum,
1479 1253 1606 1288 obtenta
1629 1252 1712 1287 (licta
1729 1252 1866 1292 licentia,
1880 1252 1947 1286 exi-

1192 1306 1280 1345 verit,
1302 1313 1332 1338 et
1354 1313 1496 1338 cessante.
1526 1302 1754 1351 impedimento
1790 1301 1946 1348 legitimo,

1193 1355 1222 1388 iu
1252 1354 1391 1401 praefixo
1413 1353 1472 1387 sibi
1497 1353 1631 1387 termino
1652 1364 1712 1386 non
1737 1351 1861 1386 duxerit
1877 1350 1947 1385 red-

1192 1404 1344 1438 eundum.

1241 1459 1255 1495 §
1285 1456 1340 1487 102.
1368 1451 1513 1498 Denique
1540 1451 1612 1497 quia
1637 1451 1665 1484 in
1682 1449 1802 1484 eisdem
1826 1449 1948 1483 consti-

1194 1502 1370 1536 tutionibus
1387 1500 1536 1535 nonnulla
1566 1499 1703 1547 capitula
1732 1498 1947 1541 continentur,

1196 1563 1250 1598 per
1272 1563 1352 1598 quae
1389 1562 1509 1597 poenae
1536 1561 1590 1583 seu
1615 1549 1790 1583 sententiae
1812 1560 1948 1582 excom-

1196 1600 1440 1637 municationis,
1476 1598 1696 1645 suspensionis
1722 1606 1752 1632 et
1793 1596 1948 1632 interdicti

1195 1662 1231 1684 ac
1254 1650 1348 1684 etiam
1373 1648 1575 1682 inhabilitatis
1605 1649 1635 1682 in
1666 1659 1817 1694 personas
1849 1646 1951 1680 dietae

1198 1699 1357 1744 religionis
1387 1697 1558 1739 interdum,
1582 1698 1649 1731 sine
1680 1697 1782 1743 aliqua
1808 1695 1952 1730 modera-

1198 1749 1281 1783 tioue
1298 1747 1461 1794 temporis,
1479 1747 1691 1794 proferuntur,
1703 1758 1781 1793 quas
1797 1744 1951 1791 siquidem

1200 1810 1317 1844 poenas
1352 1809 1406 1831 seu
1431 1796 1603 1831 sententias
1627 1795 1770 1830 nonnulli
1791 1807 1844 1841 per
1864 1794 1954 1829 inadn

1201 1847 1407 1888 vertentiam,
1434 1845 1669 1892 simplicitatem
1706 1857 1761 1880 seu
1798 1844 1954 1890 ignoran—

1202 1897 1287 1935 tiam,
1310 1909 1364 1931 seu
1389 1895 1483 1930 etiam
1506 1903 1634 1942 propter
1651 1894 1888 1941 ambiguitatem
1908 1893 1956 1926 di-

1202 1955 1323 1979 etorum
1352 1945 1562 1992 capitulorum
1592 1944 1720 1979 forsitan
1744 1944 1956 1983 incurrerunt,

1203 2008 1259 2029 uos
1287 1995 1322 2029 ad
1351 2008 1460 2029 eorum
1496 1993 1741 2040 supplicationis
1776 1991 1955 2026 instantiam

1205 2058 1259 2092 pro
1282 2045 1457 2078 animarum
1496 2044 1636 2090 ipsorum
1671 2042 1772 2077 salute
1813 2040 1958 2088 praefatis

1205 2094 1347 2141 personis
1378 2093 1478 2127 dictae
1519 2092 1691 2139 religionis,
1730 2091 1959 2138 cuiuscumque

1205 2152 1302 2178 status
1349 2155 1403 2176 seu
1434 2141 1624 2176 conditionis
1676 2141 1831 2184 existant,
1878 2152 1958 2186 quae

1207 2192 1379 2240 praedictas
1408 2204 1525 2239 poenas
1559 2191 1605 2225 vel
1638 2191 1810 2225 sententias
1851 2190 1959 2223 incur—

1208 2243 1321 2280 rerint,
1357 2241 1520 2288 providere
1548 2240 1716 2275 salubriter
1744 2239 1957 2281 intendentes,

1209 2292 1364 2331 volumus,
1389 2299 1415 2324 et
1446 2299 1554 2324 tenore
1578 2291 1790 2337 praesentium
1811 2288 1960 2323 coneedi-

1209 2353 1278 2375 mus
1312 2341 1368 2374 bac
1398 2340 1475 2382 viee,
1503 2340 1585 2387 quod
1621 2352 1773 2386 personae
1814 2340 1842 2372 in
1879 2338 1958 2371 dicta

1210 2390 1360 2435 religione
1388 2390 1567 2436 superiores
1596 2401 1656 2423 non
1686 2388 1854 2432 babentes,
1880 2400 1960 2434 quae

1211 2439 1385 2486 praedictas
1405 2451 1522 2485 poenas
1546 2438 1589 2473 vel
1620 2439 1792 2473 sententias
1821 2438 1961 2472 incurre-

1212 2489 1282 2525 rint,
1311 2489 1350 2522 ab
1385 2488 1489 2536 aliquo
1531 2487 1790 2536 praesidentium,
1821 2495 1960 2522 caeterae

1213 2551 1283 2572 vero
1307 2550 1459 2585 personae
1483 2550 1537 2584 per
1564 2549 1639 2572 suos
1667 2537 1844 2572 immediate
1866 2548 1963 2583 stipe—

1214 2588 1309 2622 riores
1352 2587 1488 2633 possint,
1539 2588 1563 2621 si
1602 2586 1762 2621 bumiliter
1799 2586 1963 2632 petierint,

1212 2649 1227 2671 a
1266 2636 1434 2683 praedictis
1476 2636 1642 2671 sententiis
1681 2636 1763 2670 iuxta
1803 2635 1965 2670 Ecclesiae

1948 264 1995 288 An.
2018 258 2133 286 C.t540

1958 322 1985 342 De
2023 321 2133 341 creatione

1945 352 2105 373 monachorum.

1970 864 1997 883 De
2014 864 2107 883 tit-emtis
2120 868 2142 883 e-

1956 896 2004 915 undi
2021 898 2080 914 extra
2095 900 2142 913 mo-

1957 926 2057 945 uastetiu.

1977 1451 2004 1471 De
2016 1450 2091 1476 poenis
2103 1454 2147 1475 qna

1963 1489 1973 1501 a
1991 1482 2150 1501 constitutioni-

1963 1513 1999 1532 tm.-
2016 1513 2148 1532 intentantur

1963 1546 2038 1563 eontra
2077 1546 2149 1562 trans-

1964 1579 2082 1599 gressores⁴
