2274 3265
223 249 272 277 An.
289 251 318 277 C.
335 251 401 277 1336

234 905 261 925 De
295 906 402 926 tolvendi«

220 937 318 957 rensibus
327 940 347 957 et
357 938 403 957 red-

221 968 296 987 unibus
310 974 346 994 pto
362 968 402 987 att—

220 1001 296 1019 ntentin
328 1005 402 1019 inona-

221 1030 314 1050 thorum.

466 239 536 272 376

419 305 462 339 rel
491 304 673 339 domicellos
702 303 838 338 vestibus
867 303 990 349 virgatis
1016 316 1071 337 seu
1089 315 1159 350 par-

418 354 481 390 titis
508 362 561 388 aut
579 353 725 396 curiosis,
745 352 791 387 vel
813 352 1045 400 quomodolibet
1077 352 1159 386 inbo-

417 403 512 438 nestis
539 415 600 438 non
625 403 734 438 induat
761 401 806 437 vel
831 402 958 437 indutos
985 415 1090 437 seeum
1115 410 1160 435 te-

417 462 485 488 neat
517 453 582 488 sive
616 452 720 488 ducat.
747 452 808 495 Qui
837 460 940 487 autem
968 452 1158 487 contrarium

417 503 534 543 fecerit,
556 503 581 538 si
609 503 804 550 superiorem
834 501 992 549 religionis
1018 501 1158 535 eiusdem

416 565 478 588 non
507 552 662 597 habuerit,
691 565 745 600 per
773 551 985 600 praesidentes
1011 551 1083 584 dieti
1108 562 1159 584 ca-

417 603 503 649 pituli
535 603 748 650 provincialis,
782 603 806 636 si
836 609 939 636 autent
966 600 1159 647 superiorein

416 652 598 688 huiusmodi
627 652 782 692 babuerit,
807 664 861 699 per
889 651 991 697 ipsum
1017 649 1162 696 superio-

416 715 480 739 rem
508 701 724 738 immediatum
744 701 886 736 videlicet
917 700 1073 748 puniatur.

688 778 768 813 Cap.
797 776 880 812 xxt.

466 853 548 888 Sane
581 850 748 886 statuimus
774 858 803 884 et
836 849 1042 891 ordinamus,
1078 847 1160 894 qnod

416 914 527 936 omnes
547 901 686 944 abbates,
704 900 822 946 priores
844 906 873 933 et
895 897 1163 933 administratores

416 951 540 995 caeteri,
561 959 590 986 et
607 950 712 985 cleriei
740 948 916 984 saeculares
943 956 971 982 et
999 947 1067 982 laici
1090 946 1162 994 qui-

416 1012 562 1048 cumque,
589 999 641 1047 qui
669 1012 794 1043 census,
817 997 970 1041 redditus,
993 998 1163 1044 pensiones

415 1063 469 1085 seu
497 1060 716 1097 quaecumque
747 1048 805 1082 alia
833 1047 944 1081 similia
973 1046 1087 1081 debent
1116 1046 1161 1079 vel

415 1100 576 1135 debebunt
592 1100 622 1134 in
646 1106 819 1146 posterum,
839 1110 894 1144 pro
913 1097 1068 1131 alimentis
1088 1108 1163 1143 qno-

415 1149 539 1185 tidianis
562 1148 607 1183 vel
640 1160 696 1196 pro
724 1147 906 1182 necessariis
928 1146 1077 1181 Ecclesiis
1104 1158 1162 1180 ca—

415 1198 620 1244 thedralibus,
648 1197 855 1237 monasteriis,
880 1196 1084 1244 prioratibuS‚
1106 1195 1164 1230 ad-

418 1247 710 1291 ministrationibus,
726 1246 838 1282 officiis
848 1259 901 1281 seu
918 1246 1005 1290 locis,
1019 1246 1164 1292 capitulis

418 1298 465 1334 vel
504 1297 712 1333 conventibus
746 1296 864 1331 ordinis
903 1308 958 1330 seu
1003 1295 1164 1342 religionis

417 1347 572 1389 eiusdem,
600 1348 666 1382 sive
694 1347 724 1380 in
752 1345 856 1385 blad0,
886 1345 977 1389 rino,
1005 1345 1091 1384 oleo,
1116 1344 1164 1391 pi-

418 1398 536 1442 scibus,
563 1396 695 1445 pecunia
722 1409 776 1431 seu
807 1395 899 1430 rebus
933 1395 1001 1430 aliis
1030 1394 1165 1442 quibus·

418 1459 553 1495 cumque
592 1446 784 1490 consistant,
819 1444 869 1479 illa
896 1445 943 1479 eis
978 1444 1097 1479 solvere
1133 1444 1163 1478 in

420 1497 563 1533 terminis
597 1495 757 1532 consuetis
791 1495 836 1529 vel
873 1494 1016 1542 praefixis
1049 1507 1103 1528 seu
1134 1494 1163 1527 in

418 1555 506 1582 antea
535 1545 757 1594 praefigendis,
781 1544 899 1591 integre
919 1557 980 1579 non
1009 1544 1163 1578 omittant.

419 1596 456 1631 Et
479 1597 503 1630 si
523 1607 557 1631 ea
586 1596 616 1630 in
640 1595 716 1642 ipsis
731 1594 872 1629 terminis
896 1593 941 1628 vel
969 1594 1078 1629 saltem
1097 1600 1165 1640 post

418 1659 472 1681 eos
511 1645 588 1681 infra
616 1644 796 1693 quindecim
825 1643 892 1678 dies
916 1656 977 1677 non
1004 1643 1165 1686 solverint,

419 1697 538 1743 priores
560 1702 590 1730 et
611 1694 879 1729 administratores
901 1693 1014 1728 caeteri
1044 1693 1165 1727 ordinis

419 1758 473 1780 seu
508 1744 670 1791 religionis
698 1744 808 1792 ipsius,
837 1751 932 1778 totam
960 1743 1164 1790 quantitatem

420 1795 462 1830 rei
490 1794 625 1838 debitae,
647 1806 683 1829 ac
706 1794 782 1828 ultra
808 1793 907 1840 ipsam
935 1800 1076 1840 quartam
1095 1805 1167 1840 par-

421 1854 483 1880 tem
517 1844 694 1893 praedictae
717 1843 901 1891 quantitatis
929 1843 1069 1877 eiusdem
1099 1843 1166 1877 loeo

421 1907 539 1941 poenae
561 1893 657 1938 (infra
686 1905 823 1928 mensem
853 1892 953 1927 dictos
984 1891 1165 1939 quindecim

421 1945 488 1979 dies
522 1943 701 1978 immediate
729 1945 935 1990 sequentem)
957 1942 1077 1977 solvere
1105 1942 1167 1976 sint

421 1994 573 2028 adstricti,
607 1993 693 2035 Quas
728 1992 855 2041 quidem
897 1991 1103 2039 quantitatem
1139 1999 1168 2025 et

421 2052 562 2091 quartam
579 2051 698 2091 partem
717 2042 889 2090 appositam
907 2045 952 2085 (ut
969 2041 1168 2092 praedicitur)

422 2093 490 2128 loco
528 2104 648 2140 poenae
664 2120 671 2133 ,
699 2092 724 2127 si
752 2092 873 2127 solvere
895 2090 1168 2137 contempserint,

423 2142 500 2178 iufra
528 2154 666 2178 mensem
694 2142 788 2176 alium
817 2154 854 2176 ex
890 2149 962 2175 tunc
991 2141 1090 2187 primo
1117 2152 1169 2174 se-

423 2200 569 2227 cuturum
585 2221 592 2233 ,
615 2204 629 2226 a
658 2191 819 2226 beneficiis
842 2201 921 2238 quae
949 2189 1168 2233 obtinuerint,

424 2242 525 2277 donec
553 2240 710 2290 praedicta
733 2240 896 2281 solverint,
919 2239 982 2275 sint
1006 2240 1073 2287 ipso
1089 2239 1169 2274 facto

424 2292 581 2340 suspensi.
605 2291 642 2326 Et
669 2291 692 2326 si
716 2289 956 2338 suspensionem
985 2289 1168 2324 huiusmodi

424 2354 478 2389 per
491 2342 589 2376 alium
612 2353 753 2376 mensem
774 2348 900 2376 extunc
916 2339 1054 2375 futurum
1074 2340 1171 2374 susti-

425 2388 561 2436 nuerint,
589 2391 689 2426 donec
716 2391 754 2425 de
784 2389 950 2438 praedictis
974 2389 1093 2435 integre
1120 2401 1171 2424 sa-

426 2441 611 2488 tisfecerint,
632 2441 670 2476 ab
693 2441 796 2476 officio
818 2441 881 2475 sint
903 2440 1060 2487 suspensi.
1076 2438 1170 2481 Quod

426 2491 449 2525 si
479 2503 534 2538 per
554 2491 649 2526 alium
666 2503 805 2526 mensem
827 2490 964 2538 proxime
987 2498 1169 2536 sequentem

426 2542 662 2588 suspensionem
700 2540 881 2575 huiusmodi
917 2539 955 2575 ab
981 2539 1082 2574 officio
1115 2551 1171 2573 sn-

427 2590 540 2625 stinere
568 2590 848 2638 praesumpserint,
873 2591 1032 2624 incurrant
1051 2600 1170 2623 exeom-

429 2640 649 2674 municationis
671 2640 856 2674 sententiani
875 2641 941 2686 ipso
955 2639 1050 2673 farto:
1077 2650 1170 2685 qnam

1001 248 1184 271 murmurat
1214 247 1372 270 ttoatANttat

1202 302 1225 335 si
1240 314 1292 348 per
1305 314 1357 335 sex
1372 313 1539 335 meusesex
1554 307 1628 334 tunc
1641 309 1806 336 secuturos
1819 302 1951 349 pertina-

1202 352 1277 385 citer
1300 350 1509 389 toleraverint,
1525 349 1728 397 prioratibus,
1750 350 1951 387 administra—

1203 400 1342 435 tionibus
1369 408 1398 435 et
1420 399 1584 447 quibusvis
1611 399 1680 434 aliis
1693 399 1857 435 beneficiis
1871 414 1951 448 quae

1203 450 1409 489 obtinuerint,
1420 450 1484 484 sint
1500 450 1567 496 ipso
1578 450 1658 483 facto
1673 449 1782 496 privati
1801 461 1856 497 per
1871 450 1952 495 illos,

1203 499 1239 533 ad
1268 512 1346 546 quos
1369 511 1478 534 eorum
1507 498 1632 534 collatio
1660 510 1714 533 scu
1737 499 1868 546 quaevis
1894 500 1951 535 alia

1204 549 1370 595 dispositio
1398 549 1594 596 pertinuerit,
1623 548 1691 582 aliis
1720 549 1865 595 personis
1888 549 1952 584 ido-

1206 599 1272 633 neis
1295 598 1390 633 libere
1416 598 1653 634 committendis
1674 610 1729 632 seu
1759 598 1850 633 etiarn
1874 610 1952 633 con-

1204 648 1353 683 ferendis.
1372 648 1509 683 Abbates
1529 661 1600 683 vero
1622 647 1673 695 qui
1699 647 1776 682 infra
1797 648 1954 695 praefatos

1203 698 1382 745 quindecim
1411 699 1479 733 dies
1508 698 1663 746 praedicta
1687 709 1743 744 per
1769 709 1824 732 eos
1850 697 1952 733 debita

1205 761 1265 782 nou
1286 748 1436 783 solverint
1458 751 1501 792 (nt
1531 747 1726 795 praefertur),
1743 754 1837 782 totam
1862 747 1954 782 ‹lebi-

1204 806 1264 833 tam
1279 799 1537 845 quantitatem,et
1549 797 1627 832 ultra
1644 797 1740 837 illam,
1751 797 1819 831 loco
1834 809 1954 845 poenae

1205 848 1325 882 tertiam
1357 855 1475 895 partem
1505 847 1611 887 illius,
1645 846 1732 894 quod
1764 846 1953 886 debuerint,

1206 897 1381 944 persolvere
1409 903 1583 931 teneantur.
1606 896 1685 931 Etsi
1710 908 1764 943 per
1786 903 1848 931 tres
1864 907 1954 931 men-

1204 959 1266 987 ses,
1294 946 1394 982 dictos
1416 946 1596 994 quindecim
1620 946 1686 980 dies
1705 945 1887 980 immediate
1901 957 1953 980 se-

1205 1004 1362 1044 quentes,
1397 995 1605 1043 quantitatem
1633 1007 1727 1043 quam
1761 994 1953 1036 debuerint,

1206 1047 1368 1093 ipsamque
1389 1046 1511 1081 tertiam
1528 1052 1645 1093 partem
1671 1045 1739 1080 loco
1756 1056 1874 1090 poenae
1889 1057 1952 1079 non

1205 1096 1380 1136 solverint,
1408 1096 1470 1129 sint
1496 1095 1614 1130 eisdem
1647 1093 1814 1129 abbatibus
1845 1092 1954 1128 stallus

1205 1145 1292 1180 chori
1316 1154 1346 1180 et
1374 1145 1462 1180 locus
1489 1144 1616 1192 capituli
1649 1143 1824 1185 abbatialia,
1852 1143 1954 1178 donec

1205 1208 1302 1243 super
1337 1195 1384 1230 liis
1413 1195 1531 1241 integre
1566 1193 1800 1237 satisfecerint,
1828 1193 1956 1240 penitus

1206 1244 1381 1280 interdicta.
1398 1244 1491 1287 Quod
1507 1244 1531 1279 si
1553 1243 1753 1279 interdictum
1773 1242 1954 1277 huiusmodi

1207 1307 1261 1342 per
1283 1294 1361 1329 alios
1383 1303 1445 1329 tres
1468 1306 1592 1329 menses
1620 1293 1762 1341 proxime
1790 1300 1955 1328 secuturos

1206 1345 1363 1379 sustinere
1393 1343 1685 1391 praesumpserint,
1716 1343 1756 1377 sit
1783 1342 1859 1389 ipsis
1885 1341 1956 1377 Ec-

1206 1394 1319 1428 clesiae
1356 1393 1541 1428 interdictus
1569 1393 1753 1440 ingressus,
1789 1403 1954 1439 quousque

1206 1444 1415 1479 satisfecerint
1437 1450 1653 1490 competenter
1676 1443 1795 1489 integre
1810 1440 1849 1476 de
1867 1442 1956 1488 prin-

1207 1494 1297 1540 cipali
1326 1501 1354 1527 et
1382 1494 1470 1527 tertia
1495 1501 1580 1539 parte
1606 1492 1762 1538 praefatis.
1780 1490 1819 1526 Et
1840 1490 1956 1526 nihilo-

1210 1544 1314 1578 minus
1335 1543 1407 1577 dicti
1431 1543 1571 1582 abbates,
1593 1554 1628 1576 ac
1651 1554 1762 1576 omnes
1790 1549 1819 1575 et
1841 1540 1955 1587 singuli

1207 1592 1391 1640 supradicti,
1407 1592 1520 1627 damna
1534 1601 1562 1625 et
1577 1604 1730 1638 expensas
1742 1603 1777 1625 ac
1792 1590 1956 1635 interesse,

1208 1656 1286 1690 quae
1309 1642 1478 1682 Ecclesiae,
1496 1642 1694 1679 monasteria,
1719 1640 1885 1688 prioratus,
1900 1640 1957 1674 ad-

1210 1692 1468 1732 ministrationes,
1496 1691 1596 1726 officia
1618 1699 1647 1726 et
1676 1691 1741 1725 loca
1774 1690 1955 1725 huiusmodi

1208 1742 1429 1782 sustinuerint,
1448 1742 1578 1776 fecerint
1600 1749 1631 1776 et
1654 1739 1841 1775 incurrerint
1864 1751 1957 1774 occa-

1209 1792 1295 1826 sione
1325 1791 1498 1827 retardatae
1521 1791 1688 1826 solutionis
1713 1788 1893 1824 ltuiusmodi
1911 1789 1956 1824 vel

1209 1841 1248 1876 ob
1286 1841 1443 1877 defectum
1479 1841 1733 1888 praedictorum,
1762 1838 1888 1873 reficere
1928 1848 1957 1874 et

1210 1891 1331 1926 solvere
1359 1899 1533 1926 teneantur.
1572 1889 1696 1924 Poenae
1730 1897 1834 1923 autem
1867 1900 1958 1936 prae-

1210 1941 1309 1976 dictae
1332 1948 1459 1988 quartae
1479 1948 1508 1975 et
1530 1939 1639 1974 tertiae
1663 1939 1797 1986 partium
1827 1937 1957 1985 praedi-

1211 1998 1330 2025 ctarum
1361 1991 1391 2025 in
1408 2002 1462 2025 eos
1486 2002 1561 2024 usus
1582 1996 1817 2028 convertantur,
1833 1989 1864 2021 in
1880 2000 1959 2035 quos

1212 2040 1402 2088 principales
1424 2040 1613 2087 quantitates
1636 2038 1760 2073 fuerant
1775 2045 1959 2072 converten-

1211 2090 1278 2125 dae.
1303 2090 1483 2126 Sententiae
1511 2101 1582 2124 vero
1607 2088 1796 2136 praemissae
1818 2087 1960 2121 anctori-

1214 2148 1273 2175 tate
1304 2140 1485 2187 apostolica,
1513 2139 1566 2173 ubi
1596 2137 1768 2184 expediens
1802 2135 1961 2171 videbitur

1213 2190 1241 2224 in
1266 2190 1374 2224 ordine
1397 2202 1450 2224 seu
1477 2189 1626 2235 religione
1644 2186 1837 2225 ltttiusmodi,
1853 2195 1958 2221 eontra

1213 2240 1298 2287 ipsos
1324 2247 1557 2286 contemptores
1580 2237 1701 2273 valeant
1727 2235 1904 2284 publicari,
1931 2245 1960 2271 et

1212 2290 1335 2337 quoties
1368 2289 1563 2324 contumacia
1588 2299 1648 2323 non
1678 2286 1865 2321 solventium
1895 2298 1960 2320 exe-

1212 2340 1303 2386 gerit,
1331 2339 1489 2385 aggravari
1514 2350 1569 2386 per
1596 2337 1789 2384 superiores,
1812 2335 1864 2383 qui
1885 2335 1961 2370 loeis

1214 2389 1428 2436 praefuerint,
1450 2400 1584 2435 qnorum
1614 2386 1748 2422 extiterit
1773 2385 1887 2421 solutio
1911 2397 1961 2420 re-

1213 2438 1340 2473 tardata.
1369 2437 1433 2473 Nec
1471 2439 1500 2472 in
1529 2439 1572 2473 eis
1602 2437 1698 2472 valeat
1735 2435 1876 2471 remissio
1903 2447 1960 2469 seu

1213 2489 1307 2535 gratia
1335 2488 1575 2535 cuiuscumque,
1604 2499 1661 2522 uec
1683 2495 1808 2534 teinpus
1839 2486 1959 2533 lapsum

1216 2538 1260 2572 rel
1290 2551 1343 2586 per
1378 2539 1598 2585 negligentiam
1629 2549 1688 2571 non
1718 2535 1889 2584 petentium
1919 2535 1963 2569 in-

1214 2588 1393 2634 telligantur
1414 2587 1527 2623 remitti
1554 2587 1599 2622 vel
1624 2587 1718 2634 possit
1752 2586 1810 2620 iuri
1835 2584 1962 2632 petendi

1216 2637 1395 2685 praescribi.
1416 2637 1577 2671 Atmotntio
1599 2645 1700 2671 autem
1718 2635 1871 2669 dictarunt
1896 2646 1963 2669 sen-

1970 246 2016 273 Λη,
2036 245 2148 272 0133ss
