2274 3265
216 270 265 299 An.
284 272 312 298 C.
330 272 389 299 inst

221 580 234 600 A
246 579 335 599 concilio
344 579 394 598 l'nn-

214 611 323 630 stanneust
349 612 381 628 :at

213 646 276 662 tntnni
294 645 312 661 ut
330 642 381 661 certi
378 647 394 660 is

212 672 340 698 temp-nibus
356 677 393 697 ge-

212 704 291 723 nerana

212 737 336 755 indicantur.

303 709 355 722 enni
359 703 392 723 ilia

222 1369 243 1389 ln
256 1370 346 1389 contilio
356 1371 393 1389 ita-

211 1406 250 1426 que
261 1400 391 1420 Senenaeide-

235 1434 289 1450 ttum
305 1434 325 1450 ut
337 1430 392 1451 nasi>

210 1462 246 1481 lem
280 1462 390 1482 haberetur

210 1492 329 1512 roni-ilium.

222 1914 392 1936 Martiuuslulia-

209 1953 255 1967 num
293 1948 390 1967 cardina-

208 1978 248 1997 lem
275 1977 294 1996 S.
320 1977 390 2002 migeti

209 2016 218 2027 a
259 2009 307 2029 illud
333 2009 391 2034 inga-

209 2046 249 2060 »σοι
266 2040 314 2059 lacit

460 263 527 294 748
984 276 1170 298 numantini!

410 327 515 370 stulat,
542 340 650 361 eorum
674 328 911 373 operationibus
926 330 1009 364 vices
1033 339 1154 365 nostras

410 376 610 423 supplentes,
640 377 847 411 ministerium
880 378 970 413 nobis
997 380 1155 414 commis—

410 438 491 464 sum,
515 425 617 460 divina
640 426 804 461 assistente
826 427 942 473 gratia,
965 429 1045 463 iuxta
1076 430 1155 463 vires

411 474 500 510 nobis
522 487 557 509 ex
577 476 638 509 alto
657 488 838 521 concessas,
854 478 964 524 ‹xtqui
986 478 1152 513 valeamus.

457 524 476 571 ξ
506 527 535 558 l.
561 524 688 559 Dudum
717 526 875 573 siquidem
904 539 1029 562 sacrum
1058 541 1154 583 gene—

411 568 472 608 rale
497 575 714 609 Constanticn.
744 588 845 619 conc,
873 589 909 610 ex
939 577 1030 611 certis
1052 578 1155 612 causis

409 632 483 658 tnnc
496 624 663 670 expressis
679 625 784 659 statuit
807 633 834 659 ct
854 625 1003 671 decrevi!
1018 628 1152 674 primuni

407 674 552 719 generale
574 673 742 708 concilium
777 675 806 708 in
835 675 1089 723 quinquennium
1117 689 1152 710 ex

409 731 482 757 tunc
505 724 647 769 proxim(
670 724 820 764 futiiru1n;
842 725 1015 759 secundum
1039 739 1111 761 vero
1138 739 1152 759 ·ι

409 774 469 807 line
489 772 575 806 illum
597 773 774 807 immediate
797 775 958 821 sequentis
979 775 1103 809 concilii
1122 776 1151 808 in

407 822 619 868 septennium,
647 831 676 856 et
698 823 846 870 deinceps
868 823 1021 858 decennio
1045 824 1074 858 in
1098 824 1153 858 de-

407 871 555 906 cennium
579 879 731 918 perpetuo
763 872 826 906 fore
855 872 1097 918 celebrandum,
1122 874 1151 908 in

407 920 484 955 locis
500 933 554 967 per
576 921 753 955 Romanum
776 921 960 957 Pontificem
986 935 1040 969 per
1063 934 1153 957 men-

407 982 470 1004 sem
491 978 562 1004 ante
586 970 678 1004 finem
695 971 865 1005 cuiuslibet
880 972 1017 1015 concilii,
1036 985 1152 1019 appro—

407 1019 498 1054 bante
520 1027 550 1052 et
570 1020 787 1054 consentiente
807 1021 952 1065 concilio,
977 1021 1022 1055 vel
1041 1022 1070 1055 in
1094 1021 1152 1056 de-

407 1068 521 1103 lectum
547 1069 656 1115 ipsius,
680 1082 735 1116 per
763 1070 867 1116 ipsum
891 1071 1060 1105 concilium
1089 1071 1152 1106 de-

407 1118 553 1165 putandis
576 1127 602 1152 et
619 1119 828 1165 assignainlis;
844 1127 873 1153 ut
894 1119 956 1163 illa,
974 1132 1054 1166 quae.
1070 1121 1150 1155 circa

406 1176 518 1202 statum
534 1177 562 1201 et
586 1167 704 1202 bonum
721 1168 879 1214 publicum
900 1168 1058 1204 Ecclesiae
1078 1183 1152 1204 san—

406 1226 472 1251 ctae
492 1216 547 1252 Dei
570 1217 688 1263 agenda
711 1226 740 1251 et
764 1218 959 1265 expedienda
984 1219 1150 1259 restabant,

406 1275 526 1301 matura
550 1276 677 1312 possent
700 1267 924 1302 deliberatione
947 1269 1112 1316 compleri.

454 1320 469 1359 ξ
490 1318 523 1350 2.
552 1316 662 1357 Prout,
685 1325 837 1363 quantum
859 1317 887 1351 in
913 1317 1004 1352 nobis
1027 1318 1096 1358 fnit,
1120 1319 1150 1353 in

406 1366 539 1400 concilio
576 1365 668 1400 Senis
704 1366 813 1400 ultimo
840 1366 1008 1408 celebrato,
1036 1368 1150 1402 factum

406 1415 518 1454 extitit,
542 1415 570 1448 in
594 1428 656 1462 quo
679 1428 734 1461 per
756 1423 880 1450 nostros
902 1424 931 1450 et
952 1416 1045 1451 Sedis
1067 1417 1152 1464 Apo-

406 1464 534 1498 stolicae
563 1465 709 1508 nuncios,
743 1473 816 1499 tunc
849 1465 878 1498 in
907 1466 991 1501 dicto
1018 1467 1152 1502 concilio

407 1512 540 1548 Senensi
563 1513 788 1561 praesidentes,
816 1514 926 1548 eodem
958 1516 1151 1562 approbante

406 1563 552 1606 concili0,
575 1563 684 1598 civitas
697 1563 904 1604 Basileensis‚
920 1576 976 1610 pro
990 1565 1059 1600 loco
1079 1578 1152 1612 pro-

406 1612 488 1646 xime
526 1612 621 1646 futuri
658 1621 734 1647 tunc
763 1613 792 1646 in
827 1614 1030 1659 septennium
1067 1614 1153 1650 eele-

406 1659 513 1696 brandi
538 1661 674 1706 concilii,
701 1661 847 1709 deputata
869 1662 982 1703 extitit,
1005 1671 1097 1709 prout
1120 1664 1150 1698 in

405 1709 531 1745 decreto
554 1711 679 1756 praefati
702 1710 855 1746 Senensis
876 1711 1015 1753 concilii,
1030 1720 1061 1747 et
1085 1713 1153 1748 aliis

406 1759 520 1794 nostris
547 1760 645 1794 literis
674 1760 812 1807 desuper
838 1760 1008 1803 confectis,
1029 1762 1152 1808 plenius

404 1808 592 1844 continetur.

453 1859 519 1905 §3
545 1858 627 1894 Cum
655 1868 760 1895 autem
786 1859 855 1894 finis
887 1860 1068 1895 huiusmodi
1100 1874 1152 1896 se-

408 1908 541 1963 pmtennii,
568 1921 631 1955 quo
657 1909 824 1945 concilium
855 1909 958 1957 ipsum
983 1910 1013 1944 in
1041 1910 1150 1946 eadem

404 1957 527 1992 civitate
544 1957 716 1994 Basileensi
741 1958 912 1994 tenendum
935 1967 966 1994 et
988 1960 1152 1996 celebran—

405 2007 478 2042 dum
502 2008 567 2043 fore
590 2017 740 2044 statutum
765 2009 834 2053 fuit,
855 2009 968 2044 instare
992 2019 1151 2051 noscatur

405 2071 541 2106 cumque
570 2068 696 2107 propter
733 2037 886 2104 notoriam
920 2060 1167 2107 aegritudinem·

406 2116 542 2143 nostram
578 2110 608 2143 in
638 2110 705 2157 ipso
737 2110 843 2144 futuro
870 2109 1042 2145 Basileensi
1073 2124 1151 2146 con-

405 2158 488 2199 cilio,
512 2158 580 2193 Deo
601 2167 740 2201 auctore,
762 2159 963 2204 celebrando,
988 2160 1070 2196 iuxta
1094 2161 1150 2196 de-

404 2208 554 2243 siderium
577 2209 680 2244 cordis
696 2210 805 2250 nostri,
829 2210 980 2245 interesse
997 2223 1059 2245 uon
1079 2224 1151 2259 pos-

404 2259 519 2298 simus;
554 2266 600 2298 te,
630 2259 708 2293 vitae
743 2259 917 2306 integritate
943 2268 973 2295 et
999 2261 1150 2307 sapientia

405 2309 611 2354 praeclarum,
633 2317 663 2343 et
679 2309 895 2356 magnitudine
923 2310 1045 2345 consilii
1073 2323 1151 2345 con-

406 2360 564 2405 spicuum,
588 2372 622 2394 ac
645 2359 675 2393 in
699 2360 842 2395 maximis
868 2361 982 2396 nostris
1009 2369 1038 2396 et
1063 2374 1151 2408 prae-

409 2409 485 2444 fatae
518 2409 679 2445 Ecclesiae
709 2411 848 2457 negociis
876 2410 1023 2446 diuturna
1051 2424 1151 2457 expe-

407 2459 513 2494 rientia
536 2460 789 2507 comprobatum,
812 2460 947 2507 legatum
965 2474 1037 2495 cum
1062 2461 1150 2507 plena

406 2518 434 2543 et
469 2510 649 2545 omnimoda
678 2518 828 2557 potestate
858 2511 949 2557 legati
978 2510 1015 2545 de
1044 2511 1151 2550 latere

406 2559 444 2593 de
461 2558 588 2594 fratrum
606 2569 784 2595 nostrorum
801 2561 945 2599 consilio,
969 2561 1152 2596 auctoritate

407 2609 575 2654 apostolica
611 2617 718 2645 tenore
755 2611 979 2657 praesentium,
1009 2610 1151 2650 facimus

407 2659 628 2694 constituimus
651 2668 678 2694 et
707 2660 798 2695 etiam
828 2660 1021 2695 ordinamus.

1199 276 1357 298 ιιοΜΑΝυΜ
1956 279 2002 305 An
2025 279 2054 305 C.
2062 270 2132 306 Ί1ι51

1244 334 1313 373 §.4
1341 330 1451 377 Teque
1478 330 1514 364 ad
1542 331 1699 365 civitatem
1728 331 1982 369 Basileensem‘¹u
1973 346 2022 361 ”w
2031 346 2069 360 ¹⁰⁰
2076 347 2137 365 15511·

1197 350 1408 426 praedictam
1442 392 1497 426 pro
1525 379 1630 414 futuro
1654 380 1786 425 ibidem,
1813 372 1986 422 auctorcffl
1986 375 2138 428 ,¹¹¹¹‚„¹1'‡

1198 429 1347 468 Domino,
1371 428 1507 463 tenendo
1529 437 1558 463 et
1586 429 1774 465 celebrando
1807 431 1992 486 conciliosiffl‘
1997 464 2013 483 [Α
2014 435 2122 484 ‘⁰¹1¹'ffffs¹¹
2128 447 2136 448 ff

1195 478 1349 524 generali,
1379 479 1460 512 iuxta
1488 478 1744 514 deliberationem
1769 488 1799 514 et
1821 480 1942 515 ordina-
1970 470 1980 483 ⁰
2031 471 2041 485 ¹
2085 471 2094 484 ρ

1196 528 1312 562 tionem
1327 528 1491 574 praefatas,
1509 536 1666 575 tamquam
1680 529 1826 576 angelum
1845 531 1941 577 pacis

1195 576 1417 611 destinandum
1447 577 1651 624 providimus.
1682 578 1721 612 Et
1748 592 1820 613 cum
1848 592 1942 626 supet

1195 627 1298 661 omnia
1335 627 1364 660 in
1390 627 1456 674 ipso
1485 627 1588 661 l'uturo
1615 628 1749 663 concilio
1776 628 1812 663 ad
1842 629 1940 664 refor-

1195 676 1346 710 mandum
1370 684 1484 711 statum
1508 677 1774 722 ecclesiasticum,
1801 679 1854 726 qui
1882 678 1942 713 hoc

1195 734 1336 772 tempore
1361 726 1501 772 indigere
1526 726 1660 767 videtur,
1674 726 1862 763 'abundante
1886 741 1943 762 ne-

1194 775 1289 821 quitia
1324 783 1353 809 et
1374 776 1567 829 frigescente
1593 777 1722 811 caritate
1752 777 1916 812 bominum
1935 806 1942 818 ,

1194 824 1350 859 suscitatis
1373 825 1453 860 iuter
1476 825 1584 860 fideles
1607 825 1696 861 bellis
1711 835 1738 860 et
1763 827 1941 871 discordiis,

1194 886 1230 908 ac
1253 874 1461 909 invalescente
1485 876 1513 908 in
1538 875 1680 922 pluribus
1708 876 1818 910 mundi
1843 879 1942 924 parti-

1195 923 1253 957 bus
1269 923 1421 959 haeretica
1445 932 1605 971 pravitate,
1617 925 1654 960 ad
1673 926 1855 961 huiusmodi
1881 926 1943 961 hae-

1195 985 1278 1007 reses
1304 973 1515 1021 extirpandas,
1543 982 1572 1009 et
1596 987 1704 1021 pacem
1723 975 1803 1010 inter
1831 976 1943 1011 catho-

1194 1022 1271 1056 licos
1312 1035 1468 1069 principes
1507 1032 1536 1057 et
1572 1031 1711 1059 caeteros
1753 1025 1942 1061 christianos

1192 1072 1460 1119 componendam,
1480 1074 1620 1107 animum
1644 1074 1811 1109 efficaciter
1838 1075 1942 1110 inten-

1193 1121 1316 1162 damus;
1332 1134 1426 1169 super
1441 1135 1500 1169 qua
1510 1131 1714 1169 re‚quantum
1726 1124 1756 1158 in
1768 1124 1857 1158 nobis
1873 1124 1942 1167 fuit,

1193 1170 1341 1206 dedimus
1370 1183 1496 1218 operam
1528 1172 1704 1217 efficacem,
1724 1173 1792 1217 tibi,
1815 1174 1942 1209 nomine

1192 1229 1221 1254 et
1248 1221 1435 1256 auctoritate
1459 1222 1583 1265 nostris,
1607 1223 1828 1269 ipsi-concilio
1849 1235 1942 1270 prae-

1192 1270 1329 1309 sidendi,
1360 1283 1395 1305 ac
1419 1271 1447 1305 in
1479 1271 1531 1305 illo
1559 1284 1615 1318 pro
1638 1280 1688 1306 tua
1715 1272 1868 1319 sapientia
1891 1273 1941 1308 illa

1194 1320 1407 1366 proponendi,
1430 1320 1642 1362 deliberandi,
1665 1321 1851 1365 ordinandi,
1877 1330 1940 1358 sta-

1194 1368 1301 1403 tuendi
1336 1377 1366 1403 et
1394 1369 1603 1411 decernendi,
1637 1383 1718 1418 quae
1745 1371 1783 1405 ad
1818 1371 1941 1407 laudem

1193 1428 1222 1452 et
1245 1418 1395 1452 bonorem
1418 1419 1474 1453 Dei
1498 1427 1527 1453 et
1549 1421 1820 1455 conservationem
1843 1430 1873 1456 et
1891 1434 1942 1456 au-

1193 1476 1378 1514 gumentum
1417 1468 1596 1515 religionis,
1634 1469 1705 1504 fidei
1743 1470 1942 1515 christianas,

1193 1526 1308 1551 statum
1333 1517 1507 1556 Ecclesiae
1537 1518 1789 1554 reformationem
1812 1532 1940 1574 quoque

1195 1566 1289 1601 totius
1311 1566 1384 1601 cleri
1412 1575 1441 1602 et
1463 1567 1665 1602 ecclesiastici
1689 1577 1790 1603 status
1816 1581 1847 1603 in
1871 1582 1941 1604 mo-

1193 1615 1282 1650 ribus
1303 1623 1332 1650 et
1348 1616 1420 1655 vita,
1439 1628 1562 1651 necnon
1586 1616 1802 1652 reductionem
1824 1617 1942 1653 Orien-

1194 1665 1265 1699 talis
1300 1664 1478 1709 Ecclesiae,
1505 1673 1536 1700 et
1562 1665 1775 1712 quorumlibet
1808 1666 1939 1702 aliorum

1193 1713 1408 1749 oberrantium
1436 1715 1473 1749 ad
1507 1715 1662 1761 gremium
1690 1715 1854 1751 Ecclesiae
1881 1717 1942 1751 mi-

1194 1763 1324 1807 litantis,
1351 1776 1386 1798 ac
1417 1764 1688 1800 conservationem
1712 1765 1940 1801 ecclesiasticae

1192 1812 1364 1852 libertatis
1392 1813 1525 1848 salutem
1561 1826 1704 1862 quoque,
1737 1815 1876 1863 quietem
1911 1823 1941 1851 et

1194 1874 1302 1909 pacem
1330 1875 1510 1909 regnorum,
1535 1876 1656 1911 regum,
1684 1863 1824 1911 ducum,
1850 1865 1941 1913 prin-

1193 1912 1298 1959 cipum
1328 1922 1357 1947 et
1384 1913 1600 1968 quorumlibet
1636 1913 1774 1949 fidelium
1803 1914 1941 1962 populo-

1194 1974 1261 1996 rum
1297 1963 1421 1998 nove1is
1449 1962 1618 2018 pertinere,
1640 1976 1676 1998 ac
1703 1963 1797 1998 etiam
1822 1964 1939 2000 ibidem

1193 2024 1265 2046 cum
1294 2011 1399 2046 debita
1433 2013 1611 2048 maturitate
1634 2022 1664 2048 et
1691 2013 1939 2055 deliberatione.

1194 2070 1285 2108 prout
1307 2062 1338 2096 in
1359 2070 1441 2098 tanta
1464 2075 1497 2098 re
1512 2063 1670 2107 convenit,
1693 2076 1727 2098 ea
1750 2064 1855 2099 omnia
1871 2078 1941 2112 pro-

1195 2111 1345 2158 ponendi,
1367 2111 1576 2156 decernendi,
1598 2113 1809 2149 concludendi
1831 2122 1863 2150 et
1884 2127 1940 2150 ex-

1193 2161 1342 2209 equendi,
1375 2175 1430 2209 per
1462 2175 1542 2210 quae
1571 2163 1716 2198 haereses
1738 2172 1768 2199 et
1795 2176 1939 2205 errores,

1193 2219 1254 2246 tam
1283 2211 1321 2246 de
1345 2212 1509 2257 Bobemia,
1531 2225 1624 2260 quam
1647 2213 1686 2248 de
1711 2213 1781 2249 aliis
1807 2213 1940 2261 quibus-

1193 2273 1329 2308 cumque
1351 2262 1478 2310 regnis,
1507 2262 1696 2310 provinciis,
1719 2263 1828 2308 terris,
1862 2264 1940 2301 locis

1194 2312 1222 2346 in
1246 2310 1362 2358 quibus
1394 2320 1481 2357 sunt,
1512 2312 1639 2360 penitus
1672 2313 1883 2361 extirpentur;
1910 2322 1940 2350 et

1194 2362 1400 2397 nibilominus
1434 2362 1472 2397 de
1501 2363 1681 2409 praemissis
1708 2363 1873 2399 haeresum
1910 2373 1940 2400 et

1193 2411 1445 2460 quibuscumque
1467 2412 1536 2447 aliis
1562 2413 1681 2455 causis,
1709 2413 1802 2449 fidem
1831 2415 1940 2451 catho-

1193 2461 1284 2496 licam
1308 2462 1585 2503 concernentibus,
1613 2463 1853 2511 quomodolibet
1867 2477 1939 2500 cum

1194 2511 1326 2546 consilio
1342 2512 1415 2548 dicti
1438 2513 1562 2548 concilii
1577 2513 1801 2561 cognoscendi,
1819 2514 1941 2563 aliaque

1195 2574 1250 2608 per
1272 2569 1300 2596 te
1325 2562 1369 2597 vel
1395 2576 1449 2610 per
1476 2563 1571 2598 alium
1601 2576 1655 2598 seu
1685 2563 1763 2599 alios
1790 2577 1805 2599 a
1832 2573 1860 2600 tc
1882 2565 1939 2600 de—

1195 2611 1351 2657 putandos
1373 2612 1534 2657 audiendi,
1556 2613 1722 2649 decidendi
1750 2621 1780 2648 et
1804 2614 1864 2649 line
1885 2614 1939 2650 de-

1194 2660 1259 2695 bito
1279 2674 1351 2696 cum
1374 2662 1512 2710 praefato
1535 2663 1668 2698 concilio
1690 2663 1890 2699 terminandi.
