2274 3265
243 273 292 300 ΑΒ.
306 271 335 300 C.
357 272 419 300 ¹281

251 828 345 849 nemisse
358 827 383 848 d·
398 831 420 847 ιο

239 860 310 880 sentit.

248 1320 355 1347 Quomodo
384 1321 418 1340 in-

236 1353 277 1372 vitu
267 1358 290 1371 us
308 1352 419 1378 pontittca

237 1387 277 1403 tum
303 1384 417 1408 acceperit

488 263 532 296 50

437 327 589 373 extirpare
612 326 696 365 vitia,
720 325 849 359 virtutes
877 325 1024 365 inserere,
1048 338 1104 371 pro
1139 325 1184 359 vi-

437 375 523 410 ribus
545 375 754 409 Ecclesiarnni
779 375 906 409 obviare.
929 375 1088 421 periculis,
1119 387 1183 421 pro-

437 424 540 458 videre
584 423 771 465 commodis,
808 432 837 459 et
871 423 963 459 saluti
1007 425 1185 471 specialiter

436 474 597 508 intendere
624 474 821 515 animarum,
848 482 947 509 status
984 474 1182 509 eminentiam

434 531 463 557 et
487 523 729 558 immensitatem
754 523 948 558 imminentis
971 525 1075 557 oneris
1106 536 1185 569 pen-

434 572 594 613 sabamus,
618 581 703 607 tanto
725 586 762 608 ex
802 572 983 608 huiusmodi
1023 573 1183 607 vocatione

436 623 547 656 redditi
584 623 715 669 proinde
750 624 850 669 magis
888 622 1034 666 attoniti,
1066 630 1183 669 quanto

435 672 473 706 ab
498 673 616 707 altioris
637 673 752 719 gradus
774 673 915 720 appetitu
948 671 1107 706 fueramus
1145 671 1184 705 ab

435 722 508 756 olim
534 722 594 757 fixo
623 722 784 769 proposito
806 723 912 761 alieni,
934 721 1071 756 arbitrati
1099 733 1184 755 sem-

438 784 492 819 per
514 772 636 806 tutioris
672 772 738 807 fore
773 771 909 816 consilii,
948 770 1038 805 nobis
1076 770 1182 804 altiora

436 834 496 856 non
525 833 685 868 quaerere,
709 823 737 856 in
777 821 879 856 Domo
915 821 1041 855 Domini
1077 819 1184 853 bumi-

436 872 504 906 liter
532 872 700 905 liabitando
723 872 762 906 de
787 870 907 917 propria
931 870 1030 904 salute
1063 881 1183 908 curare,

434 933 527 969 quam
552 921 728 976 periculose
755 933 850 967 super
878 919 1086 954 uniiersalem
1121 931 1185 952 om-

435 971 521 1005 nium
545 983 650 1005 curam
674 971 778 1015 erigi,
809 978 840 1004 et
880 969 916 1003 ad
955 969 1028 1002 tanti
1070 967 1181 1014 fastigii

433 1021 663 1056 solicitudinem
692 1019 814 1054 elevari
844 1018 926 1052 Hinc
943 1018 1075 1053 iusul‘fn
1071 1026 1183 1052 tentiae

434 1079 557 1105 nostrae
579 1069 790 1105 consideratio
804 1068 1007 1103 contrahebat
1029 1068 1182 1107 animum,

433 1128 463 1154 et
501 1120 576 1154 tanti
612 1119 827 1166 assumptione
871 1118 985 1153 laboris
1020 1117 1181 1152 dexteram

434 1169 627 1210 retrahebat,
667 1168 816 1203 suadebat
856 1168 1034 1211 instantius,
1078 1167 1183 1214 potius

434 1228 535 1254 tantae
563 1220 652 1253 molis
680 1219 805 1266 pondus
827 1217 976 1264 effugere,
998 1229 1091 1264 quam
1126 1229 1182 1251 eo—

435 1269 574 1303 iumdem
613 1268 742 1303 fratrum
779 1269 944 1302 instantiae
991 1267 1181 1301 consentire.

432 1318 563 1360 Verum,
603 1319 631 1353 in
660 1319 853 1353 contrarium
882 1316 1074 1351 conscientia
1107 1329 1182 1350 sua-

433 1368 539 1412 dente,
569 1381 629 1402 non
653 1380 722 1402 esse
745 1367 897 1402 vocationi
921 1366 1061 1406 Domini,
1090 1378 1181 1412 qnam

434 1426 519 1452 tanto
542 1418 740 1452 verisimilius
759 1416 941 1452 eorumdem
959 1416 1088 1450 fratrum
1105 1415 1183 1449 adeo

436 1468 591 1502 unanimis
616 1467 783 1502 concordia
806 1465 1039 1514 praetendebat,
1066 1473 1183 1512 quanto

434 1518 553 1552 diutins
576 1518 714 1564 ipsorum
744 1516 866 1551 fuerant
906 1523 974 1550 vota
1012 1514 1182 1556 discordia,

433 1567 661 1601 contumaciter
689 1566 909 1606 resistendum
949 1577 988 1600 ne
1021 1565 1086 1611 ipsa
1126 1564 1182 1598 Dei

435 1616 573 1651 Ecclesia
597 1629 634 1651 eo
662 1616 813 1663 prolixius
836 1614 1184 1661 viduitatisdispendiis

434 1674 624 1711 gravaretur,
652 1678 716 1714 quo
737 1666 794 1700 alia
827 1677 899 1712 spes
933 1673 999 1699 erat
1038 1664 1185 1699 incertior

434 1717 472 1751 de
500 1717 599 1763 ipsius
623 1716 801 1763 provisione
828 1716 941 1756 viciua;
964 1714 1088 1749 taudem
1129 1726 1184 1748 va-

435 1766 488 1800 riis
509 1766 651 1813 allegatis
673 1765 941 1804 excusationibus,
970 1776 1026 1799 nec
1061 1764 1184 1798 admis-

434 1816 489 1857 sis,
517 1817 571 1851 sed
594 1815 633 1850 ab
660 1817 779 1850 eisdem
804 1815 963 1855 fratribus,
987 1814 1015 1848 iu
1051 1826 1089 1848 eo
1122 1813 1185 1847 fer-

436 1878 507 1900 vore
532 1866 697 1900 voluntatis
718 1865 839 1905 anxiae,
874 1864 1184 1911 importunitatisque

436 1915 636 1950 multimodae
678 1915 846 1959 obauditis,
875 1923 907 1948 ut
927 1926 1038 1948 manus
1059 1914 1095 1948 ad
1128 1926 1185 1947 ex-

436 1965 572 2000 uendum
595 1977 654 2000 nos
675 1964 886 2012 chlamydem,
903 1976 961 2010 qua
988 1963 1184 2009 tegebamur,

434 2015 648 2054 extenderint,
673 2027 730 2049 nec
764 2015 861 2061 ipsius
889 2021 1036 2060 rupturae
1072 2025 1184 2059 peper-

434 2066 547 2109 cerint,
562 2065 620 2099 sub
634 2077 690 2112 spe
714 2064 869 2111 Unigeniti
886 2063 944 2098 Dei
969 2062 1038 2097 Filii
1057 2062 1182 2097 Domini

436 2117 532 2149 nostri
572 2115 642 2148 lesu
679 2113 795 2149 Cbristi
841 2113 1025 2147 humilitatis
1059 2121 1183 2147 nostrae

435 2164 512 2199 colla
536 2164 723 2199 subiicimus
758 2164 831 2211 iugo
868 2163 1056 2209 apostolicae
1088 2163 1186 2196 servi-

435 2215 521 2254 tutis,
543 2214 582 2249 de
603 2227 658 2250 sua
682 2214 794 2261 pietate
815 2220 989 2260 sperantes,
1002 2212 1085 2259 quod
1104 2212 1184 2258 lpse,

434 2266 486 2311 qui
517 2264 601 2299 iuxta
624 2264 835 2310 evangelicam
860 2263 1020 2297 veritatem
1044 2262 1185 2309 quinque

436 2326 563 2360 panum,
586 2315 786 2361 duorumque
826 2312 958 2360 piscium
997 2313 1183 2359 paucitatem

435 2365 566 2399 satietati
590 2363 817 2399 discumbentis
848 2362 885 2397 ad
926 2362 1045 2396 iussum
1088 2361 1185 2406 ipsius

437 2415 610 2450 immensae
650 2413 862 2448 multitudinis
895 2424 967 2446 cum
996 2412 1073 2445 mira
1102 2411 1185 2458 frag-

437 2473 615 2499 mentorum
659 2463 944 2510 superabundantia
985 2461 1185 2508 coaequarit,

439 2522 562 2549 nostrae
585 2513 809 2549 imbecillitatis
843 2511 1095 2547 insufficientiam
1130 2523 1183 2545 sua

439 2563 590 2599 immensa
615 2564 727 2599 virtute
749 2563 833 2610 quali
869 2562 952 2610 quali
980 2562 1089 2597 saltem
1118 2560 1186 2595 sus-

439 2614 593 2649 licientiae
616 2614 689 2648 tanti
717 2613 821 2648 oneris
847 2621 876 2648 et
893 2611 1007 2647 laboris
1029 2610 1184 2658 aequabit.

487 2663 507 2710 S
535 2666 565 2698 5.
596 2663 641 2698 Ad
683 2663 765 2709 quod
796 2663 834 2699 dc
875 2675 930 2699 sua
971 2660 1186 2698 misericordia

1012 271 1200 294 nouatum!
1222 270 1385 294 ROMANUM

1224 324 1433 359 obtinendum
1463 332 1634 357 vestrarum
1657 322 1830 356 orationum
1859 323 1972 357 suffra-

1224 375 1274 421 gia
1303 374 1431 408 ferventi
1460 372 1618 407 desiderio
1646 371 1860 418 imploramus,
1902 384 1971 406 uni-

1225 424 1400 458 versitatem
1424 431 1557 457 vestram
1579 429 1743 456 monentes
1765 429 1794 455 et
1812 421 1972 456 hortantes

1226 473 1253 507 in
1282 473 1429 512 Domino,
1453 484 1570 519 vosque
1599 471 1805 505 nibilominus
1828 479 1973 517 rogantes

1225 523 1385 563 instanter,
1412 531 1567 569 quatenus
1596 532 1703 568 preces
1741 520 1894 564 bumiles,
1915 521 1973 555 de-

1226 580 1310 606 votas
1337 580 1366 606 et
1393 572 1520 606 sedulas
1546 571 1728 617 frequenter
1760 569 1900 604 fundatis
1934 570 1970 604 ad

1225 620 1408 661 Dominum,
1437 629 1470 655 ut
1493 621 1561 667 ipse
1584 621 1612 654 in
1652 619 1795 654 ubertate
1833 619 1973 654 clemen-

1225 679 1283 705 tiae
1312 683 1387 706 suac
1432 679 1620 717 praetactam
1657 676 1794 703 nostram
1835 680 1972 714 inopiam

1224 721 1379 767 suppleat,
1411 720 1603 754 debilitatem
1639 718 1759 761 fulciat,
1796 717 1973 764 nobisque,

1224 770 1308 816 quod
1332 778 1377 804 est
1404 782 1586 810 onerosum,
1615 768 1740 815 levitret,
1769 767 1852 814 quod
1891 767 1975 802 labo-

1226 832 1356 861 iiosum,
1389 819 1522 859 alleviet;
1562 817 1647 865 quod
1682 818 1866 862 obscurum,
1899 829 1974 852 suae

1224 869 1372 903 claritatis
1395 869 1462 903 luce
1486 869 1612 911 revelet,
1634 875 1666 902 et
1692 880 1801 915 aspera
1834 879 1974 902 conver-

1225 926 1267 952 tat
1289 918 1319 952 in
1344 917 1444 964 plana;
1467 917 1574 964 sicque
1598 927 1665 953 vota
1701 925 1804 952 nostra
1845 929 1975 963 praeve—

1225 968 1342 1002 niendo
1369 967 1540 1002 clementer
1566 967 1692 1012 aspiret,
1731 976 1761 1002 et
1795 967 1975 1001 misericor—

1224 1017 1304 1051 diter
1326 1017 1505 1051 adiuvando
1541 1016 1708 1063 benignius
1729 1025 1974 1072 prosequatur,

1224 1066 1307 1114 quod
1337 1066 1423 1101 zelus
1446 1074 1552 1101 noster
1575 1078 1702 1113 semper
1728 1065 1758 1099 in
1782 1067 1883 1113 ipsius
1917 1066 1974 1101 be—

1225 1117 1390 1163 neplacitis
1413 1115 1540 1159 lerieat,
1569 1128 1626 1150 nec
1659 1127 1799 1162 unquam
1836 1116 1866 1149 in
1904 1115 1976 1150 illo—

1225 1179 1292 1200 rum
1315 1167 1501 1201 executione
1531 1173 1697 1212 torpescat.
1732 1163 1798 1199 Vos
1837 1177 1975 1212 quoque,

1223 1228 1304 1262 quos
1346 1215 1386 1250 de
1430 1216 1579 1262 gregibus
1626 1215 1807 1260 diligentiae
1853 1222 1976 1250 vestrae

1223 1265 1402 1300 commissis
1426 1265 1590 1312 pastoralis
1617 1265 1710 1299 officii
1729 1277 1803 1299 cura
1826 1264 1975 1307 solicitat,

1225 1315 1262 1348 ita
1275 1315 1441 1360 diligenter
1459 1315 1533 1349 illud
1550 1315 1701 1358 studeatis
1717 1314 1860 1361 implere,
1875 1314 1972 1361 quod,

1224 1377 1295 1398 cum
1324 1365 1479 1399 discussio
1500 1364 1631 1402 venerit,
1659 1372 1689 1398 et
1717 1363 1816 1398 exacti
1852 1363 1974 1398 fueritis

1225 1426 1282 1460 pro
1310 1414 1370 1448 illis
1405 1414 1535 1449 reddere
1570 1415 1733 1456 rationem,
1769 1425 1831 1447 nou
1870 1411 1973 1448 solum

1225 1463 1308 1498 illam
1337 1476 1408 1498 cum
1436 1465 1603 1498 securitate
1629 1463 1780 1506 reddatiS,
1812 1462 1867 1497 sed
1905 1462 1974 1496 exi—

1224 1513 1303 1559 gatis
1325 1514 1467 1559 gratiam;
1490 1522 1518 1547 et
1544 1514 1672 1548 interim
1696 1513 1726 1547 in
1756 1513 1868 1547 vestris
1909 1511 1974 1546 Ec-

1224 1563 1455 1610 clesiarumque
1489 1570 1661 1597 vestrarum
1696 1562 1840 1608 negotiis,
1880 1573 1976 1608 super

1224 1612 1340 1659 quibus
1376 1613 1505 1660 potestis
1533 1612 1571 1647 ad
1606 1625 1664 1647 nos
1699 1624 1770 1646 cum
1805 1611 1974 1647 securitate

1226 1675 1397 1705 recurrere,
1436 1662 1635 1710 Apostolicae
1670 1661 1764 1697 Sedis
1803 1661 1973 1708 propitium

1226 1713 1406 1747 mereamini
1429 1712 1544 1747 sentire
1567 1712 1702 1746 savorem
1726 1720 1778 1746 etc.

1275 1761 1389 1796 Datum
1417 1762 1500 1809 apud
1529 1761 1645 1796 Urbem
1670 1761 1830 1797 Veterem.

1343 1823 1403 1854 Dat.
1423 1833 1499 1854 anuo
1516 1824 1602 1861 1281,
1625 1824 1726 1863 pontif.
1745 1833 1822 1854 anno
1838 1834 1856 1854 i.

1579 2007 1617 2041 lt.

1225 2090 1399 2124 Prohfibitio
1420 2101 1455 2123 ne
1480 2090 1591 2133 fratres
1621 2089 1766 2121 ordinum
1798 2088 1976 2122 mendican-

1274 2146 1350 2177 tium
1376 2145 1418 2178 ad
1438 2145 1515 2177 alios
1536 2144 1657 2176 ordines
1686 2150 1841 2176 transeant
1863 2145 1924 2186 (A).

1493 2222 1704 2253 summatum

1227 2292 1253 2321 ‘le
1271 2290 1311 2321 Ex
1333 2290 1563 2320 mendicantium
1592 2289 1747 2320 ordinibus
1770 2290 1805 2319 ad
1829 2289 1902 2319 alios
1929 2297 1977 2318 or-

1266 2337 1350 2366 dines
1386 2335 1543 2365 transitum
1579 2334 1725 2374 probibet.
1759 2352 1798 2357 —
1837 2333 1975 2364 Ordinem

1266 2380 1518 2411 Cartliusiensium
1531 2381 1646 2419 excipit.
1661 2397 1700 2402 —
1712 2380 1905 2419 Receptiones
1918 2381 1975 2410 iam

1267 2426 1357 2455 factas
1375 2425 1481 2455 abolet.
1503 2442 1542 2447 —
1563 2424 1706 2464 Receptos
1728 2425 1758 2454 in
1783 2433 1869 2454 suum
1897 2424 1978 2454 ordi-

1266 2480 1331 2500 nem
1355 2471 1471 2508 regredi
1503 2470 1630 2500 mandat.
1658 2486 1697 2492 -
1724 2469 1751 2500 2.
1783 2469 1977 2500 Contumaces

1266 2520 1411 2555 apostatas
1434 2515 1571 2545 declarat.
1593 2532 1632 2537 —
1660 2515 1687 2545 3.
1709 2513 1894 2545 Obstantium
1922 2514 1975 2544 de—

1267 2561 1387 2599 rogatio.
1415 2577 1453 2582 ——-
1480 2561 1507 2590 i.
1530 2560 1692 2591 Consuctae
1715 2559 1923 2590 conclusiones
1950 2564 1977 2589 et

1267 2605 1427 2634 clausulae.

1263 2672 1302 2709 (t)
1317 2672 1355 2699 Ex
1372 2671 1523 2709 Waddingo
1537 2681 1600 2701 nov.
1620 2671 1696 2705 edit„
1714 2677 1777 2701 tom.
1792 2680 1819 2705 v,
1840 2680 1898 2707 pag.
1916 2672 1973 2700 ¹05.

1986 269 2034 295 Αη.
2052 268 2082 296 C.
2100 269 2164 296 ¹28¹

1993 328 2114 350 rra-»nutum
2122 335 2169 357 pro·

1947 372 1952 378 .
1986 364 2022 379 ee·
2037 359 2133 385 nuptant
