2274 3265
144 247 191 272 An.
213 245 240 270 C.
260 246 324 271 11107

156 683 228 703 Testes
246 686 312 702 institi

142 750 182 766 195.

171 1445 305 1465 instrumenti

142 1477 204 1498 huius
225 1476 313 1503 legattza
315 1488 326 1491 -

142 1513 178 1529 110.

182 2387 299 2407 ciausutae.

958 243 1140 266 ‹ittmotttts
1167 244 1210 265 ΧΙΙ
1240 244 1286 265 PP-

340 299 374 333 lu
395 312 527 347 quorum
543 301 684 335 omniunt
710 300 921 335 testiinonium
943 311 1090 346 praesen-

340 362 387 388 tes
411 355 473 388 lieri
499 355 657 397 iussimus,
695 356 857 401 nostrique
895 354 1091 400 pontificatus

339 409 429 454 sigilli
448 410 621 443 munimine
639 409 788 443 roborari.
809 409 921 443 Datnni
937 417 967 442 et
985 415 1088 441 actum

340 463 541 498 Venetiarnin
567 464 596 496 in
620 463 690 497 loco
713 462 883 508 supradicti
905 461 937 496 S.
961 461 1089 507 Georgii

341 517 369 550 in
397 517 471 562 Aiga
495 516 705 550 Castellanen.
734 517 898 556 dioecesis,
926 528 1007 549 anno
1035 526 1091 548 na-

340 571 465 605 tivitatis
487 570 613 605 Domini
643 573 706 604 140
720 574 745 614 l,
774 570 942 605 indictione
969 569 1092 604 (luode-

340 625 431 663 cima‚
445 624 495 658 die
518 624 596 658 lovis
615 625 777 670 trigesimo
801 624 918 659 mensis
936 624 1088 664 octobris3

316 694 325 697 -
342 677 560 724 praesentibus
592 691 694 712 vener.
721 680 783 712 riro
807 679 935 713 domino
963 678 1092 724 presby-

143 718 326 740 mentnprtieren-
1056 718 1063 725 5

341 741 406 767 tero
429 732 543 767 Ioanne
560 733 597 767 de
622 733 720 767 Puteo
739 733 957 768 archidiacono
980 741 1009 766 et
1031 732 1093 766 dia-

340 799 419 820 cono
441 786 600 821 Ecclesiae
616 787 888 834 Nigr-opuntensis,
903 787 994 821 l'etro
1009 787 1092 821 Mau-

341 852 457 875 roceno
480 841 542 874 titio
569 842 728 887 qnondam
747 841 784 875 D.
801 842 911 876 Marini
940 842 1093 876 canonico

340 894 501 929 Ecclesiae
523 895 744 934 Tltanrisinae,
772 896 844 931 nol).
870 897 935 930 viro
969 895 1006 930 D.
1037 896 1061 929 Α

340 950 430 985 berto
453 949 551 985 Dente
574 952 732 998 quondam
757 952 795 986 D.
821 951 964 986 Andreae
979 951 1018 986 de
1037 964 1092 996 pa-

340 1005 444 1039 rocbia
466 1005 499 1039 S.
526 1005 654 1047 lnliani,
683 1006 719 1040 D.
751 1006 975 1040 Bartliolotneo
1009 1006 1092 1040 Faba

340 1059 403 1093 lilio
434 1059 594 1105 qnondam
638 1060 674 1094 D.
706 1060 817 1094 Donati
862 1060 900 1093 de
945 1060 1092 1106 parocbia

340 1112 373 1146 S.
403 1112 524 1157 Vitalis,
551 1121 581 1147 et
609 1114 676 1147 aliis
711 1113 842 1147 testibus·
870 1114 905 1146 :id
927 1114 1094 1160 praemissa

340 1167 456 1201 vocatis
478 1168 657 1214 specialiter
678 1176 707 1201 et
736 1168 865 1214 rogatis,
895 1167 1095 1214 pontificatus

340 1222 529 1256 sanctissimi
550 1222 578 1255 in
602 1220 730 1256 Christo
754 1222 849 1268 patris
871 1230 901 1255 et
922 1221 959 1255 D.
983 1221 1020 1255 N.
1056 1221 1093 1255 D.

340 1275 513 1310 innocentii
534 1275 636 1310 divina
661 1275 854 1322 providentia
877 1275 966 1309 electi
991 1275 1093 1321 Papae

340 1330 464 1376 septimi
488 1342 571 1364 anno
595 1330 706 1375 primo.

391 1389 405 1428 ξ
429 1389 485 1419 51.
506 1385 573 1431 Ego
595 1384 760 1419 Lucliinus
785 1384 868 1418 titius
887 1397 916 1431 q.
935 1383 972 1418 D.
998 1384 1092 1418 Marci

341 1440 418 1474 civis
445 1448 475 1473 et
503 1438 656 1473 habitator
684 1437 899 1475 Venetiarum,
922 1437 1094 1484 apostolica

340 1502 371 1528 et
387 1493 540 1539 imperiali
564 1493 748 1527 auctoritate
774 1493 914 1526 notarius
937 1492 1094 1538 publicus

341 1547 558 1594 praedictarum
576 1547 736 1582 literarum
754 1548 941 1593 apostolica·
946 1560 997 1581 tnn
1014 1560 1095 1594 pite-

341 1603 505 1636 sentationi
521 1611 551 1635 et
567 1604 703 1648 ipsarum
720 1601 910 1640 executioni
925 1614 980 1635 sen
999 1602 1096 1647 ipsius

341 1656 379 1690 D.
408 1664 588 1690 executoris
625 1664 654 1689 et
690 1655 896 1690 connuissarii
931 1655 1094 1701 apostolici

341 1710 551 1756 dispositioni,
575 1710 812 1747 modificationi,
833 1709 996 1744 mutationi
1015 1710 1095 1756 prio-

343 1773 427 1799 ratus
471 1764 620 1811 praedicti
660 1773 690 1798 et
730 1777 826 1798 norae
869 1764 1097 1799 reformationis

344 1819 442 1864 ipsius
465 1819 523 1854 loci
540 1819 572 1854 S.
594 1819 720 1865 Georgii
746 1819 774 1852 in
799 1818 876 1865 Alga
895 1828 925 1853 et
948 1818 1097 1853 omnibns

344 1873 414 1907 aliis
441 1882 470 1907 et
498 1875 630 1921 singuiis
652 1873 842 1920 supradictis
867 1886 925 1907 nna
949 1887 1019 1907 cum
1043 1887 1097 1908 su-

345 1929 494 1977 pradictis
523 1929 653 1963 testibus
672 1941 820 1974 praesens
844 1928 885 1961 fui
910 1936 939 1962 et
961 1929 1008 1962 sic
1032 1929 1095 1962 fieri

345 1984 406 2019 vidi
422 1992 451 2018 et
467 1983 585 2026 audivi,
601 1995 714 2030 eaque,
738 1991 878 2028 rogatus,
898 1982 936 2016 de
953 1982 1098 2016 mandato

346 2037 504 2085 praelibati
537 2037 574 2072 D.
608 2037 818 2071 commissarii
856 2046 885 2071 et
922 2038 1098 2071 executoris

345 2091 528 2139 apostolici,
557 2091 666 2137 scripsi
686 2099 715 2125 et
753 2091 781 2124 in
818 2091 897 2124 lianc
939 2090 1096 2136 publicam

347 2145 477 2180 formam
498 2145 616 2191 redegi,
643 2145 794 2192 signoque
819 2157 888 2178 meo
916 2152 944 2178 et
974 2145 1098 2178 nomine

347 2200 448 2235 solitis
472 2213 521 2234 me
543 2199 713 2245 subscripsi
738 2199 766 2232 in
792 2198 885 2233 iidem
902 2208 931 2233 et
955 2199 1099 2233 testimo·

348 2256 434 2289 nium
465 2255 708 2300 praemissorum
736 2253 878 2287 omnium
902 2261 932 2286 et
959 2253 1100 2299 singulo-

348 2322 430 2343 rum.

397 2364 417 2410 g
436 2365 493 2396 32.
509 2362 593 2396 Nulli
618 2375 693 2408 ergo
712 2363 841 2396 omnino
865 2361 1029 2396 ltomintnn
1045 2371 1098 2396 etc.

348 2417 382 2452 Si
410 2417 481 2464 quis
497 2424 551 2451 etc.

399 2471 513 2506 Datum
542 2470 661 2505 Romae
683 2470 766 2514 apud
795 2470 944 2504 Sanctum
974 2470 1099 2505 Petrum

350 2525 460 2573 quinto
497 2524 620 2559 kalend.
658 2525 742 2564 iulii,
770 2524 970 2571 pontificatus
1002 2526 1099 2559 nostri

350 2592 433 2614 anno
457 2592 569 2627 primo.

404 2645 464 2676 Dat.
489 2647 535 2676 die
553 2646 589 2675 27
610 2646 684 2676 iunii
705 2646 790 2683 1407,
814 2646 916 2686 pontif.
939 2655 1015 2676 anno
1033 2654 1051 2676 1.

1763 232 1826 263 6:551

1483 299 1535 332 ttl.

1136 381 1289 413 Institutio
1324 382 1565 424 congregationis
1587 381 1803 413 canonicorum
1830 391 1884 412 re-

1181 430 1340 473 qttlarium
1360 432 1393 463 S.
1415 431 1601 467 salvatoris,
1621 430 1749 463 Ordinis
1763 429 1798 462 S.
1818 431 1884 463 Au-

1182 480 1311 523 qustint,
1340 480 1370 512 in
1396 480 1486 512 domo
1507 481 1543 512 de
1570 480 1745 513 Sitvatacus
1773 480 1882 512 Senon.

1184 530 1334 562 dioecesis.

1399 611 1613 642 SUMMMUUM

1136 674 1301 704 Exordium.
1338 691 1376 696 -—
1411 674 1432 702 l.
1468 673 1576 702 Domus
1606 673 1632 702 S.
1657 673 1816 703 Salvatoris
1851 674 1885 702 dc

1175 720 1338 749 Silvalacus
1359 720 1387 747 in
1404 719 1563 757 prioratum
1584 718 1806 747 conventualem
1826 727 1887 747 ere-

1176 769 1230 794 cta.
1254 781 1291 785 —
1313 763 1470 792 Canonicis
1492 762 1662 792 huiusmodi
1687 763 1887 801 praescriptae

1175 814 1280 839 vestes.
1312 826 1350 831 —
1382 809 1408 837 3.
1434 808 1607 837 Huiusmodi
1643 817 1709 836 vero
1740 808 1887 845 prioratus

1175 855 1243 884 sedi
1268 854 1366 891 Apost.
1399 854 1567 882 immediate
1600 853 1764 882 subiectus.
1793 869 1831 874 —-
1862 853 1888 882 4.

1176 899 1242 928 Data
1263 900 1386 929 facult-<is
1407 899 1533 937 priorem
1550 897 1689 936 eligendi.
1706 915 1744 919 —
1760 898 1786 926 5.
1806 897 1888 926 Prior

1177 944 1289 973 electus
1310 944 1372 983 ipso
1397 944 1471 972 sacto
1501 942 1536 971 ab
1557 943 1654 980 Apost.
1678 941 1752 971 Sede
1776 943 1888 971 contir-

1178 993 1272 1018 inatus
1304 989 1480 1018 censendus
1513 1005 1551 1009 —
1587 987 1613 1016 ὃ.
1648 986 1730 1016 Prior
1761 987 1887 1024 singulis

1177 1035 1263 1063 annis
1295 1033 1461 1070 eligendus.
1484 1048 1522 1053 —
1546 1032 1570 1060 7.
1590 1030 1811 1060 Communicata
1845 1033 1888 1061 eis

1177 1078 1327 1116 privilegia
1359 1077 1447 1106 totins
1466 1075 1584 1105 Ordinis
1615 1074 1666 1104 FF.
1695 1074 1887 1105 Eremitarum

1176 1123 1204 1151 S.
1242 1122 1410 1159 Augustini.
1444 1138 1481 1142 —
1514 1120 1540 1149 8.
1573 1119 1635 1149 Dati
1669 1119 1820 1157 praesides
1854 1120 1888 1149 ad

1177 1166 1345 1195 condendas
1365 1165 1601 1194 constitutiones.
1618 1181 1657 1185 —
1672 1164 1699 1192 9.
1715 1163 1808 1193 Secus
1825 1168 1886 1193 acta

1177 1212 1297 1240 irritata.

1180 1287 1325 1323 Gregorius
1348 1286 1489 1321 episcopus
1509 1291 1603 1313 servus
1627 1291 1767 1312 servorum
1785 1283 1843 1315 Dei.

1301 1337 1335 1364 ad
1354 1335 1479 1365 futuram
1498 1336 1540 1363 rei
1558 1334 1726 1363 memoriam.

1188 1410 1308 1445 Excitat
1320 1417 1444 1444 nostrae
1459 1409 1571 1443 mentis
1582 1420 1730 1442 arcanum
1743 1408 1890 1454 specialis

1137 1469 1165 1495 et
1193 1461 1364 1495 affectuosa
1388 1460 1526 1502 dilectio,
1554 1471 1613 1505 qna
1642 1458 1772 1492 domum
1801 1458 1890 1504 prio—

1140 1519 1224 1546 ratus
1239 1511 1272 1545 S.
1288 1510 1459 1546 Salvator-is
1475 1509 1514 1543 de
1531 1509 1704 1544 Silvalacus
1719 1508 1756 1543 ad
1770 1507 1891 1543 Roma-

1139 1574 1210 1596 nam
1236 1560 1407 1596 Ecclesiam
1438 1559 1524 1594 nullo
1554 1559 1657 1593 medio
1681 1560 1889 1605 pertinentem

1138 1611 1270 1645 Ordinis
1291 1611 1324 1646 S.
1349 1610 1530 1656 Augustini
1553 1609 1704 1643 Senensis
1726 1608 1891 1647 dioecesis

1139 1673 1250 1695 sumus
1273 1661 1426 1695 liactenus
1446 1659 1601 1706 prosecuti
1626 1667 1655 1693 et
1675 1666 1805 1713 paterno
1820 1671 1893 1705 pro-

1139 1711 1227 1765 sequi
1243 1710 1347 1744 studio
1364 1722 1425 1744 non
1440 1721 1614 1751 cessamus,
1631 1717 1662 1742 ut
1678 1720 1759 1743 circa
1775 1715 1891 1743 statum

1139 1774 1208 1795 eius
1230 1768 1364 1795 attentae
1386 1759 1649 1794 considerationis
1678 1758 1826 1793 intuitum
1850 1758 1894 1792 di·

1140 1811 1290 1857 rigentes
1313 1822 1406 1856 opem
1440 1809 1661 1855 impendentes
1690 1816 1719 1842 et
1750 1820 1892 1855 operam,

1143 1869 1174 1894 nt
1190 1860 1239 1895 illa
1256 1859 1292 1893 ad
1310 1860 1368 1894 Dei
1383 1859 1508 1894 laudem
1520 1867 1549 1893 et
1563 1859 1692 1905 gloriam
1711 1870 1773 1892 non
1789 1858 1891 1893 solum

1142 1911 1171 1944 in
1200 1911 1266 1945 suis
1285 1910 1375 1944 bonis
1397 1918 1427 1943 et
1453 1909 1576 1943 iuribus
1598 1917 1815 1947 conservetur,
1837 1907 1891 1943 sed

1140 1961 1233 1995 etiam
1249 1959 1530 2006 prosperisiugiter
1541 1958 1715 2004 gratuletur
1728 1957 1893 1993 eventibus

1141 2018 1171 2044 et
1186 2010 1309 2049 votivis,
1326 2009 1446 2043 favente
1466 2009 1616 2051 Domino,
1632 2008 1662 2042 in
1677 2007 1893 2054 spiritualibus

1141 2068 1169 2094 et
1198 2058 1422 2106 temporalibus
1444 2058 1645 2093 successibus
1667 2065 1828 2103 augeatur.

1190 2114 1205 2153 ξ
1235 2114 1265 2143 1.
1290 2108 1373 2143 Hinc
1400 2116 1447 2143 cst
1468 2107 1552 2155 quod
1576 2120 1633 2142 nos
1657 2115 1741 2142 motu
1766 2107 1893 2154 proprio

1143 2172 1205 2194 non
1224 2159 1260 2193 ad
1278 2159 1466 2193 dilectorum
1485 2158 1618 2192 filiorum
1644 2157 1773 2192 fratrum
1793 2152 1918 2192 dictae

1142 2209 1268 2247 domus
1295 2221 1374 2256 quae
1411 2208 1562 2242 hactenus
1598 2207 1730 2242 Ordinis
1762 2206 1891 2242 fratrum

1148 2260 1358 2294 Eremitarum
1388 2258 1418 2291 d
1447 2257 1479 2291 S.
1513 2257 1680 2303 Augustini
1708 2257 1809 2291 extitit
1845 2255 1892 2290 vel

1145 2314 1278 2348 alicuius
1305 2312 1444 2351 alterins
1482 2323 1535 2357 pro
1565 2311 1640 2358 ipsis
1676 2310 1766 2345 nobis
1799 2322 1895 2358 super

1144 2368 1203 2402 boc
1226 2366 1348 2402 oblatae
1376 2366 1538 2412 petitionis
1561 2365 1752 2409 instantiam,
1775 2364 1828 2399 sed
1856 2364 1894 2399 de

1145 2429 1249 2455 nostra
1275 2433 1359 2455 mera
1387 2419 1583 2459 liberalitate,
1606 2431 1644 2453 ex
1659 2427 1741 2453 certa
1764 2418 1894 2453 scientia

1145 2475 1287 2510 eamdem
1311 2474 1439 2509 domum
1462 2474 1491 2507 in
1517 2474 1687 2520 prioratum
1707 2481 1895 2507 conventua-

1145 2530 1205 2565 lem
1241 2529 1422 2564 auctoritatc
1449 2527 1620 2575 apostolica
1649 2527 1812 2573 erigimus,
1841 2539 1895 2573 per

1147 2584 1280 2631 priorem
1317 2583 1375 2618 sub
1410 2582 1589 2618 conditione
1612 2591 1641 2616 et
1664 2581 1757 2616 modo
1794 2581 1895 2616 infra-

1145 2638 1271 2685 scriptis
1296 2645 1447 2685 perpetuo
1471 2635 1721 2684 gubernandam.

1901 241 1950 268 An.
1969 242 1996 267 C.
2014 242 2079 267 1110ss

1935 1417 2046 1438 Exordium

1920 2113 1998 2134 Domus
2013 2111 2031 2131 S.
2045 2110 2093 2131 Sat-

1908 2145 1986 2165 ratoris
2002 2144 2028 2163 ds
2049 2142 2091 2162 bit*

1907 2176 1993 2196 vatacus
2003 2177 2021 2195 in
2032 2176 2092 2201 prio-

1908 2211 1974 2227 ratum
1996 2212 2092 2227 conven-

1908 2239 1985 2259 tualem
2010 2242 2082 2259 ererta
