2274 3265
209 273 258 299 An.
281 273 309 298 C.
327 273 391 298 1590

240 377 356 398 (lausanna>

230 2246 301 2273 Qualis
317 2248 340 2266 de
357 2248 401 2266 siu-

220 2279 272 2303 gulis
303 2278 403 2298 christia-

220 2311 252 2328 nis
268 2315 317 2329 cura
330 2308 398 2328 Ponti-

221 2340 252 2359 t‘iri
265 2338 320 2359 Rom.
333 2340 403 2359 inesse

222 2371 305 2391 debeat.

453 262 524 294 6015

453 328 473 371 ἓ
500 328 531 359 6.
557 325 637 359 Nulli
662 336 736 369 ergo
764 323 894 357 omnino
922 323 1084 357 bominum
1116 321 1152 355 li-

405 384 473 411 ct‘at
496 375 575 409 lianc
604 373 746 420 paginam
771 380 948 407 nostrorum
971 372 1152 418 requisitio-

406 427 465 463 nis,
482 425 675 464 monitionis,
697 422 929 468 assignationis,
959 421 1153 456 inhibitionis

404 484 434 508 et
461 473 596 508 mandati
619 472 799 517 iufringere,
820 480 872 505 etc.

454 523 567 557 Datum
592 522 711 556 Romae
734 521 819 568 apud
842 521 993 555 Sanctum
1011 519 1152 559 Petrum,

406 581 518 619 quarto
545 571 670 606 decimo
698 570 848 605 kalendas
875 570 1025 608 octobris,
1049 570 1152 615 ponti-

405 622 516 657 ficatus
540 622 634 656 nostri
658 633 741 656 anuo
765 633 876 667 primo.

418 685 477 715 [iat.
496 685 543 714 die
561 684 596 714 18
613 683 790 722 septembris
808 682 893 718 1390,
909 682 1010 720 pontis.
1026 689 1101 710 anno
1118 689 1135 709 1.

754 859 806 895 111.

404 945 576 979 Damnatio
616 943 848 976 ordinationum
881 942 912 972 in
954 939 1152 972 Parlainento

453 995 585 1038 Anqlp'ae
606 994 757 1025 editarum
784 1001 872 1034 super
897 989 1070 1033 provisione
1093 988 1151 1019 Ec-

452 1045 612 1077 clesiarum
627 1070 635 1079 ,
658 1042 851 1084 aliorumque
873 1038 1084 1083 beneficiorum
1105 1049 1151 1069 ec-

452 1094 689 1127 clesiasticorum
715 1091 846 1123 eiusdem
868 1089 954 1132 regni
980 1089 1033 1129 (l).

673 1166 888 1198 StntMAtnUM

401 1238 503 1274 Qualis
523 1237 557 1266 de
580 1235 706 1273 singulis
732 1232 903 1263 christianis
922 1241 992 1261 cura
1019 1230 1152 1260 Pontifici

442 1282 524 1312 Rom.
545 1282 643 1310 inesse
667 1279 781 1309 debeat.
803 1295 841 1300 —
863 1278 886 1307 l.
908 1276 1097 1305 l'oliticorum
1117 1276 1151 1304 ad

442 1328 488 1356 ius
511 1325 747 1356 ecclesiasticum
768 1321 1004 1352 labefactandum
1024 1320 1152 1349 fraudes.

441 1389 479 1393 —
501 1369 616 1400 Nefaria
640 1369 744 1398 edicta.
766 1384 804 1388 -—-
823 1365 1060 1396 Sacerdotiorum
1086 1373 1154 1393 con-

442 1416 629 1445 serendorum
666 1414 713 1443 ius
746 1417 854 1442 temere
893 1414 1076 1449 occupatum.
1116 1425 1154 1430 —

444 1460 531 1491 Sacra
556 1457 708 1496 vectigalia
734 1456 846 1486 addicta
872 1456 941 1485 fisco
965 1454 1054 1493 regio.
1073 1470 1112 1475 —
1131 1453 1152 1482 Α

444 1503 599 1541 sacrilegis
622 1502 683 1541 regi
716 1501 851 1540 imperito
880 1509 911 1528 ea
936 1502 1085 1537 suggesta.
1116 1515 1155 1519 —

445 1548 605 1587 Proscripti
642 1555 742 1576 sacras
779 1544 936 1583 dignitates
967 1553 980 1572 a
1014 1543 1154 1573 Pontifice

445 1593 633 1632 accipientes.
665 1609 703 1613 —
735 1590 838 1620 Mulcta
875 1588 1044 1628 pecuniaria
1082 1588 1154 1627 ipsis

445 1640 594 1667 intentata.
623 1653 659 1659 --
678 1634 797 1665 Obiecta
821 1634 907 1663 etiam
932 1633 1088 1671 supplicia.
1117 1648 1156 1653 —

444 1683 471 1712 2.
501 1682 563 1712 Non
582 1685 694 1720 spectat
711 1680 746 1709 ad
769 1679 860 1709 laicos
879 1687 1029 1707 sacrarum
1057 1687 1155 1707 rerum

446 1727 671 1757 administratio.
699 1742 737 1747 —
755 1725 782 1754 3.
802 1723 877 1753 llaec
902 1723 1059 1752 suadentes
1082 1732 1156 1761 quas

446 1781 555 1811 poenas
578 1770 765 1805 incurrerint,
784 1769 902 1807 exponit
919 1767 1097 1797 Bonifacius.
1119 1784 1157 1789 —

445 1816 473 1846 4.
497 1815 554 1845 Has
577 1816 675 1854 itaque
705 1814 822 1853 iniquas
845 1813 924 1851 leges
947 1812 1098 1842 rescindit.
1119 1828 1158 1833 —

449 1862 475 1890 5.
495 1860 600 1890 Earum
620 1858 786 1899 prohibitus
806 1868 888 1888 usus.
913 1875 952 1880 —
973 1858 1000 1887 6.
1019 1856 1120 1886 lussae
1142 1866 1157 1885 e

448 1905 575 1945 publicis
594 1904 691 1943 legum
708 1903 861 1933 codicibus
881 1903 970 1932 eradi.
992 1919 1031 1924 -
1057 1902 1081 1931 7.
1105 1901 1158 1931 De-

449 1951 495 1980 sixi
517 1949 701 1979 anathemate
733 1947 963 1977 sacerdotiorum
998 1946 1157 1975 invasores.

449 2013 485 2017 —
504 1996 530 2025 8.
553 1994 720 2025 Clausulae.

454 2071 608 2101 Bonifaoius
628 2070 770 2107 episcopus
789 2076 885 2098 servus
904 2075 1045 2098 servorum
1057 2067 1114 2101 Dei,

543 2120 577 2148 ad
603 2121 765 2156 perpetuam
788 2119 829 2148 rei
858 2118 1026 2148 memoriam.

463 2193 512 2228 Ab
538 2193 596 2237 Eo,
627 2193 679 2240 qui
710 2205 766 2239 pro
792 2192 1010 2238 redemptione
1037 2191 1163 2237 generis

416 2243 544 2278 humani
572 2243 610 2277 de
638 2244 749 2277 intacta
772 2242 902 2288 Virgine
929 2253 1054 2276 carnem
1079 2254 1164 2275 assu-

418 2306 502 2328 mere
524 2301 554 2326 et
577 2293 659 2326 nasci
675 2320 683 2336 ,
719 2305 753 2326 ac
788 2292 912 2326 tandem
948 2292 1009 2338 pati
1033 2299 1062 2325 et
1086 2291 1163 2325 mori

418 2343 565 2389 dignatus
587 2350 644 2386 est⁷
667 2354 762 2388 super
785 2354 872 2388 reges
895 2350 924 2375 et
948 2353 1042 2387 regna
1071 2340 1166 2374 nullis

421 2393 532 2427 nostris
556 2391 818 2438 praecedentibus
854 2392 972 2425 meritis
987 2419 996 2434 a
1019 2390 1072 2424 sed
1101 2391 1164 2424 sola

420 2455 475 2477 sua
516 2442 722 2488 permissione
756 2442 785 2475 in
817 2441 966 2476 eminenti
1004 2439 1167 2474 militantis

421 2491 578 2526 Ecclesiae
605 2491 732 2538 specula
755 2491 928 2529 constituti,
957 2491 1036 2524 iuter
1063 2490 1166 2535 gravia

423 2540 536 2575 nostris
558 2540 698 2575 humeris
723 2541 934 2575 incumbentia
962 2552 1057 2573 onera
1073 2566 1081 2582 ‚
1105 2552 1165 2573 non

423 2590 452 2624 in
472 2590 593 2625 ultimis
613 2590 767 2626 babemus
788 2590 825 2625 ad
849 2602 960 2625 omnes
973 2602 1046 2625 oves
1074 2601 1166 2624 curae

460 2671 497 2706 (t)
514 2671 551 2698 Ex
570 2671 672 2706 Regest.
691 2670 715 2697 in
735 2670 842 2697 Archiv.
862 2671 944 2697 Vatic.

989 268 1088 291 ΒΗΜΛ
1095 267 1173 288 ttit'M
1202 264 1361 287 ttonimtm

1197 328 1319 353 nostrae
1343 317 1447 351 divina
1470 315 1677 362 dispositione
1699 315 1896 357 commissas,
1912 324 1941 350 et

1197 370 1224 403 in
1248 367 1366 415 quibus
1388 367 1601 412 depascuntur
1616 391 1625 407 ‚
1653 365 1798 409 regiones
1825 373 1854 400 et
1876 365 1939 400 loca

1196 427 1318 452 nostrae
1335 417 1412 450 lixae
1435 414 1698 449 considerationis
1720 413 1868 447 intuitum
1888 427 1942 448 ex-

1196 467 1335 505 tendere,
1351 473 1380 500 et
1404 465 1464 498 illis
1480 463 1590 511 pabula
1606 462 1743 497 salubria
1759 475 1940 509 procurare:

1196 516 1350 551 malesana
1381 526 1453 548 vero
1480 522 1509 547 et
1533 512 1727 558 contagiosa,
1755 524 1793 545 ne
1820 523 1853 546 se
1882 512 1944 546 illis

1196 566 1359 608 inficiant,
1382 563 1542 598 declinare
1558 590 1565 601 ,
1588 570 1617 596 ct
1639 562 1663 595 si
1688 561 1791 595 forsan
1819 561 1942 608 aliquae¹

1194 628 1230 649 ex
1268 612 1449 648 huiusmodi
1491 611 1604 647 ovibus
1638 610 1674 644 ad
1712 610 1887 648 insalubres
1914 620 1944 645 et

1195 664 1356 711 pestiferas
1391 662 1505 697 herbas
1538 661 1583 696 rel
1619 660 1717 695 saltus
1752 660 1944 707 periculosos

1194 713 1397 756 diverterint⁷
1419 724 1491 751 eas,
1515 723 1553 745 ne
1575 709 1734 745 tabescant
1754 717 1810 744 aut
1831 719 1919 744 ruant
1935 738 1944 753 ,

1194 763 1248 798 sed
1273 763 1303 796 in
1330 763 1378 806 iis,
1402 770 1434 795 ut
1456 761 1630 801 dumtaxat,
1658 772 1739 806 quae
1762 759 1823 794 illis
1852 761 1942 794 vitain

1194 822 1223 847 et
1249 812 1383 847 salutem
1411 822 1609 854 conservare,
1624 817 1655 844 et
1668 809 1770 844 foetus
1793 809 1945 856 multipli-

1194 875 1265 897 care
1287 861 1421 900 valeant,
1445 860 1570 908 pascuis
1585 859 1796 902 diverseniur,
1813 859 1941 906 provida

1193 921 1222 946 et
1249 911 1354 946 solerti
1382 910 1543 957 diligentia
1567 921 1734 953 coercere,
1757 917 1789 943 ut
1818 908 1865 943 vel
1899 910 1944 943 sic

1194 976 1208 995 a
1233 961 1333 995 noxiis
1349 969 1375 995 et
1392 960 1532 994 adversis
1555 965 1808 1006 praeserventur,
1825 966 1855 993 et
1871 972 1943 993 eum

1194 1011 1403 1058 multiplicato
1431 1009 1532 1044 sructu
1556 1008 1683 1043 Domini
1712 1008 1890 1043 nutriantur
1914 1010 1943 1042 iu

1194 1060 1303 1101 caulis,
1327 1073 1386 1095 nec
1405 1059 1470 1106 lupi
1495 1070 1634 1105 rapaces,
1657 1070 1760 1104 neque
1789 1070 1944 1092 venenosa

1194 1110 1335 1156 contagia
1372 1108 1432 1143 illis
1462 1108 1589 1148 obsint,
1618 1120 1674 1141 nec
1706 1107 1798 1141 etiam
1836 1120 1943 1153 parum

1194 1159 1357 1206 sanguinis
1385 1158 1499 1192 nostris
1518 1157 1556 1191 de
1581 1156 1726 1191 manibus
1754 1157 1944 1204 requiratur.

1243 1212 1263 1256 Β*
1283 1213 1310 1243 t.
1334 1208 1417 1243 Sane
1439 1208 1519 1242 sicut
1540 1207 1696 1242 cumulata
1714 1206 1820 1241 relatio
1840 1219 1947 1253 quam-

1196 1259 1334 1306 plurium
1363 1258 1423 1292 tide
1450 1257 1617 1303 dignorum
1646 1256 1684 1291 ad
1713 1264 1854 1291 nostruin
1885 1269 1945 1290 non

1194 1309 1314 1356 absque
1336 1308 1421 1355 gravi
1450 1307 1590 1341 molestia
1620 1306 1765 1354 perduxit
1791 1305 1946 1343 auditum,

1196 1358 1355 1393 nonnullis
1378 1357 1536 1392 seditiosis
1560 1357 1633 1392 viris
1655 1356 1787 1404 reproba
1810 1365 1840 1391 et
1863 1357 1948 1390 inor-

1195 1409 1298 1443 dinata
1320 1407 1491 1442 ambitione
1518 1407 1684 1441 concitatis
1699 1434 1707 1446 ,
1729 1415 1761 1441 et
1784 1419 1846 1440 non
1869 1418 1949 1453 quae

1198 1459 1273 1499 Dei,
1296 1458 1350 1493 sed
1383 1471 1462 1504 quae
1490 1470 1547 1492 sua
1569 1465 1641 1491 sunt
1661 1484 1668 1497 ,
1697 1456 1947 1503 quaerentibus,

1196 1521 1267 1543 cum
1295 1521 1402 1542 eorum
1427 1507 1610 1553 excogitatis
1632 1515 1662 1540 et
1685 1506 1853 1552 perastutis
1875 1505 1950 1540 abu-

1196 1558 1341 1593 sionibus
1362 1557 1525 1592 carissimo
1548 1557 1578 1590 in
1602 1556 1730 1591 Cliristo
1753 1555 1816 1590 filio
1844 1563 1950 1589 nostro

1198 1607 1356 1642 Richardo
1392 1608 1456 1653 regi
1496 1606 1631 1652 Angliae
1666 1605 1776 1639 illustri
1813 1605 1843 1639 in
1881 1606 1950 1639 eius

1198 1659 1284 1704 regio
1300 1657 1498 1692 Parlameuto
1522 1655 1820 1702 pridemfcelebrato
1842 1654 1951 1689 dolose

1197 1707 1444 1754 suggerentibus
1461 1734 1468 1744 ,
1508 1705 1592 1752 quod
1639 1705 1741 1739 clarae
1780 1705 1952 1739 memoriae

1198 1757 1373 1792 Edwardus
1390 1769 1441 1791 rex
1464 1755 1596 1802 Angliae
1615 1754 1688 1789 dicti
1705 1754 1853 1789 Ricbardi
1870 1754 1952 1800 regis

1198 1820 1275 1842 avus
1301 1807 1337 1841 ad
1367 1807 1464 1841 instar
1494 1805 1595 1840 clarae
1623 1804 1792 1840 memoriae
1825 1804 1953 1839 alterius

1199 1857 1345 1892 Edwardi
1366 1856 1447 1902 regis
1468 1855 1602 1902 Angliae
1617 1855 1663 1889 avi
1687 1855 1736 1889 sui
1763 1854 1794 1889 in
1816 1854 1952 1902 quodam

1199 1920 1257 1942 suo
1285 1907 1369 1953 regio
1392 1906 1592 1941 parlamento
1614 1904 1698 1952 apud
1724 1904 1955 1939 West-Mona—

1201 1957 1332 1993 sterium
1360 1956 1560 1991 Londonien.
1588 1963 1674 1990 certo
1705 1963 1780 1989 tunc
1806 1966 1955 2001 expresso

1203 2017 1343 2054 tempore
1364 2006 1532 2047 celebrato,
1560 2005 1599 2040 de
1625 2016 1759 2040 assensu
1774 2011 1954 2050 magnatum

1203 2057 1464 2093 communitatum
1494 2056 1580 2102 regni
1605 2056 1653 2090 sui
1682 2054 1894 2095 ordinaverat,
1925 2063 1955 2088 ut.

1205 2107 1329 2142 illorum
1365 2106 1468 2142 verbis
1508 2113 1646 2149 utamur,
1685 2112 1714 2139 et
1741 2103 1929 2139 stabiliverat
1949 2132 1956 2143 ,

1204 2157 1289 2205 quod
1310 2156 1426 2192 liberae
1442 2156 1614 2191 electiones
1628 2154 1956 2202 areliiepiseopatuum

1204 2216 1235 2243 et
1257 2207 1398 2242 omnium
1422 2207 1553 2241 aliarum
1576 2205 1765 2251 dignitatum
1793 2211 1822 2238 et
1844 2203 1959 2238 beneti-

1206 2258 1329 2292 ciorum
1354 2257 1383 2291 in
1413 2257 1526 2302 Anglia
1554 2263 1710 2295 tenerent,
1729 2264 1758 2290 et
1780 2266 1796 2288 a
1813 2253 1908 2289 modo
1928 2255 1957 2288 in

1207 2307 1302 2342 modo
1317 2335 1325 2351 ,
1353 2307 1435 2341 sicut
1457 2306 1581 2340 fuerant
1602 2316 1772 2340 concessae
1802 2316 1857 2350 per
1884 2317 1960 2352 pro-

1207 2357 1365 2403 genitores
1392 2356 1534 2392 eiusdem
1569 2354 1717 2390 Edwardi
1742 2353 1824 2400 regis
1845 2362 1875 2388 et
1907 2367 1961 2400 pei·

1208 2415 1422 2441 antecessores
1436 2406 1569 2441 aliorum
1593 2405 1809 2448 fundatorum,
1828 2412 1858 2438 et
1875 2403 1959 2451 quod

1208 2468 1319 2491 omnes
1344 2456 1470 2503 praelati
1503 2464 1533 2491 et
1562 2455 1641 2490 aliae
1668 2462 1779 2500 gentes
1805 2452 1960 2488 eeclesia—

1209 2506 1303 2540 sticae
1325 2505 1503 2551 Anglican.,
1531 2507 1584 2553 qui
1608 2504 1757 2539 baberent
1782 2511 1962 2551 patronatus

1210 2555 1249 2589 de
1276 2568 1478 2602 quocumque
1507 2555 1660 2591 beneficio
1690 2554 1729 2589 de
1750 2553 1834 2588 dono
1867 2554 1961 2599 regis,

1212 2606 1447 2651 progenitorum
1499 2605 1542 2640 vel
1587 2604 1721 2640 aliorum
1760 2611 1960 2650 patronorum

1212 2654 1275 2689 sire
1299 2654 1484 2690 donatorum
1508 2654 1687 2690 huiusmodi
1717 2652 1756 2688 ad
1784 2652 1961 2688 faciendum

1961 260 2009 285 An,
2028 259 2056 285 C.
2073 261 2134 286 t5¹st

1975 1215 2043 1234 l'olitii
2052 1221 2110 1234 orum
2121 1215 2145 1234 ad

1961 1248 1993 1266 ius
2012 1246 2147 1265 Prt‘lt‘s'tdslt-

1962 1283 2007 1297 eum
2019 1276 2147 1296 labetactan-

1962 1310 2008 1329 dum
2024 1307 2115 1327 fraudes⁴

1988 2322 2069 2343 &clario
2081 2323 2157 2342 edu-ta.
