2274 3265
74 301 122 328 An'.
138 297 167 324 C.
184 294 254 323 ¹285

111 2555 137 2576 De
147 2556 231 2576 clericis
241 2560 282 2574 non

101 2587 210 2608 trahendis
220 2587 244 2607 ad
255 2585 284 2606 lo—

101 2625 146 2639 rum
161 2618 282 2639 saeculare:

879 295 1044 318 uouemus
1067 295 1099 317 iv
1123 296 1171 317 rr.
1705 286 1743 318 81

270 359 298 385 et
314 350 478 385 mandasse
495 350 713 384 inviolabiliter
734 350 904 391 observari,
928 350 1010 396 quod

270 401 423 440 decimae,
458 412 538 447 quae.
573 400 766 435 debebantur
800 399 954 434 Ecclesiis
985 408 1013 433 et

272 451 415 498 personis
442 449 659 484 ecclesiasticis
682 449 766 495 regni
794 448 949 490 eiusdem,
971 462 1016 482 ca-

271 501 458 534 tholicorum
493 511 599 545 regum
634 498 760 533 Siciliae
801 498 1015 545 temporibus,

271 559 302 584 et
329 551 496 593 debentur,
519 557 548 584 et
577 549 670 596 recipi
693 548 732 583 ab
759 547 911 583 Ecclesiis
937 561 1011 582 cou-

272 609 443 635 sueverunt
465 599 599 638 eisdem,
622 598 696 646 ipsis
713 598 862 633 Ecclesiis
877 598 944 632 sine
963 598 1017 632 dis-

274 651 421 695 licultate,
448 648 608 685 obstaculo
636 661 670 683 ac
706 661 811 683 morae
851 648 1018 694 dispendio

275 701 496 749 persolvantur:
532 699 669 738 scilicet,
702 710 781 746 quae
805 697 961 733 debentur
989 698 1017 731 in

273 751 418 800 pecunia,
437 749 560 784 infesto
583 748 794 792 pentecostes,
810 756 839 782 et
853 747 923 791 alia,
941 759 1020 794 quae

275 801 431 836 debentur
453 799 482 833 in
512 798 681 841 frumento,
710 806 740 832 et
774 797 843 832 aliis
877 796 1019 831 victuali—

276 851 345 890 bus,
373 851 456 888 vino,
484 849 553 883 oleo
580 861 634 883 seu
675 847 827 883 fructibus
849 847 927 883 aliis,
962 846 1022 880 illis

276 898 482 947 temporibus,
509 898 624 946 quibus
655 897 878 944 percipiuntur.
919 895 958 930 Et
996 896 1020 930 si

276 950 378 996 aliqua
401 948 475 991 sint,
497 960 577 994 quae
614 947 707 982 certis
740 945 854 981 diebus
889 945 1022 992 persolvi

277 1005 520 1040 consueverunt,
540 997 590 1031 die
612 996 714 1031 debita
736 996 962 1044 persolvantur.
986 994 1023 1028 Et

278 1060 317 1082 ne
339 1048 377 1083 de
404 1047 464 1082 hoc
486 1046 643 1082 Ecclesiae
666 1045 714 1081 vel
742 1057 894 1093 personae
922 1044 1025 1079 eccle-

278 1097 422 1132 siasticae
445 1108 574 1131 necesse
595 1096 742 1135 habeant,
767 1094 902 1141 singulis
935 1094 1025 1128 antiis

279 1159 294 1181 a
317 1146 402 1182 curia
431 1146 537 1180 literas
573 1146 740 1193 impetrare
770 1144 900 1186 statuit,
941 1143 1023 1190 quod

279 1197 339 1232 sub
362 1208 460 1242 poena
489 1195 574 1242 dupli
604 1196 684 1233 eius,
706 1194 789 1242 quod
815 1205 869 1241 pro
896 1192 1026 1227 decimis

281 1246 327 1280 vel
339 1246 409 1280 aliis
424 1245 543 1280 iuribus
560 1245 702 1292 personis
719 1243 763 1278 vel
780 1242 940 1286 EcclesiiS,
959 1242 1028 1288 qui-

282 1296 342 1330 bus
364 1294 538 1330 secundum
561 1294 792 1329 ordinationem
825 1292 1025 1339 praemissam

282 1346 420 1380 solutum
450 1356 511 1378 non
543 1343 611 1384 fuit,
634 1343 775 1378 debetur.
808 1341 928 1376 Secreti
972 1353 1026 1375 seu

282 1394 422 1440 magistri
446 1401 663 1440 procuratores
686 1405 721 1427 ac
756 1391 893 1438 magistri
924 1389 1028 1430 Salis,

284 1443 384 1479 bailivi
414 1443 459 1477 vel
482 1442 532 1477 alii
557 1441 717 1482 officiales,
740 1441 792 1488 qui
831 1453 883 1475 eas
915 1440 1030 1474 debent

283 1492 461 1541 persolvere
489 1501 550 1527 tam
582 1501 771 1539 praesentes,
794 1503 886 1538 qnam
923 1489 1029 1533 futuri,

285 1551 447 1578 teneantur
470 1554 504 1577 ea
533 1543 724 1588 integraliter
747 1541 878 1583 solvere,
914 1552 1029 1574 secun-

284 1594 360 1628 dum
383 1592 466 1640 quod
485 1592 632 1639 superius
653 1599 700 1626 est
721 1590 917 1630 distinctum,
945 1588 1031 1624 nullo

286 1642 358 1677 inde
384 1641 529 1677 mandato
555 1641 616 1675 alio
639 1648 811 1689 expectato.
839 1639 917 1674 Item
947 1639 1030 1687 quod

286 1693 430 1733 comites,
457 1691 591 1726 barones
612 1702 641 1726 et
664 1691 792 1730 caeteri,
830 1690 882 1738 qui
921 1698 1033 1723 tenen-

287 1751 337 1776 tur
357 1742 395 1777 ad
418 1742 566 1782 decimas,
589 1751 619 1777 et
643 1742 709 1776 iura
732 1741 788 1775 alia
810 1739 961 1775 Ecclesiis
986 1740 1032 1773 vel

289 1792 431 1840 personis
468 1791 689 1827 ecclesiasticis
724 1802 779 1838 pro
816 1789 918 1831 bonis,
955 1802 1034 1836 quae

288 1851 405 1887 tenent,
432 1855 466 1877 ea
490 1850 654 1877 teneantur
676 1841 796 1876 solvere
818 1841 885 1874 suis
914 1848 1036 1887 tempo-

289 1892 386 1932 ribus,
413 1891 528 1939 quibus
544 1891 696 1927 hactenus
717 1890 817 1925 extitit
837 1897 1036 1929 consuetum;

288 1942 451 1983 adiiciens,
478 1942 560 1989 quod
600 1941 638 1976 ad
671 1941 731 1975 boc
774 1940 958 1974 auctoritate
987 1940 1035 1973 sui

289 1992 394 2026 statuti
422 2004 518 2039 super
539 1991 598 2025 hoc
620 1990 693 2025 editi
731 1989 768 2023 ad
801 1989 1035 2035 requisitionem

290 2052 506 2088 personarum,
521 2041 637 2088 quibus
649 2039 815 2080 debentur,
835 2050 890 2085 per
912 2039 1038 2073 iustitia-

291 2091 352 2125 rios
367 2091 541 2137 provinciae
556 2089 796 2137 compellantur,
811 2088 959 2136 quodque
974 2088 1038 2122 sol-

293 2148 402 2174 vantur
424 2153 439 2175 a
462 2140 551 2175 baliis
579 2140 843 2188 quibuscumque,
876 2151 891 2172 a
924 2138 1039 2185 quibus

291 2190 371 2224 bona
396 2190 597 2237 pupillorum,
626 2198 723 2224 terras
746 2197 776 2223 et
799 2187 890 2222 feuda
927 2197 1038 2221 tenen-

294 2240 371 2274 tium
395 2249 612 2287 procurantur,
639 2240 702 2274 sive
726 2238 858 2273 baliatus
885 2239 968 2272 curia
994 2246 1040 2271 tc—

295 2299 376 2332 neat,
403 2290 466 2324 sive
493 2290 542 2323 alii
566 2290 627 2323 sint
649 2289 821 2329 commissi,
844 2289 908 2321 sive
943 2296 1039 2321 terrae

296 2338 341 2372 vel
365 2338 454 2373 feuda
478 2339 652 2386 aliquorum
676 2338 839 2373 occasione
857 2337 973 2377 delicti,
994 2336 1038 2370 vel

294 2400 494 2436 quacumque
516 2388 573 2423 alia
596 2401 687 2423 causa
718 2400 772 2435 per
808 2388 926 2421 curiam
951 2395 1040 2421 tene-

295 2448 397 2474 antur.

344 2492 359 2532 ξ
385 2492 417 2523 ⁶2.
443 2488 519 2523 Item
547 2487 631 2534 quod
655 2486 758 2521 clerici
783 2486 841 2521 nisi
865 2498 920 2533 pro
950 2486 1041 2520 bonis

297 2538 474 2573 feudalibus
490 2547 580 2585 prout
600 2537 778 2572 continetur
801 2536 830 2570 in
859 2536 1041 2570 conventio-

298 2588 390 2622 nibus
423 2588 503 2622 inter
532 2587 649 2622 dietum
678 2599 781 2632 regem
810 2594 838 2620 et
870 2585 1040 2620 Romanam

298 2637 469 2673 Ecclesiam
495 2637 619 2681 habitis,
649 2635 687 2671 ad
720 2636 832 2670 iudicia
873 2635 1041 2670 saecularia

299 2700 360 2722 uon
385 2688 553 2721 trahantur.

419 2745 489 2774 Ball.
510 2744 583 2773 Rom.
609 2744 660 2772 t'ol.
685 2744 730 2772 Π,
872 2743 901 2771 ll

1056 412 1117 445 gno
1141 399 1297 445 praedicto
1316 400 1471 445 gaudeant
1496 401 1656 448 privilegio
1678 402 1723 437 εἰς
1747 414 1800 448 per

1816 297 1863 321 Αιι.
1884 296 1912 321 C.
1930 295 1993 320 tas-¹5

1103 353 1118 393 ξ
1141 353 1171 383 5,
1202 349 1277 384 ltcm
1300 351 1380 397 quod
1410 351 1567 386 Ecclesiae
1590 352 1620 386 iu
1645 359 1709 386 toto
1747 364 1799 386 re·
1823 362 1851 383 a·
1867 363 1995 381 immnuta·

1814 394 1926 414 ecclesiast
1938 399 1961 412 ea

1058 449 1236 483 communia
1274 449 1339 483 iura
1382 450 1526 494 indulto,
1566 452 1683 485 suthem
1715 449 1799 497 quod

1060 499 1114 539 rei,
1139 499 1188 546 qui
1218 499 1254 532 ad
1283 511 1334 533 cas
1357 499 1550 545 confugiunt,
1588 501 1700 535 abinde
1739 514 1799 535 non

1058 549 1259 583 extrahantur
1303 549 1408 592 inviti,
1455 550 1513 583 nisi
1557 550 1584 583 iu
1620 550 1747 585 casibus
1786 563 1802 584 a

1061 600 1126 633 iure
1149 599 1319 646 permissis.

1108 653 1177 692 §le
1207 649 1281 683 item
1312 648 1393 695 quod
1430 648 1543 683 domus
1585 651 1803 696 praelatorum,
1824 665 2002 686 ommutuit.-

1062 701 1278 747 rcligiosorum
1301 708 1330 734 et
1359 699 1485 733 aliarum
1525 699 1803 734 ecclesiasticarum
1820 694 2002 748 2:2110'11'w‘1‘fflb

1063 763 1267 798 personarum
1283 750 1350 784 sine
1366 749 1520 783 voluntate
1542 749 1693 796 ipsorum,
1716 762 1806 783 eausa
1821 759 1884 779 tantu
1903 759 1993 782 :tastum

1063 800 1252 847 hospitandi,
1275 799 1313 833 ab
1340 798 1525 833 officialibus
1559 798 1603 833 vel
1641 798 1709 832 aliis
1737 812 1807 844 per-

1064 851 1159 895 sonis,
1181 850 1226 884 eis
1262 849 1377 891 invitis,
1411 848 1591 883 nullatcnus
1624 848 1807 894 capiantur,

1064 909 1093 935 et
1116 900 1141 934 si
1165 900 1202 934 de
1231 899 1388 933 voluntate
1412 898 1550 945 ipsorum
1588 899 1808 943 praelatorum,

1066 949 1286 994 religiosorum
1311 947 1355 981 vel
1380 948 1508 981 aliarum
1538 959 1740 993 personarum
1763 958 1811 980 ec-

1066 999 1313 1034 clesiasticarum
1342 997 1456 1044 recepti
1481 996 1605 1035 suerint,
1630 996 1670 1030 ibi
1703 995 1811 1030 crimi—

1067 1049 1145 1083 nalia
1186 1047 1298 1082 iudicia
1335 1059 1480 1081 exercere
1519 1046 1714 1093 aliquatenus
1748 1057 1809 1079 non

1068 1106 1291 1145 praesumant3
1321 1108 1378 1130 nec
1410 1096 1506 1130 lectos
1537 1095 1583 1130 vel
1619 1108 1665 1130 res
1703 1107 1810 1129 eorum

1067 1155 1174 1182 contra
1204 1146 1392 1180 voluntatem
1417 1145 1555 1191 ipsorum
1584 1145 1748 1190 accipiant:
1783 1151 1812 1177 et

1067 1197 1091 1230 si
1112 1208 1206 1231 secus
1228 1195 1342 1230 factum
1372 1194 1476 1235 fuerit,
1513 1203 1581 1241 post
1617 1193 1812 1229 emendatio-

1069 1258 1153 1285 nem,
1177 1255 1205 1279 et
1233 1244 1460 1279 restitutionem
1497 1244 1615 1283 damni,
1648 1244 1672 1278 si
1709 1255 1814 1278 comes

1070 1295 1172 1338 suerit,
1196 1295 1240 1328 vel
1269 1294 1354 1334 baro,
1383 1294 1434 1340 qui
1472 1293 1699 1333 contrafecerit,
1727 1301 1815 1327 tene-

1069 1354 1137 1380 atur
1161 1343 1197 1378 ad
1217 1356 1346 1391 poenam
1370 1342 1538 1377 duodecim
1557 1343 1721 1377 unciarum
1738 1342 1816 1386 auri,

1070 1397 1095 1430 si
1118 1394 1249 1440 simplex
1274 1393 1373 1433 miles,
1393 1392 1430 1426 ad
1459 1404 1523 1433 sex,
1547 1393 1616 1427 etsi
1641 1392 1816 1437 burgensis,

1071 1444 1108 1479 ad
1137 1452 1213 1478 tres.

1119 1498 1134 1538 ξ
1157 1498 1188 1527 5.
1212 1492 1290 1528 Item
1313 1493 1395 1540 quod
1424 1491 1580 1532 officiales,
1604 1491 1745 1533 comites,
1768 1490 1818 1524 ba-
1845 1503 2013 1530 neptunum.-

1073 1555 1166 1578 rones
1209 1543 1257 1577 vel
1293 1543 1370 1577 aliae
1407 1552 1625 1589 quaecumque
1668 1553 1816 1587 personae
1831 1533 2014 1587 'gssflgsfssfflnf'st‘

1074 1593 1198 1628 laicales
1221 1605 1282 1627 non
1311 1593 1518 1627 intromittant
1540 1604 1572 1625 se
1598 1591 1634 1624 de
1657 1589 1818 1625 electioni-

1075 1644 1132 1678 bus
1157 1643 1367 1689 praclatorum
1394 1643 1438 1676 vel
1474 1640 1695 1676 collationibus
1729 1652 1818 1687 prae-

1074 1693 1246 1727 bendarum
1270 1704 1324 1727 seu
1347 1690 1559 1739 quorumlibet
1595 1690 1818 1724 beneficiorum

1075 1743 1361 1778 ecclesiasticorum
1400 1741 1517 1776 directe
1560 1741 1603 1775 vel
1647 1740 1795 1775 indirecte
1813 1766 1820 1779 ,

1077 1806 1134 1828 nec
1161 1793 1199 1828 de
1225 1793 1294 1827 aliis
1316 1793 1352 1827 ad
1380 1792 1553 1839 spiritualia
1577 1789 1820 1837 pertinentibus,

1079 1843 1134 1877 nisi
1159 1851 1310 1890 quantum
1338 1843 1456 1876 ratione
1477 1842 1737 1887 iurispatronatus
1764 1838 1822 1874 ali-

1078 1893 1194 1941 quibus
1236 1893 1398 1938 competit‚
1430 1891 1473 1925 rel
1510 1904 1547 1925 ex
1582 1890 1741 1937 privilegio
1776 1896 1821 1923 est

1079 1955 1276 1977 concessum.
1300 1941 1364 1976 Nec
1389 1949 1514 1988 propter
1538 1940 1702 1987 praelatos,
1737 1939 1822 1985 capi-

1081 1993 1142 2027 tula
1165 1992 1391 2030 Ecclesiarum,
1419 2003 1473 2025 seu
1504 1998 1677 2024 conventus
1701 1989 1821 2035 piorum

1080 2043 1230 2082 locorum,
1260 2041 1398 2088 ipsorum
1426 2040 1650 2085 consanguinei
1681 2039 1725 2073 vel
1762 2049 1822 2071 vas-

1080 2091 1145 2125 salli
1169 2090 1407 2137 quomodolibet
1429 2091 1643 2124 molestentur.

1129 2145 1143 2184 §
1165 2142 1198 2174 6.
1219 2141 1295 2175 Item
1319 2140 1402 2186 qnod
1423 2140 1539 2181 clerici7
1566 2139 1618 2184 qui
1642 2136 1825 2172 clericaliter
1852 2152 2022 2173 D‚5.,‚m„„nffl.2

1083 2191 1199 2234 vivunt,
1223 2191 1251 2224 iu
1281 2190 1421 2224 collectis
1447 2198 1476 2224 ct
1510 2187 1725 2222 exactionibus
1758 2185 1826 2218 aliis
1840 2184 1984 2240 &fasgffilulffm
1999 2182 2022 2201 ’ὓ

1081 2241 1346 2287 quibuscumque,
1371 2252 1426 2273 nec
1457 2252 1510 2285 pro
1550 2238 1639 2271 bonis
1678 2235 1826 2270 ecetrsia-

1082 2290 1179 2333 sucis,
1209 2303 1266 2324 nec
1296 2302 1349 2336 pro
1383 2287 1650 2335 patrimonialibus
1681 2285 1718 2319 de
1759 2296 1827 2331 por-

1084 2340 1221 2374 tionibus
1243 2351 1298 2374 eos
1320 2339 1456 2384 legitime
1474 2334 1731 2382 contingentibus
1754 2346 1825 2368 cum

1083 2391 1151 2424 aliis
1174 2397 1349 2423 tencantur.

1132 2444 1147 2483 fi
1170 2442 1201 2473 7.
1225 2439 1300 2473 Item
1324 2437 1406 2485 quod
1430 2450 1479 2472 res
1518 2443 1547 2471 ct
1587 2434 1802 2482 possessiones
1818 2460 1826 2476 ‚
1854 2451 1882 2472 ne
1904 2458 2010 2478 pam-„m

1084 2502 1163 2536 qnae
1191 2502 1252 2523 non
1280 2496 1353 2523 sunt
1381 2488 1411 2521 in
1435 2487 1538 2533 aliquo
1561 2485 1665 2519 curiae
1703 2484 1746 2518 rel
1776 2482 2024 2535 aliigffissm{¹

1084 2539 1247 2585 obligatae,
1271 2538 1335 2572 dari
1351 2537 1501 2571 etdonari
1528 2534 1826 2582 possintEcclesiis,
1937 2530 1950 2533 ⁷*

1085 2599 1112 2623 et
1138 2590 1243 2635 tegat-i,
1267 2588 1319 2621 scd
1343 2587 1366 2621 si
1395 2599 1429 2621 ca
1457 2586 1646 2631 obligatione
1671 2592 1828 2627 tenentur⁷

1088 2647 1214 2685 propter
1236 2650 1329 2684 quam
1354 2636 1448 2675 datio,
1471 2635 1596 2669 donatio
1631 2635 1676 2668 vel
1717 2634 1829 2680 legatio

1086 2688 1124 2722 de
1149 2690 1213 2721 iure
1241 2686 1383 2733 impediri
1421 2698 1481 2720 non
1524 2685 1633 2731 possit,
1665 2684 1722 2717 hoc
1756 2696 1827 2717 casu
