2274 3265
119 275 166 301 Αη.
186 275 298 301 01318

136 1122 267 1143 Praemium.

818 279 956 303 loANh'Es
980 281 1037 302 xxi
1062 270 1167 302 alicnis
1195 272 1279 307 xxii}
1304 282 1353 304 pe.
1742 274 1810 305 275
1880 286 1925 309 Αιι,
1943 286 1969 309 ις4
1996 285 2061 310 tais

639 333 749 368 xvtlt.

317 413 484 446 Ordinatio
511 415 617 447 studii
636 417 669 447 ‘in
695 415 781 452 Urbe,
806 416 928 459 eiusque
948 416 1065 458 priuile-

472 463 594 506 9t'orum
620 464 814 508 confirmacio
842 464 902 505 (l).

582 549 795 580 sUttttAtuUit

312 609 500 640 Procemium.
523 629 562 634 —
588 612 610 641 l.
638 611 773 641 Studium
798 612 825 641 in
851 612 926 641 [rbe
949 613 1065 643 institu-

353 658 412 683 tum
431 664 446 684 a
466 654 616 684 Bonil'acio
635 654 704 684 Vlll.
724 673 762 677 —
782 655 820 685 De
845 657 1004 693 magisterii
1029 659 1065 688 ti-

353 697 412 727 tuto
424 702 452 727 et
466 698 565 728 laurea
579 699 812 728 decorandis—
825 699 1062 731 Laureandorum

351 741 440 779 leges.
462 759 500 764 ·-
517 742 545 777 2,
567 742 594 771 3.
617 743 708 772 Aliae.
730 744 807 773 -4,
827 744 1064 780 Licentiatorum,

351 786 608 824 laureatur-umque
629 787 790 824 pritilegia.
812 803 850 810 ——
868 789 895 823 ὃ,
914 788 940 818 6.
960 788 1064 819 Condi-

1038 834 1053 842 .-

351 830 445 859 tiones
468 840 499 859 ac
524 830 764 860 circumstantiae
792 832 945 861 examinis.
976 850 1015 855 —
1044 843 1063 863 ι.

351 874 458 903 Puncta
480 883 531 913 pro
554 874 751 904 licentiandis.

354 949 464 978 loannes
487 951 630 986 opiscopus
659 958 756 979 servus
791 959 929 980 servorun
960 952 1016 985 Dei.

445 1000 478 1027 od
507 1001 668 1035 perpetuam
696 1001 736 1028 ret
761 1001 928 1030 memoriam.

361 1069 497 1116 Dignum
522 1070 670 1105 duximus
695 1080 722 1104 rt
746 1072 888 1106 debitum
913 1073 1060 1119 quodam-

311 1118 405 1153 modo
427 1119 628 1159 arbitramur,
654 1128 685 1154 ut
708 1120 825 1154 Urbem
851 1122 974 1155 urbium
1007 1136 1061 1169 pe-

307 1167 458 1202 culiarem
494 1168 656 1203 Romanae
684 1169 847 1205 Ecclesiae
871 1171 963 1204 tiliam
989 1185 1060 1216 prae

308 1217 432 1251 cunctis
468 1217 552 1252 orbis
591 1218 725 1252 urbibus
763 1219 924 1265 dignitatis
962 1221 1060 1257 titulis

307 1266 555 1313 praefulgentem
594 1267 624 1300 in
650 1268 686 1301 iis
714 1269 884 1315 praecipue
911 1271 1060 1314 congruis

307 1327 534 1363 prosequamur
556 1316 715 1350 favoribus
737 1325 767 1351 et
787 1318 964 1365 praecipuis
981 1332 1060 1365 gra-

307 1365 360 1399 tiis
386 1365 577 1404 attollamus.
597 1378 677 1413 quae
701 1379 761 1400 non
786 1368 888 1402 solum
919 1368 986 1402 eius
1015 1369 1059 1403 in—

306 1415 382 1450 colis
396 1427 493 1461 super
516 1416 649 1450 caeteris
670 1416 849 1451 studiorum
867 1429 960 1451 causa
981 1431 1058 1452 con-

306 1464 478 1499 fluentibus
488 1465 525 1499 ad
541 1465 673 1499 eandem
689 1466 857 1511 praebeant
871 1468 1057 1514 proficiendi

305 1514 494 1550 desiderium
518 1523 547 1549 et
566 1515 747 1562 querendae
769 1517 942 1562 sapientiae
964 1518 1058 1552 indu-

305 1565 442 1598 etivurn:
472 1564 652 1598 huiusmodi
681 1565 764 1599 enim
794 1566 912 1600 donum
937 1568 1056 1614 impre-

306 1613 411 1648 tiabile
434 1613 534 1661 pretio
563 1614 649 1648 nullo
671 1615 868 1654 conceditur,
899 1617 953 1650 sed
977 1617 1058 1650 diri-

306 1663 389 1697 nitus
430 1663 597 1697 animabus
639 1663 800 1698 bonet-otis
848 1665 1028 1712 indulgetur
1049 1680 1056 1707 ;

305 1712 487 1747 huiusmodi
516 1712 735 1747 desiderabilis
762 1722 809 1748 est
830 1714 964 1760 gloriosa
990 1729 1058 1762 pos-

304 1762 427 1805 sessio,
461 1774 515 1809 per
542 1775 636 1809 quam
667 1762 827 1808 pelluntur
860 1765 1056 1810 ignorantiae

304 1812 450 1846 tenebrae
463 1839 469 1853 ‚
484 1824 519 1845 ac
532 1813 649 1846 erroris
665 1813 807 1847 funditus
825 1813 983 1848 eliminata
1005 1829 1057 1849 ca-

303 1861 411 1907 ligine,
435 1861 631 1896 studentium
658 1863 908 1897 commendanda
931 1864 1054 1898 solertia

302 1923 379 1945 suos
400 1919 488 1945 actus
511 1911 649 1957 disponit
677 1920 707 1945 et
730 1912 853 1946 ordinat
883 1913 911 1946 in
936 1913 1056 1947 lumine

303 1960 450 1994 veritatis¹
479 1959 530 1994 Ob
557 1960 617 1995 hoc
640 1961 734 2007 igitur
757 1974 882 2008 magno,
911 1975 967 1996 nec
991 1964 1057 1996 nti-

304 2022 397 2047 rum,
437 2009 595 2043 desiderio
631 2008 794 2049 ducimur„
825 2019 856 2045 ut
895 2011 1055 2047 literarum

301 2058 417 2099 studia,
442 2059 470 2092 in
498 2058 614 2104 quibus
636 2060 801 2105 margarita
825 2061 975 2095 scientiae
999 2075 1055 2097 re-

303 2108 434 2154 peritur,
458 2107 612 2142 laudanda
639 2108 770 2143 ubilibet
794 2110 986 2144 incrementa
1002 2125 1056 2145 sn-

300 2157 457 2203 scipiant,
479 2165 508 2191 et
534 2159 723 2204 propensius
759 2159 966 2199 invalescant;
999 2161 1053 2195 sed

301 2206 330 2239 in
347 2205 432 2240 Urbe
456 2207 636 2252 praecipue,
659 2220 740 2255 quae
761 2208 799 2242 ad
817 2209 1054 2255 multiplicanda

299 2255 460 2289 doctrinae
497 2257 629 2300 semina,
664 2266 693 2291 et
721 2259 865 2303 germina
908 2260 1052 2293 salutaria

301 2304 504 2351 producenda
537 2305 705 2341 multifarie
735 2306 847 2341 idonea
877 2316 906 2341 et
933 2320 1055 2342 accom-

301 2353 393 2388 moda
418 2355 584 2398 reperitur.

348 2407 363 2445 5
395 2407 424 2436 1.
455 2402 536 2437 Cum
567 2404 660 2449 igitur
695 2404 793 2439 felicis
828 2406 1055 2441 recordationis

301 2451 482 2486 Bonifacius
505 2452 589 2498 Papa
613 2462 740 2487 octavus
757 2454 979 2499 praedecessor
1002 2469 1055 2490 no-

300 2509 362 2534 ster
384 2501 552 2535 attendens
574 2501 646 2535 fidei
676 2503 841 2549 puritatem
865 2512 895 2538 et
918 2504 1054 2539 devotio-

335 2570 374 2605 (Ι)
395 2570 433 2596 Ex
451 2570 557 2605 Regest.
576 2571 601 2597 in
619 2571 727 2598 Archiv.
749 2573 831 2599 Vatic.
852 2589 880 2594 -
894 2573 1053 2601 Huiusmodi

301 2614 470 2641 Academiam
499 2615 612 2641 instituit.
628 2615 775 2642 Bonifacius
794 2617 860 2649 Vin,
882 2616 973 2645 Const.
1003 2627 1052 2651 xx,

300 2658 422 2693 superius
439 2666 496 2692 pag.
519 2658 577 2684 166.

1113 346 1182 368 nem
1207 336 1364 373 eximiam,
1387 336 1503 381 quibus
1520 337 1675 382 praedicta
1694 337 1776 372 Urbs
1790 351 1859 385 erg.-
1891 344 2061 366 <¹ud=um1n¹½ff

1111 383 1285 418 Romanam
1318 384 1493 418 Ecclesiam
1531 385 1569 419 ab
1604 386 1677 420 olim
1711 386 1861 422 claruisse
1878 377 2061 426 itftninfssfi'ss'uts't'n'

1109 432 1319 479 dignoscitur,
1339 442 1367 467 et
1387 433 1469 480 quod
1500 434 1568 468 illas
1593 436 1629 468 ad
1659 436 1772 469 dictam
1799 436 1861 472 Ec-

1108 482 1235 515 clesiam
1253 492 1400 529 tanquam
1417 483 1484 516 eius
1500 483 1687 529 praedilecta
1699 494 1726 518 et
1744 485 1856 534 inclyta

1110 531 1170 565 [ilia
1199 531 1401 566 successione
1436 540 1612 576 temporum
1642 534 1680 567 de
1709 534 1790 567 bono
1829 535 1856 567 in

1109 580 1225 614 melius
1248 581 1407 614 studuerat
1433 589 1647 625 augmentare,
1676 590 1707 615 nt
1734 595 1770 616 ex
1791 583 1848 617 civi

1109 637 1169 662 tate
1199 630 1263 675 ipsa
1289 629 1408 662 l'arcnte
1431 629 1497 663 Deo
1526 630 1775 675 producerentur
1805 632 1859 665 viri

1107 679 1236 712 scientia
1259 678 1505 724 praepollentes,
1528 681 1711 714 auctoritatev
1734 690 1860 725 aposto-

1109 727 1163 761 lica
1198 728 1351 767 statuerit,
1388 736 1419 761 ut
1455 727 1568 761 ibidem
1601 738 1682 763 essct
1710 728 1858 763 Studium

1107 778 1263 820 generale,
1288 776 1381 824 idque.
1411 777 1528 823 rign-ret
1558 776 1675 812 ibidem
1701 780 1860 824 perpetuis

1108 825 1223 860 futuris
1247 827 1457 873 temporibus,
1495 828 1676 872 praesertim
1707 829 1734 860 in
1760 827 1858 861 sacul-

1107 875 1223 909 tatibus
1251 876 1327 910 iuris
1358 875 1502 909 canonici
1526 883 1555 909 et
1578 877 1691 921 civilis,
1715 886 1806 922 prout
1827 879 1857 911 in

1106 925 1287 970 apostolicis
1315 925 1412 959 literis
1437 924 1688 972 praedecessoris
1715 926 1857 961 eiusdem

1107 974 1232 1020 plenius
1263 975 1461 1013 continetur2
1496 987 1552 1008 nos
1578 975 1696 1010 Urbem
1725 978 1856 1011 eandem

1107 1031 1232 1069 propter
1256 1025 1445 1070 praemissae
1473 1036 1546 1057 suae
1569 1024 1745 1059 devotionis
1775 1025 1857 1060 insi—

1104 1073 1176 1118 gnia
1200 1073 1353 1107 uberioris
1375 1073 1459 1108 dono
1482 1074 1598 1119 gratiae
1628 1078 1774 1121 prosequi
1800 1088 1859 1109 cu-

1105 1122 1239 1167 pienteS,
1262 1123 1444 1157 auctoritate
1471 1123 1642 1168 apos·olira
1666 1124 1705 1157 de
1728 1126 1856 1159 fratrum

1105 1179 1282 1204 nostrorum
1306 1171 1439 1206 consilio
1464 1172 1576 1205 vicario
1598 1181 1703 1206 nostro
1727 1174 1755 1209 in
1773 1175 1855 1208 dicta

1104 1218 1189 1254 Urbe
1226 1219 1254 1253 in
1283 1220 1514 1266 spiritualibus,
1547 1221 1600 1266 qni
1631 1233 1714 1255 nunc
1737 1232 1794 1265 est,
1826 1231 1854 1257 et

1104 1280 1159 1314 pro
1202 1276 1343 1314 tempore
1379 1270 1453 1307 erit,
1491 1269 1689 1316 impertiendi
1715 1272 1857 1317 personis

1103 1317 1139 1351 ad
1170 1317 1229 1351 hoc
1251 1317 1374 1352 idoneis
1397 1318 1530 1352 docendi
1568 1319 1739 1359 licentiam,
1772 1322 1854 1355 iuxta

1102 1365 1334 1413 infrascriptum
1351 1367 1491 1407 modum,
1507 1367 1634 1401 liberam
1650 1370 1856 1404 concedimus

1102 1414 1307 1455 facultatem,
1335 1418 1519 1451 auctoritate
1548 1418 1724 1463 praedicta,
1748 1428 1855 1453 tenore

1103 1467 1314 1509 praesentium
1333 1475 1519 1505 statua-ntes,
1535 1474 1567 1500 ut
1584 1468 1608 1500 si
1626 1468 1679 1514 qui
1702 1480 1853 1514 processu

1102 1516 1253 1561 temporis
1276 1516 1402 1555 fuerint,
1431 1517 1482 1562 qni
1503 1516 1560 1550 sibi
1587 1518 1616 1550 in
1645 1518 1757 1552 eodeni
1777 1519 1854 1553 Stu-

1101 1564 1154 1598 dio
1172 1565 1306 1600 docendi
1331 1566 1501 1609 lit-entiam,
1517 1574 1545 1598 nt
1564 1566 1642 1601 alios
1661 1567 1854 1602 luculentius
1884 1578 1910 1598 ne
1939 1583 2058 1603 maa-nem

1100 1614 1223 1649 erudire
1272 1615 1416 1659 valeant,
1449 1616 1595 1661 petit-rint
1630 1616 1793 1663 impertiri,
1823 1609 2053 1659 itig'ssssssssa‘fffffiffm‘ffi

1102 1663 1167 1698 iure
1191 1664 1343 1699 canonico
1370 1672 1400 1698 et
1422 1665 1502 1698 cirili
1530 1666 1703 1700 examinari
1733 1666 1852 1714 possint

1102 1713 1232 1754 ibidem,
1247 1713 1320 1747 etin
1337 1714 1455 1748 eisdem
1472 1715 1674 1749 l'acultatibns
1691 1716 1850 1751 dumtaxat

1100 1763 1193 1797 titulo
1221 1764 1392 1809 magisterii
1416 1763 1574 1798 decorari:
1604 1773 1633 1798 et
1659 1767 1853 1812 utquotiens

1099 1812 1193 1858 aliqui
1224 1813 1339 1847 fuerint
1368 1814 1587 1860 promovendi,
1612 1824 1854 1860 praesententur

1099 1862 1203 1896 eidem
1228 1862 1361 1906 vicario,
1388 1863 1441 1909 qni
1471 1876 1526 1908 pro
1563 1871 1705 1909 tempore
1734 1864 1849 1902 suerit,

1101 1911 1146 1945 rel
1169 1911 1208 1949 ei,
1236 1924 1330 1958 quem
1360 1912 1397 1945 ad
1427 1911 1486 1945 lto*
1506 1914 1639 1947 rit-arius
1661 1913 1854 1948 duxeritde-

1101 1960 1290 2005 putandum:
1321 1962 1374 2007 qui
1400 1962 1560 2006 magistris
1587 1962 1746 1998 facultatis
1770 1964 1854 1997 illius

1100 2010 1129 2043 in
1158 2022 1218 2056 qua
1253 2011 1442 2045 examinatio
1471 2011 1561 2045 fuerit
1598 2011 1762 2055 iacienda,
1792 2021 1853 2047 tam

1100 2059 1294 2104 regentibus,
1319 2072 1411 2107 quam
1430 2072 1490 2093 nnn
1507 2060 1690 2106 regentibus
1712 2064 1854 2109 quinque

1100 2109 1144 2141 vel
1173 2117 1308 2155 quatuor
1344 2109 1380 2143 ad
1407 2110 1512 2142 minus
1549 2111 1578 2144 in
1602 2109 1713 2144 eodem
1739 2111 1854 2146 Studio

1101 2158 1316 2203 praesentibus
1340 2159 1530 2196 convocatis„
1553 2171 1607 2193 eos
1625 2160 1721 2205 gratis
1748 2169 1776 2193 et
1791 2161 1850 2194 dil-

1100 2206 1235 2241 ficultate
1263 2219 1464 2254 quacumque
1491 2207 1624 2249 sublata,
1648 2209 1678 2242 in
1696 2208 1852 2243 dictorum

1099 2257 1319 2302 magistrorum
1346 2257 1551 2303 praesentiam
1576 2256 1615 2291 de
1643 2259 1786 2300 scientia,
1802 2259 1854 2292 fa—

1098 2305 1236 2349 cundia,
1264 2306 1358 2340 modo
1390 2306 1512 2349 legendi
1542 2314 1572 2340 et
1599 2307 1685 2345 aliis,
1712 2319 1793 2353 quae
1822 2308 1852 2342 in

1100 2356 1324 2401 promovendis
1338 2355 1376 2388 ad
1392 2355 1571 2389 doctoratus
1583 2368 1638 2389 seu
1650 2358 1851 2402 magistratus

1098 2403 1235 2438 officium
1261 2405 1476 2450 retpiiruntur,
1502 2406 1682 2439 examinare
1705 2405 1851 2440 studeant

1097 2452 1281 2498 diligenter:
1312 2453 1432 2487 nullum
1458 2462 1575 2497 tamen,
1607 2455 1660 2499 qui
1694 2453 1849 2489 doctorari
1881 2462 2050 2485 Laureandeim

1098 2502 1222 2548 lietierit
1245 2504 1275 2535 iu
1305 2502 1371 2536 iure
1394 2503 1488 2541 civiti,
1511 2502 1548 2536 ad
1579 2502 1757 2537 huiusmodi
1782 2517 1851 2538 exa-
1866 2493 1923 2519 ΜΨ

1098 2551 1300 2585 minationem
1325 2551 1480 2594 admittat,
1509 2552 1565 2585 nisi
1589 2553 1642 2598 qui
1672 2552 1707 2585 ad
1745 2554 1850 2587 minus

1097 2612 1151 2634 sex
1179 2601 1270 2634 annis
1293 2600 1393 2634 civilia
1422 2601 1486 2634 iura
1508 2601 1651 2645 audierit,
1673 2610 1704 2635 et
1726 2601 1850 2636 duobus

1097 2649 1206 2683 saltem
1247 2661 1283 2683 ex
1319 2650 1365 2683 eis
1393 2650 1441 2684 illa
1470 2650 1498 2684 in
1522 2649 1627 2697 aliquo
1654 2650 1768 2685 Studio
1795 2663 1851 2697 ge-
