2274 3265
116 265 165 291 An.
182 264 210 291 C.
229 265 291 291 tstt

123 776 195 798 festae
223 782 256 796 εῖτ

109 810 211 828 matrones

116 1922 204 1942 calicem
216 1925 235 1941 et
246 1927 287 1941 arn-

103 1953 178 1980 pullam
229 1958 286 1972 more

103 1984 225 2004 subdiaconi
254 1983 287 2002 ol'-

103 2015 142 2035 [srt
164 2015 285 2041 imperator,

947 265 1092 288 CLEMENS
1119 265 1138 285 V
1167 265 1212 286 t’t'.

358 320 378 367 5
405 321 458 353 12.
483 319 544 361 Qui
567 328 735 355 coronatus
758 320 930 355 incendens
953 328 1055 366 portet

311 372 340 404 in
369 369 476 404 dextra
500 382 593 404 manu
623 382 768 416 pomum,
792 370 820 403 in
841 369 963 404 sinistra
987 380 1057 403 sce-

310 428 427 466 ptrum,
440 427 469 454 et
481 420 525 453 sic
543 419 580 453 ad
603 419 771 454 thalamum
790 419 906 454 redeat:
925 418 1056 465 ipsoque

309 469 349 503 ibi
388 481 459 504 cum
504 469 698 515 principibus
735 469 801 503 suis
841 469 1032 502 consistente
1049 496 1056 508 ‚

310 520 394 564 prior
415 517 692 556 subdiaconorum,
715 530 787 552 cum
810 517 1057 552 subdiaconibus

310 568 471 603 Romanae
493 567 606 602 Curiae
633 576 662 602 et
696 567 865 614 capellanis
886 567 973 601 aulae
997 568 1057 600 im-

309 618 434 663 perialis
455 617 492 650 ad
521 617 676 663 pectorale
696 617 838 651 dextrum
862 625 933 651 ante
953 617 1056 651 cruci-

308 668 402 703 fixum
426 675 608 713 argenteum
638 666 760 701 landem
789 667 968 714 imperatori
998 667 1055 701 alta

308 730 386 752 voce
414 717 580 753 decantent
597 716 655 750 hoc
678 716 783 750 modo:
810 716 943 755 Exaudi,
963 716 1056 751 Chri-

281 789 290 791 -
306 776 364 811 ste,
378 776 432 801 etc.
457 765 616 800 Scriniarii
640 778 711 801 vero
734 765 838 806 Urbis,
857 767 966 800 sericis
987 778 1057 813 cap-

307 818 353 864 pis
374 816 490 858 induti,
518 823 589 850 ante
612 816 767 863 pectorale
789 817 998 850 consistentes
1025 817 1054 851 in

306 868 403 901 choro
426 865 651 912 respondeant:
674 866 812 901 Domino
839 866 977 901 Heni-ico
1005 868 1053 901 in-

305 914 1056 963 victissimoRomanorumimperatorietsemper

306 967 450 1012 Augusto
468 966 553 1000 salus
575 974 605 1000 et
624 966 766 1000 victoria:
781 978 841 1012 qua
858 965 948 1000 laude
964 967 1054 1000 tertio

305 1017 456 1062 repetita,
485 1016 569 1061 prior
595 1015 862 1050 subdiaconorum
886 1028 958 1050 cum
987 1017 1054 1050 suis

304 1065 406 1100 tribus
429 1064 549 1100 vicibus
578 1065 675 1099 dicat:
703 1065 845 1100 Salvator
869 1065 998 1099 mundi:
1023 1073 1053 1099 et

305 1115 459 1150 scriniarii
488 1115 623 1148 vicissim
648 1115 873 1162 respondeant:
896 1115 942 1149 Tu
966 1115 1051 1148 illum

304 1164 430 1199 adiuva:
459 1164 573 1199 deinde
602 1165 658 1198 iste
678 1177 750 1198 cum
774 1164 839 1198 suis
860 1164 984 1198 duabus
1008 1165 1052 1198 ri—

305 1213 396 1248 cibus
415 1214 511 1248 dicat:
529 1213 641 1249 Sancta
664 1214 777 1253 Maria:
798 1222 827 1248 et
849 1213 890 1247 illi
916 1214 1050 1248 vicissim

305 1263 531 1311 respondeant:
560 1262 608 1297 Tu
644 1263 731 1298 illum
771 1263 906 1297 adiuva:
941 1272 971 1297 et
1007 1264 1051 1297 sic

305 1313 463 1360 deinceps:
485 1312 601 1348 Sancte
614 1312 760 1347 Michael:
777 1321 884 1347 sancte
898 1312 1049 1358 Rapliael:

304 1371 410 1398 sancte
448 1363 581 1397 loannes
614 1361 768 1408 Baptista:
798 1371 904 1396 sancte
939 1362 1048 1397 Petre:

303 1420 409 1447 sancte
439 1411 548 1447 Paule:
573 1421 679 1447 sancte
693 1412 835 1447 Andrea:
859 1420 965 1446 sancte
983 1411 1051 1446 Ste-

304 1463 420 1509 phane:
444 1470 550 1497 sancte
573 1461 736 1496 Laurenti:
760 1472 867 1497 sancte
886 1462 1047 1497 Vincenti:

302 1521 409 1547 sancte
432 1512 598 1548 Silvester:
615 1522 721 1548 sancte
736 1513 819 1548 Leo:
843 1522 950 1548 sancte
967 1513 1050 1548 Gre-

301 1563 389 1609 gori:
422 1570 528 1597 sancte
562 1561 759 1598 Benedicte:
792 1571 898 1598 sancte
933 1562 1048 1597 Basili:

301 1622 408 1647 sancte
426 1611 527 1647 Saba:
551 1621 584 1646 tu
607 1621 710 1648 saneta
730 1614 850 1659 Agnes:
867 1620 973 1647 sancta
987 1611 1050 1647 Ce—

302 1662 388 1696 cilia:
419 1670 524 1697 sancta
557 1662 665 1698 Lucia.
701 1663 825 1705 Quibus
853 1663 973 1702 finitis,
998 1664 1047 1697 isti

302 1712 349 1746 bis
371 1712 492 1747 dicant:
512 1712 606 1761 Kyrie
628 1713 763 1754 eleison:
790 1721 817 1748 et
842 1713 884 1747 illi
915 1713 1048 1747 vicissim

302 1762 530 1810 respondeant:
558 1761 683 1797 Christe
705 1765 850 1811 eleyson:
877 1776 912 1797 ac
936 1763 1050 1797 deinde

301 1813 393 1847 simul
413 1825 538 1847 omnes:
561 1812 656 1860 Kyrie
672 1814 802 1848 eleison.

351 1862 371 1910 ἓ
398 1865 453 1897 13.
477 1862 552 1897 Post
566 1863 653 1900 haec.
676 1863 847 1910 Evangelio
869 1863 1049 1905 decantato,

301 1912 471 1959 imperator
492 1925 605 1948 corona
625 1921 653 1947 et
677 1922 781 1948 manto
808 1912 970 1959 depositis,
998 1925 1050 1947 ae-

302 1962 391 1997 cedat
417 1963 454 1997 ad
483 1962 653 1997 Summum
682 1962 865 1997 Pontificem
889 1972 920 1997 et
943 1963 1050 1997 oll‘erat

302 2012 338 2046 ad
362 2012 459 2059 pedes
477 2013 546 2047 eius
568 2025 692 2051 aurum,
721 2022 871 2060 quantum
899 2012 957 2047 sibi
982 2012 1049 2059 pla-

302 2063 416 2102 cuerit;
440 2063 573 2110 ipsoque
591 2062 744 2097 pontifice
765 2062 977 2097 descendente
995 2075 1050 2109 pro

302 2112 502 2160 perficiendis
524 2113 690 2147 missarum
714 2113 861 2147 misteriis
878 2112 914 2146 ad
943 2113 1048 2155 altare,

301 2163 471 2209 imperator
494 2176 580 2197 more
595 2162 778 2198 subdiaconi
807 2162 914 2197 offerat
943 2163 968 2196 ei
997 2175 1050 2196 ca-

301 2212 390 2247 licem
410 2220 439 2246 et
456 2213 639 2258 ampullam,
659 2221 689 2247 et
704 2221 761 2248 stet
787 2212 839 2255 ibi⁷
853 2212 953 2247 donec
964 2212 1050 2246 Pon-

301 2261 375 2297 tifex
397 2261 436 2296 ad
459 2262 565 2296 sedem
589 2275 733 2297 reversus
754 2264 982 2302 communicet
1005 2275 1050 2296 sa-

300 2324 447 2367 cramque
476 2311 742 2346 Communionem
777 2312 816 2347 de
852 2324 946 2346 manu
982 2313 1049 2347 eius

301 2361 451 2408 suscipiat
484 2374 554 2396 cum
592 2363 698 2396 osculo
731 2363 833 2408 pacis:
869 2370 897 2396 ct
933 2362 976 2396 sic
1011 2361 1047 2396 ad

301 2410 470 2445 thalamum
514 2410 636 2446 rediens
675 2411 704 2445 in
739 2411 873 2446 ambone
913 2419 1049 2446 resumat

301 2469 441 2495 mantum
471 2461 587 2507 pariter
622 2468 651 2495 et
685 2472 856 2499 coronam:
891 2462 1048 2508 missaque

302 2510 411 2554 finita,
442 2509 650 2556 pontificalem
679 2509 930 2545 benedictionem
961 2523 1048 2545 reve-

301 2567 404 2594 renter
442 2560 602 2606 accipiat;
635 2569 663 2594 et
690 2561 793 2594 statim
832 2560 979 2605 procedat
1008 2560 1046 2595 ad

300 2609 416 2649 locum,
433 2608 484 2644 ubi
508 2609 602 2644 debet
623 2609 776 2644 Summus
799 2608 942 2644 Pontifex
965 2610 1047 2657 equi-

300 2667 381 2700 tare;
404 2667 433 2693 et
456 2671 527 2693 cum
555 2659 622 2706 ipse
644 2657 787 2693 Pontifex
806 2670 922 2706 equum
941 2671 1047 2694 ascen-

1725 253 1793 286 ‘219

1100 319 1203 354 derit.
1238 328 1338 354 teneat
1365 319 1541 365 stapedium
1573 320 1668 354 sellae
1695 322 1782 357 eius:
1815 329 1843 355 et

1098 376 1222 415 arrepto
1233 368 1319 402 freno
1332 368 1559 416 aliquantulum
1575 369 1678 416 ipsum
1692 369 1844 410 adextret;

1099 430 1232 464 moxque
1247 430 1339 452 suum
1355 430 1470 465 equum
1487 420 1672 458 ascendens,
1698 419 1845 465 procedat

1099 467 1179 502 iuxta
1202 466 1370 502 Summum
1395 467 1577 502 Pontificem
1602 481 1702 515 usquc
1723 469 1759 502 ad
1783 468 1843 504 Ec—

1097 515 1224 552 clesiam
1252 515 1385 552 Sanctae
1412 516 1527 552 Mariae
1561 519 1588 551 in
1621 517 1843 564 'st-aspamam,

1099 565 1149 600 ubi
1167 566 1238 601 dato
1255 566 1311 601 sibi
1327 565 1434 601 osculo
1446 566 1482 600 ad
1500 567 1646 611 invicem,
1662 579 1721 602 non
1738 568 1843 607 corde„

1098 616 1151 651 sed
1175 628 1306 663 corpore
1327 623 1519 662 separentur.

1146 666 1166 714 S
1191 668 1244 700 14.
1269 666 1301 700 Si
1319 678 1390 700 vero
1412 666 1517 711 regina
1539 666 1629 701 fuerit
1652 668 1842 708 coronanda

1098 715 1189 750 debet
1211 727 1307 762 super
1328 715 1492 750 lectorium
1516 727 1552 750 ex
1583 716 1723 762 apposito
1747 717 1843 751 tltala-
1865 752 1880 761 μ

1099 777 1167 800 mus
1187 766 1374 811 praeparari,
1389 766 1439 799 uhi
1462 777 1533 799 cum
1550 764 1672 799 duabus
1686 766 1722 798 ad
1740 768 1844 801 minus

1099 814 1210 862 puellis
1249 823 1279 850 et
1301 815 1460 862 aliquibus
1491 828 1529 850 ex
1559 814 1757 863 principibus
1786 817 1843 851 im·

1097 866 1186 912 perii,
1203 873 1262 900 tam
1286 865 1506 900 ecclesiasticis
1536 877 1629 912 quam
1658 865 1843 911 mundanis,

1098 915 1249 950 resideat:
1278 924 1308 949 et
1340 924 1408 962 post
1435 917 1668 950 coronationem
1703 916 1844 962 impera-

1096 966 1170 1000 toris
1197 965 1368 1000 deducatur
1394 965 1432 1000 ad
1455 964 1548 999 altare
1575 973 1646 999 ante
1672 964 1842 1001 Summum

1095 1013 1278 1049 Pontificem
1307 1015 1420 1049 ainicta
1444 1014 1602 1060 regalibus
1626 1014 1818 1050 indumentis
1834 1045 1842 1060 ,

1094 1064 1143 1098 cui
1178 1063 1331 1099 Summus
1365 1064 1509 1099 Pontifex
1550 1065 1671 1099 mitram
1703 1065 1841 1110 imponit

1095 1114 1146 1155 ita
1169 1114 1251 1160 quod
1280 1126 1396 1148 cornua
1420 1114 1530 1149 mitrae
1554 1114 1615 1148 sint
1642 1127 1656 1147 a
1676 1113 1840 1149 dixtriset

1093 1175 1108 1196 a
1140 1164 1286 1206 sinistris
1310 1171 1339 1198 et
1361 1176 1456 1210 super
1477 1165 1598 1198 mittam
1628 1163 1769 1210 imponat
1791 1176 1842 1199 co

1095 1224 1213 1252 ronam
1237 1213 1276 1247 ita
1300 1212 1445 1247 dicendo:
1474 1213 1591 1260 Accipe
1613 1226 1760 1248 coronant
1782 1214 1839 1248 im-

1093 1262 1218 1308 perialis
1249 1262 1473 1303 excellentiae,
1502 1271 1554 1297 ecc.
1584 1261 1739 1297 Coi-onata
1767 1275 1840 1297 vero

1093 1311 1209 1358 regina,
1238 1311 1404 1346 reducatur
1426 1312 1462 1346 ad
1487 1312 1656 1346 thalamum
1674 1340 1681 1352 ,
1709 1320 1740 1346 et
1769 1322 1837 1360 post

1092 1360 1838 1407 Evangelium,dttcatttradoblatiouemSummo

1091 1410 1237 1446 Pontifici
1261 1411 1481 1450 exhibendam,
1500 1419 1626 1458 stetque
1643 1413 1672 1445 in
1689 1412 1838 1458 gradibus

1092 1461 1174 1496 iuxta
1189 1461 1331 1497 absidem
1357 1475 1463 1497 versus
1485 1462 1579 1497 altare
1595 1464 1695 1497 sancti
1710 1462 1837 1504 Leonis,

1091 1511 1192 1547 donec
1218 1512 1257 1547 de
1286 1525 1378 1548 mauu
1414 1512 1536 1548 Summi
1571 1513 1733 1549 pontificis
1769 1522 1836 1562 post

1093 1563 1311 1608 imperatorem
1331 1576 1450 1599 sacram
1470 1562 1736 1598 Communionem
1759 1565 1839 1599 acci-

1093 1613 1170 1659 piat;
1193 1622 1223 1648 et
1246 1626 1330 1648 nunc
1358 1614 1394 1648 ael
1412 1613 1583 1648 thalamum
1614 1614 1754 1658 reducta,
1770 1627 1836 1662 per-

1092 1672 1214 1697 maneat
1236 1676 1334 1710 usque
1356 1663 1393 1698 ad
1423 1663 1515 1698 linem
1544 1663 1668 1699 Missae.

1139 1713 1228 1761 §¹5⁴
1250 1712 1426 1749 Consuevit
1439 1722 1543 1748 autem
1562 1714 1731 1761 imperator
1753 1715 1834 1761 larga

1093 1763 1282 1811 presbyteria
1311 1764 1458 1799 omnibus
1480 1763 1644 1799 ordinibus
1677 1764 1835 1804 exhibere,
1871 1796 1876 1808 ,

1092 1813 1206 1859 quibus
1229 1826 1274 1852 ca,
1292 1827 1362 1848 cum
1388 1823 1568 1857 coronatur,
1591 1814 1743 1849 Summus
1759 1814 1836 1849 Pon-

1092 1862 1164 1898 tifex
1182 1863 1348 1910 elargitur:
1371 1864 1515 1898 videlicet
1533 1865 1700 1910 episcopis,
1717 1864 1835 1913 presby

1092 1914 1164 1948 teris
1186 1922 1215 1948 et
1238 1914 1379 1949 diaconis
1401 1914 1628 1953 cardinalibus,
1658 1914 1836 1961 primicerio

1092 1971 1121 1998 et
1148 1963 1351 2008 cantoribus,
1370 1963 1574 1999 subdiaconis
1602 1964 1785 1999 basilicariis
1807 1972 1837 1998 et

1092 2013 1290 2059 regionariis,
1315 2014 1506 2048 universitati
1530 2014 1603 2048 cleri
1628 2014 1758 2053 romani,
1784 2026 1838 2049 ca-

1093 2063 1222 2109 pellanis
1241 2073 1267 2097 et
1288 2064 1418 2098 caeteris
1440 2063 1623 2098 officialibus
1638 2072 1667 2098 et
1687 2064 1836 2098 ministra-

1092 2112 1174 2147 libus
1193 2114 1309 2152 curiae,
1333 2113 1488 2160 praefecto
1506 2112 1609 2155 Urbis,
1629 2112 1847 2152 senatoribus,¹

1092 2162 1260 2202 iudicibus,
1278 2163 1436 2198 advocatis
1463 2171 1490 2197 et
1513 2163 1683 2200 scrinariis.
1703 2175 1737 2197 ae
1754 2176 1838 2210 prae-

1092 2212 1180 2247 sectis
1208 2213 1375 2248 navalium.
1419 2212 1593 2248 Consuevit
1627 2213 1718 2247 etiam
1761 2225 1835 2250 rex.

1091 2262 1218 2309 quando
1251 2262 1411 2297 descendit
1443 2262 1480 2297 de
1507 2269 1613 2296 monte
1640 2261 1778 2303 Gamtii,
1807 2270 1834 2296 et

1092 2313 1172 2346 venit
1194 2312 1230 2346 ad
1256 2312 1470 2357 ponticellum
1495 2321 1650 2358 praestare
1673 2311 1757 2346 boc
1751 2324 1843 2346 iura—³

1092 2370 1231 2397 mentum
1255 2362 1424 2396 Romanis:
1440 2361 1508 2407 Ego
1528 2361 1688 2395 Henricus
1716 2373 1768 2396 rex
1791 2361 1836 2395 fu·
1863 2374 1919 2394 tto,

1849 2405 1956 2457 &0223ss
1979 2411 2017 2455 ῑῖ,

1091 2462 1192 2495 manis
1220 2461 1317 2495 bonas
1336 2459 1583 2495 consuetudines
1605 2473 1694 2503 suas,
1717 2461 1762 2495 sic
1785 2472 1834 2495 me
1850 2473 1896 2487 w
1901 2468 1958 2487 ³¹³⁴*-

1090 2419 1181 2446 lUPUS
1204 2414 1373 2457 imperator
1396 2412 1474 2451 lttt',O
1493 2423 1541 2444 m(
1558 2419 1751 2445 Sffl'Valtll'Um
1774 2410 1837 2446 RO-

1090 2510 1175 2545 Deus
1187 2511 1323 2551 adiuvet,
1336 2518 1366 2544 et
1380 2510 1454 2544 haec
1467 2519 1570 2544 sancta
1586 2508 1639 2544 Dei
1657 2509 1833 2556 Evangelia.

1137 2559 1157 2607 g
1181 2564 1235 2594 16.
1263 2559 1342 2602 Quia
1367 2572 1437 2594 vero
1461 2568 1584 2606 propter
1613 2569 1749 2594 nostiam
1778 2560 1835 2594 ab-

1089 2611 1219 2644 sentiam
1243 2609 1391 2644 nonnulla
1415 2609 1565 2644 solemnia
1600 2621 1637 2644 ex
1667 2608 2030 2674 Ps³⁹d¹⁰¹¹³pl2l⁰ffip³n⁰tl

1090 2672 1254 2707 personam
1284 2666 1418 2693 nostram
1448 2659 1616 2705 tangentia,
1636 2659 1757 2705 expedit
1790 2659 1833 2693 in-

1860 263 1909 289 An.
1928 262 1955 288 C<
1977 263 2040 287 1311

1871 681 2027 731 Quottrtuintfe

1882 1732 1891 1746 ὅ
1915 1732 2034 1748 munerum=

1852 1758 1962 1782 erogandis
