2274 3265
199 274 247 299 An.
265 272 293 298 C.
312 273 376 299 1307

211 1079 238 1098 Ae
250 1078 377 1105 Temptaui„

196 1114 207 1127 ρ
216 1110 268 1128 idem
311 1111 378 1135 dopo-

197 1145 275 1161 sui-“R

445 260 510 292 190

967 267 1151 289 nt't,t.stttttuu
1180 265 1337 288 umhtxtut

394 335 472 365 rent,
496 334 555 359 tam
579 331 685 358 contra
710 323 794 370 ipsos
817 330 843 356 et
868 322 941 357 alias
964 322 1161 379 si1ig,3=1¹.:11*‹»s[
1182 321 1366 367 imptisitore
1412 319 1585 353 baereticae
1631 318 1796 365 pravitatis.
1840 318 1929 360 Quae

395 387 545 422 personas
568 374 642 406 dieti
671 373 790 406 ordinis
813 372 1010 417 generaliter,
1045 386 1135 418 «pinni
1181 371 1394 403 roilli-ssiones
1414 377 1438 402 et
1461 369 1671 415 depositiones
1690 368 1843 401 dictorum
1865 381 1930 402 tna-

394 434 498 459 contra
530 424 631 470 ipsum
669 423 811 456 ordinem
835 435 929 469 super
958 422 1138 468 praemissisv

394 487 465 508 cum
494 473 655 518 diligentia
679 472 852 512 veritatem,
874 479 904 505 et
926 470 1075 518 quicquid
1092 483 1140 504 su-

395 537 450 571 per
478 523 525 557 his
548 522 733 562 invenirent,
758 520 849 556 nobis
871 520 998 563 referre,
1022 533 1056 554 ac
1080 532 1138 554 eo—

395 586 463 607 rum
508 571 725 607 consessiones
763 578 793 605 et
830 570 1042 617 depositiones
1086 581 1141 615 per

394 635 521 657 manum
546 621 701 668 publicam
726 621 755 654 in
776 619 902 666 scriptis
926 619 1065 653 redactas
1085 631 1141 652 no-

393 680 457 707 stro
487 671 671 717 apostolatui
714 669 835 704 deferre
874 682 910 704 ac
945 675 1140 715 praesentare

393 729 550 765 curarent,
576 720 693 755 eisdem
729 719 877 765 magistro
899 727 927 752 et
957 724 1141 764 praecepto-

393 771 479 806 ribus
504 770 713 805 absolutionis
742 768 928 803 benelicium
952 779 967 801 a
990 766 1141 801 sententia

392 819 740 861 excommunicationis,
762 830 856 865 quam
881 829 936 863 pro
952 816 1143 863 praemissis,

392 871 417 905 si
441 882 511 905 vera
537 877 654 909 essent,
683 869 890 909 incurrerant,
917 866 941 899 si
969 865 1143 900 absolutio-

393 933 466 955 nem
490 919 652 960 humiliter
674 930 709 952 ae
731 917 843 951 devote
867 923 1019 962 peterent,
1042 922 1076 948 ut
1095 914 1145 948 de-

392 969 514 1014 berent,
537 969 619 1003 iuxta
637 967 766 1002 formam
780 965 940 1000 Ecclesiae
959 964 1143 1011 impensuri.

440 1020 460 1066 g
487 1022 520 1052 8.
547 1018 610 1060 Qui
645 1015 820 1051 cardinales
852 1015 887 1048 ad
919 1015 1003 1061 ipsos
1039 1013 1146 1059 magi-

392 1077 490 1103 strum
513 1075 542 1102 et
566 1073 784 1114 praeceptores
823 1063 1029 1111 personaliter
1054 1075 1146 1097 acce-

393 1118 517 1161 dentes,
554 1117 599 1151 eis
634 1116 680 1150 sui
709 1114 863 1150 adventus
889 1125 1015 1148 causam
1043 1125 1147 1159 expo-

393 1174 537 1210 suerunt,
559 1175 587 1200 et
610 1165 758 1213 quoniam
783 1173 844 1198 tam
865 1174 1029 1210 personae,
1053 1174 1144 1208 quam

394 1229 442 1252 res
469 1217 608 1263 ipsorum
628 1224 657 1250 et
683 1215 816 1249 aliorum
839 1212 1092 1260 Templariorum
1117 1211 1146 1245 in

394 1266 478 1301 dicto
510 1278 605 1312 regno
632 1274 686 1300 tuo
707 1262 948 1299 consistentium
979 1262 1008 1295 in
1038 1262 1148 1295 mani—

395 1316 454 1350 bus
471 1316 585 1350 nostris
598 1322 698 1358 erant,
713 1313 799 1361 quod
815 1312 913 1347 libere
928 1311 1046 1357 absque
1062 1319 1146 1345 metu

396 1365 584 1412 cuiusquam
609 1364 700 1412 plene
722 1375 757 1398 ac
780 1374 858 1410 pure
880 1373 976 1408 super
999 1361 1150 1408 praemis-

396 1416 439 1451 sis
470 1415 619 1449 omnibus
651 1413 730 1461 ipsis
762 1411 978 1447 cardinalibus
1011 1410 1151 1444 (licerent

397 1465 571 1504 veritatem,
598 1464 644 1498 eis
658 1463 841 1498 auctoritate
854 1461 1024 1508 apostolica
1043 1460 1151 1493 iniun-

404 1523 528 1549 xerunt.
583 1513 646 1555 Qui
679 1512 827 1557 magister
868 1519 898 1545 et
932 1517 1152 1558 praeceptores

398 1564 561 1603 Franciae,
583 1563 700 1598 Terrae
726 1561 966 1601 Ultramarinae‚
988 1560 1152 1594 Nor-man-

399 1615 480 1655 diae,
502 1612 690 1661 Aquitaniae
707 1624 743 1646 ac
761 1611 928 1649 pictaviae,
951 1622 1055 1645 coram
1076 1609 1153 1656 ipsis

401 1664 499 1698 tribus
521 1662 746 1706 cardinalibus,
775 1659 995 1708 praesentibus
1016 1667 1152 1706 quatuor

401 1712 622 1748 tabellionibus
639 1711 782 1759 publicis,
799 1719 828 1744 et
845 1710 951 1744 multis
972 1710 1043 1744 aliis
1062 1709 1154 1742 bonis

402 1764 488 1803 viris,
509 1762 546 1797 ad
563 1770 668 1797 sancta
690 1761 747 1795 Dei
763 1760 943 1805 Evangelia,
959 1759 997 1794 ab
1019 1759 1063 1793 eis
1085 1770 1156 1792 cor-

404 1813 550 1861 poraliter
576 1820 667 1855 tacta,
691 1810 837 1858 praestito
857 1810 1044 1848 iuramento,
1071 1807 1154 1856 quod

402 1875 498 1911 super
520 1861 701 1910 praemissis
734 1859 882 1895 omnibus
908 1872 1024 1894 meram
1044 1867 1075 1893 et
1094 1858 1155 1905 ple-

404 1927 475 1949 nam
498 1913 638 1948 dicerent
660 1910 831 1954 veritatem,
853 1922 957 1945 coram
982 1909 1059 1956 ipsis
1090 1908 1157 1942 sin-

404 1963 564 2011 gulariter,
586 1961 695 2000 libere,
718 1973 753 1995 ac
780 1967 903 2007 sponte,
938 1959 1057 2005 absque
1079 1970 1158 1992 coa-

404 2014 508 2049 ctione
555 2011 693 2059 qualibet
720 2019 750 2045 et
782 2010 893 2044 timore
941 2009 1158 2055 deposuerunt

406 2072 436 2098 et
455 2061 593 2098 confessi
617 2061 756 2104 fuerunt,
779 2059 859 2093 inter
880 2067 1012 2098 caetera,
1040 2057 1157 2092 Christi

406 2112 660 2159 abnegationem,
687 2118 718 2144 et
744 2109 937 2156 spuitionem
965 2120 1060 2155 super
1082 2120 1159 2141 eru—

407 2169 487 2206 cem,
510 2174 581 2197 cum
605 2161 635 2194 in
658 2159 769 2194 ordine
795 2159 918 2206 Templi
951 2158 1064 2203 recepti
1093 2157 1161 2191 fue-

408 2220 494 2252 runt,
516 2220 546 2247 et
567 2210 694 2258 quidam
717 2222 754 2243 ex
776 2209 820 2243 eis
842 2221 875 2243 se
897 2208 956 2243 snb
977 2208 1086 2242 eadem
1104 2206 1162 2241 sor-

409 2275 470 2301 ma,
497 2261 616 2296 scilieet
655 2272 726 2294 eum
756 2259 964 2305 abnegatione
991 2257 1107 2293 Christi
1132 2265 1162 2292 et

409 2312 566 2359 spuitione
605 2322 701 2357 super
734 2321 861 2344 crucem
898 2308 1008 2343 fratres
1047 2306 1163 2341 multos

411 2362 579 2409 recepisse.
602 2360 685 2394 Sunt
703 2359 793 2393 etiam
810 2358 935 2405 quidam
959 2371 995 2392 ex
1011 2357 1056 2390 eis
1072 2368 1164 2403 quae-

412 2412 484 2446 dam
507 2411 563 2445 alia
587 2409 746 2444 horribilia
770 2417 799 2443 et
825 2408 988 2443 inhonesta
1018 2406 1164 2450 confessi,

413 2470 494 2508 quae
510 2468 543 2495 ut
557 2471 666 2494 eorum
682 2459 717 2493 ad
734 2470 883 2505 praesens
898 2469 1060 2505 parcamus
1076 2468 1165 2490 rere-

415 2510 561 2549 cundiae,
584 2509 789 2544 subticemus.
817 2508 972 2543 Dixernnt
995 2514 1165 2553 praeterea,

416 2569 445 2594 et
467 2560 599 2594 confessi
624 2559 749 2593 fuerunt
763 2570 833 2593 esse
854 2569 937 2599 vera,
960 2569 1039 2604 quae
1063 2556 1091 2589 in
1111 2568 1166 2589 eo-

418 2622 485 2643 rum
533 2608 784 2643 confessionibus

418 2659 630 2696 continentur,
654 2671 731 2706 quas
761 2657 881 2692 dudum
906 2658 1040 2692 fecerant
1063 2668 1167 2691 coram

837 2617 866 2641 et
913 2605 1167 2654 depositionibus

1181 421 1268 465 gistri
1305 428 1334 453 et
1359 427 1596 466 praeceptorum
1618 418 1646 451 in
1671 418 1856 464 scripturam
1879 430 1930 463 pu·

1183 470 1293 504 blicam
1324 481 1379 516 per
1408 476 1540 515 quatuor
1578 467 1719 514 publicos
1746 467 1931 501 tabelliones

1183 519 1341 559 redactae,
1376 518 1405 552 in
1443 518 1582 564 ipsorum
1617 516 1755 562 magistri
1783 525 1809 549 et
1841 528 1932 561 prac—

1183 576 1344 615 eeptorum
1372 577 1401 602 et
1424 566 1630 614 quorumdam
1671 566 1803 600 aliorum
1834 566 1934 598 bono-

1185 631 1252 651 rum
1277 618 1410 651 virorum
1437 617 1622 664 praesentia,
1644 628 1679 650 ac
1701 615 1813 649 deinde
1837 615 1935 648 inter—

1186 666 1286 713 posito
1321 666 1495 713 aliquorum
1534 666 1655 700 dierum
1692 665 1804 710 spatio,
1829 677 1932 698 eoram

1185 717 1259 762 ipsis
1288 716 1408 750 eisdem
1436 716 1534 750 lectae,
1570 714 1746 749 sueruntde
1775 713 1934 753 mandato,

1185 774 1213 798 et
1242 766 1271 798 in
1301 766 1473 812 praesentia
1504 765 1706 799 cardinalium
1752 763 1934 811 praedit-to—

1187 827 1266 854 rum,
1289 823 1318 848 et
1346 815 1375 848 in
1399 827 1456 849 suo
1480 815 1594 860 vulgari
1624 814 1781 860 expositae
1810 812 1933 846 cuilibet

1186 863 1383 898 eorumdem.
1405 863 1466 905 Qui
1490 872 1724 911 perseverantes
1739 864 1768 898 in
1791 863 1861 900 illis,
1886 875 1936 895 eas

1187 925 1332 960 expresse
1359 925 1394 947 ac
1421 922 1543 959 sponte,
1573 921 1663 959 prout
1699 913 1841 947 recitatae
1870 912 1938 945 fne—

1189 971 1267 1006 rant,
1307 962 1532 1009 approbarunt,
1560 970 1589 996 et
1622 969 1690 1008 post
1724 962 1938 997 confessiones

1188 1022 1217 1046 et
1243 1012 1457 1057 depositiones
1489 1011 1682 1051 huiusmodi,
1704 1011 1743 1045 ab
1768 1011 1843 1058 ipsis
1871 1024 1940 1045 ear—

1188 1062 1346 1096 dinalibus
1362 1062 1399 1095 ab
1415 1061 1753 1099 excommunicatione,
1769 1073 1859 1107 quam
1886 1073 1940 1106 pro

1190 1111 1371 1158 praemissis
1399 1111 1604 1154 incurrerant,
1631 1109 1941 1149 absolutionem,lle-

1190 1162 1237 1195 xis
1262 1161 1396 1208 genibus
1432 1160 1640 1207 manibusque
1674 1159 1853 1206 completis,
1880 1159 1941 1191 bu-

1190 1210 1305 1245 militer
1332 1219 1361 1245 et
1395 1210 1518 1251 devote,
1554 1222 1588 1244 ac
1629 1221 1700 1243 cum
1735 1209 1940 1256 lacrymarum

1191 1260 1343 1294 ell'usione
1371 1273 1431 1294 non
1461 1260 1599 1302 modica,
1627 1259 1794 1305 petierunt.

1240 1310 1260 1357 ξ
1281 1312 1314 1344 9.
1342 1309 1404 1356 lpsi
1428 1321 1500 1343 vero
1523 1309 1707 1349 cardinales,
1735 1307 1806 1355 quia
1840 1307 1945 1340 Eccle—

1192 1360 1236 1393 sia
1278 1372 1338 1393 non
1372 1359 1489 1393 claudit
1534 1359 1690 1404 gremium
1725 1357 1879 1393 redeunti,
1907 1356 1945 1390 ab

1193 1409 1313 1444 eisdem
1353 1409 1500 1455 magistro
1527 1419 1559 1443 et
1588 1406 1842 1455 praeceptoribus
1870 1406 1945 1439 bae-

1194 1460 1251 1494 resi
1287 1459 1426 1493 abiurata
1460 1470 1623 1505 expresse,
1659 1457 1735 1504 ipsis
1767 1456 1944 1491 secundnm

1194 1510 1325 1543 formam
1342 1508 1502 1543 Ecclesiae
1528 1507 1712 1542 auctoritate
1735 1513 1838 1541 nostra
1854 1505 1947 1540 abso—

1195 1559 1325 1594 lutionis
1348 1558 1538 1592 beneficium
1568 1556 1803 1604 impenderunt.

1244 1609 1263 1655 g
1293 1610 1346 1641 10.
1371 1607 1417 1642 Ac
1439 1607 1553 1642 deinde
1575 1607 1613 1641 ad
1637 1615 1775 1640 nostram
1799 1617 1949 1652 praesen-

1196 1659 1268 1693 tiam
1298 1657 1479 1701 redeuntes,
1511 1656 1727 1691 confessiones
1764 1663 1794 1690 et
1820 1654 1947 1701 deposi-

1197 1709 1298 1742 tiones
1327 1707 1565 1754 praelibatornm
1608 1705 1744 1751 magistri
1767 1713 1798 1739 et
1821 1717 1950 1751 praece-

1198 1766 1321 1805 ptorum
1352 1757 1380 1791 in
1405 1757 1589 1803 scripturam
1615 1755 1770 1803 publicam
1795 1767 1850 1802 per
1886 1767 1951 1788 ma-

1200 1821 1258 1843 nus
1281 1807 1433 1855 publicas,
1457 1814 1489 1841 ut
1512 1814 1558 1841 est
1579 1805 1710 1846 dictum,
1734 1804 1885 1843 redactas,
1903 1816 1953 1838 no-

1199 1858 1247 1893 bis
1275 1864 1564 1905 praesentaverunt,
1592 1865 1622 1890 et
1644 1867 1724 1903 qnae
1755 1867 1828 1889 cum
1864 1854 1954 1887 dictis

1201 1908 1348 1954 magistro
1388 1914 1418 1941 et
1446 1904 1703 1953 praeceptoribus
1729 1903 1876 1943 fecerant,
1906 1915 1955 1937 re-

1201 1959 1350 1996 tulerunt,
1366 1969 1403 1991 ex
1416 1955 1533 2003 quibus
1549 1954 1803 1990 confessionibus
1815 1961 1843 1988 et
1861 1953 1956 2000 depo-

1202 2007 1382 2047 sitionibus,
1404 2019 1438 2041 ae
1467 2006 1616 2040 relatione
1645 2004 1826 2038 invenimus
1853 2015 1958 2050 saepe-

1202 2058 1280 2092 fatos
1295 2057 1493 2103 magistrum,
1508 2064 1536 2089 et
1560 2055 1667 2089 fratres
1684 2055 1714 2087 in
1729 2053 1908 2100 praemissis
1927 2061 1957 2086 et.

1203 2108 1283 2142 cirea
1313 2106 1493 2153 praemissa,
1522 2106 1593 2139 licet
1620 2104 1772 2151 quosdam
1795 2116 1833 2137 ex
1860 2104 1904 2137 eis
1927 2103 1955 2136 in

1205 2156 1360 2204 pluribus,
1383 2164 1413 2189 et
1435 2156 1511 2190 alios
1535 2155 1563 2188 in
1588 2152 1799 2201 paucioribus,
1825 2153 1958 2199 grariter

1204 2207 1383 2254 deliquisse.

1254 2257 1274 2301 g
1304 2259 1357 2289 Η.
1387 2253 1595 2289 Attendentes
1634 2260 1752 2293 autem,
1780 2252 1865 2300 quod
1888 2264 1959 2286 see-
1986 2261 2085 2298 manum
2102 2262 2156 2281 nnti-

1205 2307 1266 2341 lera
1285 2314 1345 2339 tam
1370 2305 1526 2339 horrenda
1550 2303 1679 2337 transire
1696 2303 1867 2337 incorrecta
1887 2301 1957 2335 abs-
1972 2299 2155 2350 Jssflss'issssinissin'i

1206 2369 1267 2403 que
1290 2355 1346 2389 Dei
1384 2353 1608 2400 omnipotentis
1630 2361 1659 2387 et
1683 2352 1821 2387 omnium
1848 2352 1958 2386 catho—

1206 2406 1337 2440 licorum
1367 2404 1493 2444 iniuria,
1516 2416 1575 2437 non
1605 2410 1758 2449 poterant,
1781 2414 1838 2436 nec
1869 2401 1960 2435 debe-

1208 2456 1297 2493 bantz
1325 2454 1523 2488 decrevimus
1549 2453 1588 2487 de
1616 2452 1744 2486 fratrum
1783 2459 1958 2485 nostrornm

1208 2505 1339 2539 consilio
1377 2516 1429 2549 per
1456 2503 1628 2537 ordinarios
1662 2502 1813 2538 locorum,
1845 2512 1880 2535 ac
1908 2513 1961 2545 per

1209 2555 1286 2589 alios
1315 2554 1422 2588 fideles
1455 2562 1484 2587 et
1512 2553 1670 2599 sapientes
1711 2551 1791 2585 viros
1831 2549 1868 2585 ad
1903 2550 1961 2583 boc

1209 2603 1407 2650 deputandos
1443 2615 1457 2636 a
1495 2602 1604 2646 nobis,
1639 2609 1745 2637 contra
1788 2600 1962 2646 singulares

1210 2666 1359 2702 personas
1395 2653 1493 2701 ipsius
1516 2652 1645 2696 ordinis,
1680 2662 1735 2685 nec
1765 2662 1825 2685 nou
1855 2658 1960 2685 contra

1943 263 1990 289 Αη.
2010 262 2039 289 C.
2057 261 2123 288 ¹507

1972 1314 2057 1335 Veniam
2069 1317 2144 1341 peten-

1960 1350 1998 1368 tes.
2018 1345 2083 1365 fuisse
2105 1344 2143 1364 ab-

1959 1378 2047 1398 solutos.

1976 1608 2067 1629 Publicis
2077 1611 2147 1634 itaque

1964 1641 2074 1666 scripturis
2087 1638 2146 1665 Papae

1965 1672 2054 1693 traditis,

1972 2359 1990 2376 nt
2003 2362 2064 2381 snper
2075 2356 2155 2375 eisdem

1973 2387 2090 2413 inquinant:
