2274 3265
203 262 251 288 An,
269 261 298 287 C.
319 259 384 287 ¹372

224 1749 252 1771 De
300 1751 393 1771 custodia

210 1787 353 1808 pecuniarum.

449 248 518 283 556

399 327 490 362 quarn
509 321 679 361 perpetuos
696 312 842 351 faciendi,
859 312 1051 353 celebrandi,
1065 323 1147 346 exer-

400 363 491 399 cendi
507 364 536 397 in
554 362 670 397 iudicio
684 371 713 396 et
727 369 811 396 extra
830 362 997 407 plenariam
1014 360 1148 395 habeant

402 420 595 460 potestatem.
616 411 649 445 ln
674 411 733 445 tine
756 423 828 444 vero
846 411 918 445 anni
936 418 990 445 aut
1009 410 1148 456 saepius,

400 463 424 496 si
447 461 558 496 rectori
582 470 611 495 et
630 461 737 496 maiori
755 460 830 506 parti
851 460 1041 494 scholarium
1057 471 1150 505 expe-

400 511 491 546 diens
506 510 673 553 videbitur,
700 510 738 544 de
760 509 909 544 omnibus
933 509 1076 555 receptis,
1095 520 1149 553 ge-

400 561 467 602 stis,
483 560 563 595 datis
573 568 603 594 et
621 559 846 594 administratis
862 559 1011 593 rationem
1025 567 1053 592 et
1069 569 1149 591 com-

402 619 511 658 putum
536 609 674 656 plenarie
690 608 817 643 reddet«¹
829 616 1004 643 teneantur.
1018 606 1109 648 Quod
1125 606 1148 639 si

403 659 512 694 rectori
548 669 577 693 et
614 658 747 704 collegio
776 659 866 692 utiles
892 666 922 691 et
948 657 1150 702 expedientes

403 709 568 743 videantur
590 708 635 742 sic
657 708 822 754 assumpti,
852 707 969 752 possint
1005 706 1033 738 in
1067 704 1150 738 dicto

402 758 504 793 officio
527 757 646 792 diutius
666 757 801 800 tolerari,
820 757 864 789 vel
887 756 910 789 si
927 755 983 801 ipsi
1008 762 1107 788 rector
1122 762 1150 787 et

402 807 570 853 collegium
594 806 773 842 maluerint.
802 818 857 851 pro
893 805 977 839 libito
999 803 1077 837 alios
1099 814 1150 836 va-

404 858 484 891 leant
504 857 572 891 loco
593 868 701 890 eorum
725 855 908 899 subrogare,
925 866 961 887 ac
983 853 1076 886 etiam
1100 864 1151 886 sa-

403 905 546 940 cerdotes
573 917 670 939 unum
706 904 751 938 vel
782 903 886 949 plnres
912 901 986 936 dicti
1011 900 1151 945 collegii,

403 955 525 1001 quoties
553 954 716 1000 expediet,
747 952 866 999 possint
898 952 944 985 eis
970 950 1150 995 adiungere.

402 1004 568 1039 Seltolares
588 1012 702 1044 tamen,
719 1014 756 1036 ne
771 1014 825 1035 cos
847 1000 967 1034 diversa
983 1000 1151 1033 commissa

404 1053 528 1100 negotia
551 1065 565 1086 a
590 1051 690 1086 fructu
714 1051 805 1085 studii
822 1049 994 1083 distrahere
1018 1049 1152 1095 possint,

405 1104 542 1137 volentes
566 1101 727 1147 proficere,
751 1100 896 1134 volumus
919 1099 943 1132 si
969 1098 1073 1133 forsan
1099 1111 1152 1132 ur-

400 1160 494 1198 ·gente
529 1150 725 1194 necessitate,
754 1159 784 1184 et
825 1157 898 1182 tnnc
930 1148 969 1182 de
1007 1148 1153 1182 mandato

404 1210 533 1236 rectoris
560 1212 709 1246 expresso
737 1207 767 1232 et
795 1210 856 1232 non
885 1197 972 1235 alias,
995 1198 1076 1231 circa
1093 1197 1153 1231 hoc

404 1250 567 1298 implicari.
583 1249 771 1284 Mandamns
790 1257 905 1286 tamen,
922 1247 1004 1294 quod
1020 1246 1153 1293 quilibet

403 1300 554 1335 scholaris
577 1299 654 1333 inl'ra
669 1310 787 1332 annum
804 1309 819 1332 a
836 1297 886 1331 die
901 1309 977 1331 suae
992 1297 1153 1343 receptio—

405 1351 452 1385 nis
474 1350 597 1384 visitare
624 1356 767 1382 teneatur
798 1359 908 1381 omnes
937 1347 1153 1393 possessiones

404 1407 434 1434 et
452 1398 573 1444 singula
596 1398 662 1433 loca
684 1398 814 1443 collegio
830 1396 997 1443 applicata,
1013 1396 1078 1430 sive
1093 1397 1154 1430 sint

406 1450 482 1483 intra
510 1448 665 1482 civitatem
693 1447 758 1481 sive
793 1454 897 1482 extra,
938 1454 969 1479 ut
1003 1445 1041 1479 de
1079 1445 1155 1491 ipsis

405 1497 520 1544 singuli
536 1496 695 1532 scholares
710 1497 832 1542 plenam
849 1496 992 1529 notitiam
1010 1494 1153 1529 habeant.

406 1547 495 1589 Quae
514 1546 642 1593 quidem
667 1554 848 1592 procurator
869 1544 992 1591 collegii
1013 1552 1156 1578 teneatur

362 1601 366 1604 ’
407 1597 539 1631 fideliter
560 1596 694 1642 singulis
714 1595 886 1642 praemisso
908 1593 1003 1629 modo
1026 1594 1157 1628 manife-

406 1654 496 1681 stare.

455 1696 475 1743 S
497 1697 553 1730 49.
569 1694 653 1729 Bona
673 1703 776 1729 autem
800 1706 853 1728 seu
870 1693 1020 1730 redditus,
1038 1701 1068 1727 ut
1084 1705 1157 1739 prae—

410 1745 552 1785 mittitur,
569 1745 760 1785 recollectos,
783 1752 814 1778 et
837 1744 915 1777 intra
932 1742 977 1775 vel
990 1751 1074 1777 extra
1090 1742 1157 1777 col-

409 1795 523 1841 legium
548 1794 724 1829 reconditos
750 1793 905 1836 custodia,
940 1800 1103 1826 conservet
1125 1801 1154 1826 et

409 1844 574 1890 expendat,
589 1852 619 1877 et
642 1844 725 1878 iuxta
748 1843 899 1888 temporis
918 1842 1155 1888 dispositionem

411 1906 466 1941 pro
494 1893 731 1928 necessitatibus
758 1892 880 1938 collegii
917 1891 1079 1938 dispenset
1120 1892 1157 1935 is,

409 1945 458 1978 cui
487 1951 587 1978 rector
614 1951 643 1977 et
667 1942 834 1988 collegium
858 1941 983 1976 duxerit
1010 1941 1158 1976 commit-

410 1993 551 2029 tendum.
575 1993 637 2035 Qui
665 1992 791 2039 quidem
821 1991 861 2025 nil
896 1991 1025 2025 omnino
1061 1991 1158 2038 possit

409 2044 544 2079 alienare
563 2043 622 2078 nisi
645 2043 684 2078 de
705 2054 862 2076 consensu
888 2041 1017 2075 rectoris
1045 2050 1074 2075 et
1098 2054 1156 2075 ma-

411 2095 484 2129 ioris
503 2094 597 2140 partis
619 2093 756 2138 collegii,
780 2091 838 2125 nisi
853 2099 955 2125 essent
974 2090 1065 2133 bona,
1078 2103 1158 2137 quae

410 2143 562 2178 servando
597 2143 714 2178 servari
755 2154 815 2176 non
857 2148 994 2186 possent,
1020 2148 1050 2174 et
1085 2148 1159 2174 tunc

413 2194 509 2240 possit
532 2192 591 2227 hoc
615 2193 653 2227 de
689 2192 816 2227 rectoris
846 2191 981 2225 licentia.
1005 2189 1098 2231 Quod
1134 2191 1158 2224 si

412 2243 441 2277 in
461 2243 603 2289 pecuniis
625 2243 772 2284 existant,
800 2240 946 2275 volumus
972 2252 1080 2273 eorum
1103 2252 1160 2273 cu-

411 2292 543 2327 stodiam
568 2292 760 2327 thesaurario
786 2290 977 2337 consignari,
1007 2288 1045 2323 ad
1070 2290 1161 2323 cuius

412 2342 548 2377 officium
586 2350 706 2389 spectet
743 2341 842 2375 dictas
885 2339 1034 2388 pecunias
1067 2339 1160 2373 modo

413 2393 609 2438 infrascripto
632 2392 795 2438 diligenter
825 2390 995 2427 custodit-e,
1018 2401 1052 2422 ac
1073 2401 1160 2422 sum-

414 2455 514 2482 mam,
548 2454 780 2488 expensamque
815 2450 844 2475 et
873 2448 986 2475 rectam
1012 2439 1041 2471 in
1082 2438 1161 2472 libro

415 2500 631 2538 computorum
649 2491 781 2526 fideliter
793 2491 983 2530 describet-m
998 2488 1051 2535 qui
1068 2489 1159 2522 etiam

415 2541 547 2587 singulis
569 2541 678 2575 (liebus
701 2541 747 2574 vel
770 2540 966 2587 septimanis,
993 2539 1075 2572 iuxta
1091 2550 1162 2572 con-

417 2591 516 2625 silium
540 2591 665 2625 rectoris
678 2603 712 2624 ac
728 2591 857 2624 sormam
884 2598 1087 2623 statutorum.
1105 2600 1161 2634 pro

417 2639 607 2686 quotidianis
635 2640 744 2674 usibus
770 2640 892 2686 collegii
916 2639 961 2674 eis
984 2637 1162 2677 distribuat,

991 257 1091 280 BULLA
1097 257 1127 279 R!
1133 257 1177 279 ΗΜ
1206 256 1273 278 Rom
1279 256 1295 276 Α
1301 255 1366 277 ΝυΜ

1190 321 1311 344 necnon
1338 316 1367 343 et
1395 309 1519 355 quoties
1546 306 1640 341 fuerit
1662 305 1842 352 requisitus,
1871 306 1939 353 ple-

1190 359 1308 393 nariam
1328 366 1357 392 et
1374 356 1496 391 fidelem
1521 357 1669 390 rationem
1695 354 1818 389 reddat:
1841 367 1940 402 eaque

1189 407 1381 443 sullicienter
1408 415 1553 453 rcputare
1574 413 1603 438 et
1625 403 1775 439 exhibere
1797 404 1826 437 in
1851 417 1940 450 prae-

1190 458 1288 491 sentia
1308 457 1438 491 rectoris
1461 463 1491 489 et
1512 454 1762 489 consiliariorum
1784 454 1941 500 quantita-

1191 516 1252 540 tem
1275 513 1507 552 superstantem
1530 516 1584 538 seu
1604 511 1858 550 superessentem
1872 514 1941 537 om-

1192 557 1276 589 nium
1301 554 1504 600 pecuniarum
1530 554 1558 587 in
1582 565 1649 587 arca
1670 552 1830 587 communi
1850 564 1940 599 repo-

1193 617 1265 639 nere
1295 612 1448 638 teneatur.

1240 654 1259 700 g
1281 656 1337 688 50.
1354 653 1416 687 Pro
1436 664 1568 700 quarum
1593 652 1796 698 pecuniarum
1817 658 1846 685 et
1864 650 1940 685 alio-

1193 716 1259 737 ruin
1289 703 1403 737 iurium
1427 702 1549 747 collegii
1573 701 1722 736 securiori
1747 699 1890 735 custodia
1910 708 1939 734 et

1192 753 1429 786 conservatione
1451 751 1676 786 constituimus
1699 760 1728 785 et
1757 750 1940 784 ordinamus

1192 801 1276 848 qnod
1295 802 1373 836 intra
1397 801 1576 847 collegium,
1598 801 1626 834 in
1650 801 1756 848 aliquo
1779 799 1847 834 loco
1863 807 1941 842 tuto,

1194 863 1253 885 una
1276 863 1344 885 arca
1364 864 1420 885 scu
1443 863 1535 897 capsa
1559 850 1739 893 retineatur,
1755 857 1785 884 et
1807 856 1942 896 quatuor

1193 901 1324 935 diversis
1342 900 1483 935 clavibus
1504 899 1680 939 claudatur,
1695 911 1826 947 quarum
1849 909 1940 932 unam

1194 958 1307 988 rector,
1331 950 1422 984 aliam
1445 949 1673 988 thesaurarius,
1703 948 1827 984 tertiam
1861 960 1943 982 unus

1194 999 1232 1033 de
1255 999 1454 1039 consiliariis,
1470 1008 1610 1045 quartam
1634 1007 1737 1033 autem
1761 997 1943 1032 Bernardus

1194 1048 1375 1087 Guidonus,
1389 1048 1538 1096 quamdiu
1555 1048 1595 1082 ibi
1612 1048 1682 1085 erit,
1697 1056 1787 1087 et,co
1800 1046 1942 1089 absente,

1194 1099 1307 1145 aliquis
1329 1098 1480 1133 scholaris
1508 1097 1612 1131 fidelis
1628 1099 1664 1131 ad
1682 1098 1741 1132 boc
1759 1097 1940 1143 deputatus,

1195 1157 1311 1183 teneat.
1350 1148 1383 1182 ln
1411 1160 1471 1195 qna
1505 1147 1633 1194 quidem
1664 1159 1756 1194 capsa
1786 1158 1842 1180 seu
1871 1157 1941 1180 arca

1194 1198 1233 1232 ab
1257 1211 1315 1232 una
1346 1206 1432 1244 parte
1456 1205 1539 1231 stent
1566 1209 1677 1231 omnes
1700 1196 1850 1243 pecuniae
1878 1198 1945 1230 col-

1196 1248 1278 1293 legii,
1312 1247 1516 1294 qnadraginta
1552 1247 1677 1280 ducatis
1698 1246 1860 1280 dumtaxat
1890 1257 1945 1291 pro

1197 1297 1303 1331 nsibns
1327 1297 1518 1344 quotidianis
1535 1309 1630 1343 penes
1648 1295 1878 1330 thesaurarium
1896 1307 1945 1329 re-

1197 1347 1364 1382 mansuris.
1400 1346 1476 1381 ltem
1500 1346 1639 1391 sigillum
1663 1357 1846 1384 commune,
1871 1356 1944 1378 cum

1195 1410 1259 1443 qno
1283 1396 1324 1431 nil
1354 1396 1482 1441 sigillari
1507 1395 1617 1437 valeat,
1640 1396 1698 1429 nisi
1726 1395 1766 1429 de
1788 1406 1945 1428 consensu

1197 1447 1294 1481 totins
1317 1446 1363 1480 vel
1387 1446 1515 1480 maioris
1542 1445 1637 1492 partis
1658 1444 1796 1490 collegii,
1815 1451 1845 1478 et
1867 1443 1946 1477 lecta

1198 1509 1284 1542 prius
1297 1504 1451 1542 scriptura
1464 1496 1494 1529 in
1506 1495 1680 1532 communi.
1695 1495 1725 1528 in
1738 1506 1811 1540 qua,
1821 1492 1947 1540 quoties

1196 1545 1354 1592 expediet,
1383 1554 1483 1579 rector
1514 1544 1641 1578 nomine
1662 1543 1786 1588 collegii
1815 1555 1848 1577 se
1869 1541 1946 1576 sub-

1197 1595 1322 1630 scribat.
1335 1594 1411 1628 ltem
1428 1593 1544 1628 ibidem
1561 1594 1663 1627 omnia
1681 1592 1842 1640 privilegia
1851 1591 1949 1626 etori-

1197 1644 1311 1690 ginalia
1336 1644 1447 1678 horum
1471 1651 1657 1678 statutorum
1674 1654 1710 1677 ac
1724 1642 1816 1676 etiam
1841 1641 1946 1675 omnia
1969 1683 1971 1685 v

1199 1695 1405 1728 instrumenta
1434 1703 1463 1727 et
1486 1693 1542 1727 alia
1571 1693 1636 1727 iura
1661 1691 1844 1737 transcripta
1872 1690 1946 1725 dicti

1198 1744 1335 1789 collegii,
1361 1752 1480 1778 servata
1505 1742 1562 1777 bac
1585 1741 1694 1781 forma,
1719 1740 1851 1775 fideliter
1873 1752 1948 1774 con-

1198 1801 1373 1827 serventur.
1387 1793 1503 1827 Rector
1514 1791 1805 1839 quippe,expensis
1814 1789 1948 1836 collegii,

1199 1855 1237 1877 ne
1265 1843 1423 1888 contingat
1447 1843 1476 1876 in
1492 1842 1597 1889 aliquo
1613 1842 1682 1875 eius
1705 1841 1771 1874 iura
1794 1840 1948 1885 deperire,

1199 1893 1303 1927 omnia
1342 1892 1503 1939 privilegia
1531 1900 1561 1926 et
1585 1892 1792 1925 instrumenta
1825 1888 1949 1935 publica

1200 1950 1230 1977 et
1256 1943 1453 1982 authentica,
1476 1954 1547 1976 cum
1573 1940 1805 1986 subscriptione
1832 1947 1863 1973 et
1889 1951 1949 1973 au-

1199 1993 1341 2027 ctoritate
1372 1992 1506 2027 duorum
1536 1991 1754 2034 tabellionum,
1782 1988 1948 2024 transcribi

1201 2044 1292 2077 faciat
1322 2051 1350 2077 et
1388 2042 1585 2088 exemplari,
1620 2050 1650 2076 et
1685 2039 1724 2074 de
1760 2039 1950 2086 transcripto

1201 2094 1277 2127 fiant
1315 2093 1395 2127 dnae
1422 2092 1531 2138 copiae
1558 2090 1782 2130 authenticae,
1815 2101 1948 2136 quarum

1200 2160 1260 2181 una
1285 2160 1381 2194 penes
1408 2147 1510 2194 ipsum
1535 2154 1701 2183 rectorem,
1719 2143 1896 2178 exhibenda
1918 2143 1948 2176 in

1202 2201 1318 2236 iudicio
1345 2210 1375 2236 et
1397 2209 1495 2239 extra.
1523 2200 1646 2247 quoties
1674 2199 1766 2233 suerit
1795 2207 1951 2244 opportu-

1201 2269 1299 2296 nnm3
1324 2257 1440 2304 reliqua
1465 2257 1494 2290 in
1512 2255 1593 2290 dicta
1616 2266 1707 2301 capsa
1732 2261 1886 2300 perpetuo
1906 2264 1948 2287 re-

1202 2324 1357 2345 mansura.
1385 2310 1555 2357 Originalia
1576 2317 1678 2344 autem
1702 2308 1844 2343 omnium
1865 2319 1951 2353 prae-

1202 2366 1356 2399 dictorum
1397 2366 1426 2399 in
1455 2365 1594 2400 sacristia
1623 2364 1751 2398 fratrum
1785 2362 1951 2397 Praedica-

1202 2428 1303 2454 torum
1329 2420 1373 2453 vel
1402 2419 1559 2454 Minornm
1583 2426 1634 2452 ant
1662 2417 1747 2456 alibi,
1774 2416 1949 2451 secundum

1202 2474 1285 2521 qnod
1315 2483 1415 2509 rector
1442 2482 1470 2508 et
1498 2473 1666 2520 collegium
1695 2472 1841 2507 duxerint
1863 2472 1952 2506 ordi-

1204 2528 1355 2568 nandum,
1379 2528 1583 2563 custodienda
1617 2535 1822 2574 reponantur,
1844 2534 1873 2561 et
1902 2526 1950 2560 ni-

1204 2583 1376 2617 bilominus
1405 2583 1508 2617 omnia
1533 2583 1700 2629 praemissa
1723 2582 1792 2616 sine
1814 2581 1950 2615 authen-

1204 2638 1347 2672 ticatione
1371 2638 1400 2672 in
1425 2650 1486 2672 uno
1510 2636 1589 2671 libro
1607 2636 1651 2672 vel
1673 2637 1702 2670 in
1724 2636 1854 2670 diversis
1879 2647 1951 2682 pet·-

1954 250 2002 276 An.
2021 249 2048 276 C.
2070 249 2137 276 ¹572

1969 659 1998 680 De
2014 664 2062 680 arra
2078 666 2141 686 pecu-

1955 692 2139 717 nrarummiuwne

1956 722 2059 741 custodia.
