2274 3265
433 295 502 328 780

384 361 418 393 ll.
438 358 540 398 Ouod,
559 357 678 398 absque
695 356 819 388 Summi
836 354 1135 388 Pontilicislicentia

470 406 612 449 speciali,
634 409 762 437 senator
780 403 871 436 Urbis
891 403 1023 435 minime
1043 403 1136 445 eliga-

473 462 535 491 tur.
562 454 615 487 42.

385 506 432 537 lll.
457 505 498 537 De
524 502 760 546 praedicatione
781 501 867 533 verbi
896 500 948 532 Dei
976 510 1032 541 pro
1058 510 1134 531 con-

473 552 616 585 versione
643 550 872 587 bebraeornm,
900 549 951 582 45.

386 603 430 635 lV.
460 598 808 634 Excomn‘iunicationis
841 603 868 630 et
895 597 1031 629 aliarum
1060 607 1135 639 poe-

476 659 588 682 narum
612 647 826 691 promulgatio
848 647 877 678 in
898 646 1062 682 Catliaros,
1085 645 1137 677 Pa-

473 703 619 732 tarenos,
655 696 797 737 aliosque
824 694 1019 731 haereticos,
1052 694 1136 736 ipso-

474 757 612 788 rumque
631 745 724 780 filios,
744 744 918 786 complices
938 748 967 775 et
983 743 1135 776 fautores,

475 795 527 828 47.

625 888 820 922 MARTlNUS
847 887 892 919 IV.

388 990 409 1021 Ι.
438 981 561 1022 Martini
588 986 689 1028 Papae
716 985 749 1017 ll'
776 984 813 1016 ad
841 983 1004 1025 praesules
1029 983 1140 1014 catho-

477 1037 555 1068 licos
571 1035 608 1067 de
625 1045 681 1066 sna
699 1038 900 1076 promotione
922 1033 954 1063 in
970 1031 1139 1063 Summum

478 1083 665 1117 Pontificem
692 1082 802 1113 literae
827 1079 1019 1122 encyclicae,
1042 1079 1094 1112 48.

390 1134 426 1166 ll.
450 1130 625 1165 prohibitio
648 1141 687 1163 ne
708 1131 820 1162 tratres
840 1128 995 1161 Ordinum
1022 1127 1141 1160 Mendi-

480 1180 620 1213 cantium
642 1178 679 1211 ad
706 1178 785 1210 alios
804 1176 938 1209 Ordines
961 1180 1141 1212 transeant,

481 1229 532 1263 50.

392 1280 440 1312 lll.
464 1277 629 1311 Damnatio
655 1281 681 1308 et
700 1273 989 1308 excommunicatio
1010 1272 1146 1305 Michae-

480 1327 518 1359 lis
533 1323 714 1367 palaeologi
730 1323 926 1356 Graecorum
944 1320 1146 1364 imperatoris

482 1375 520 1407 ab
545 1372 685 1406 Ecclesia
706 1372 848 1404 Romana
874 1368 1066 1407 dissidentis,
1090 1368 1142 1401 52.

394 1425 441 1457 lV.
461 1422 649 1456 Commissio
674 1420 826 1462 delegatis
847 1418 1029 1462 apostolicis
1049 1428 1147 1460 super

485 1469 689 1513 inquisitione
716 1468 947 1500 mi1·acul‹;u·uin
979 1466 1061 1499 beati
1089 1466 1147 1498 Lu-

484 1518 585 1552 doviri
606 1517 689 1559 regis
715 1516 878 1551 Franciae,
901 1515 953 1548 53.

396 1570 429 1600 Y.
454 1566 613 1611 Depositio
638 1565 720 1598 Petri
743 1564 826 1608 regis
846 1564 1042 1607 Aragonum,
1062 1563 1146 1596 eius-

486 1627 547 1659 que
572 1614 773 1648 subditorum
802 1625 818 1645 a
844 1613 1024 1645 iuramento
1050 1611 1148 1644 fideli-

485 1665 556 1697 tatis
581 1662 752 1701 absolutio,
780 1662 833 1695 54.

643 1781 837 1816 HONORIUS
859 1781 904 1814 lv.

400 1894 421 1925 l.
446 1892 620 1934 Encyclicis
645 1889 745 1921 literis
770 1887 992 1920 christifideles
1022 1898 1150 1929 promo-

488 1940 583 1972 tionis
607 1948 683 1971 suae
704 1937 856 1970 certiores
881 1936 1012 1973 faciens,
1040 1935 1077 1967 ad
1103 1936 1151 1967 di-

487 1989 592 2021 vinam
618 1987 676 2030 ipsi
698 1997 791 2029 opem
818 1985 883 2017 suis
905 1984 1054 2027 precibus
1075 1994 1151 2016 eon-

489 2037 659 2071 ciliandam
687 2040 848 2078 provocat,
875 2033 928 2066 67.

402 2088 436 2120 ll.
461 2086 660 2119 Provisiones
679 2089 709 2117 et
729 2082 947 2116 ordinationes
967 2087 1029 2113 tam
1047 2082 1152 2123 quoad

490 2133 686 2178 spiritualia,
727 2142 822 2175 quam
867 2130 1056 2173 temporalia
1096 2142 1154 2173 pro

490 2184 574 2216 bono
599 2182 755 2224 regimine
775 2180 865 2222 regni
892 2178 1031 2214 Siciliae.
1055 2179 1105 2212 70.

403 2233 450 2265 ΙΙΙ,
480 2230 694 2273 Subsequitur
723 2228 926 2262 confirmatio
952 2227 1153 2259 constitutio-

490 2280 539 2312 nis
564 2279 666 2312 editae
690 2289 706 2310 a
731 2278 845 2311 Carolo
871 2277 894 2308 ll
923 2276 1049 2309 Siciliae
1082 2287 1155 2318 rege

493 2339 550 2371 pro
589 2327 723 2360 tuitione
756 2325 1068 2359 ecclesiasticorum,
1106 2336 1154 2356 re-

495 2388 632 2419 rumque
658 2377 695 2408 ad
721 2386 775 2408 eos
796 2373 1038 2417 pertinentium.
1062 2373 1112 2406 80.

406 2426 451 2459 lV.
487 2424 712 2459 Monasterium
743 2424 772 2456 S.
809 2423 948 2456 Silvestri
984 2423 1015 2455 in
1049 2423 1156 2465 Capite

494 2475 530 2507 de
566 2474 648 2507 Urbe¹
678 2472 866 2506 conceditur
900 2472 1065 2504 nonnullis
1100 2472 1159 2515 piis

496 2522 655 2559 foeminis,
688 2527 719 2554 ut
757 2521 832 2553 inibi
859 2521 960 2553 vivant
979 2520 1156 2553 secundum

497 2572 639 2613 regulam
666 2572 695 2603 S.
724 2571 846 2608 Clarae,
874 2570 925 2602 82.

410 2619 441 2650 V.
471 2619 635 2652 Damnatio
660 2623 762 2651 sectae
796 2618 855 2650 sub
881 2618 1010 2650 nomine
1035 2616 1161 2650 Ordinis

498 2668 737 2712 Apostolorum,
756 2668 844 2701 nulla
860 2666 966 2700 habita
976 2666 1065 2700 Sedis
1075 2667 1159 2710 Apo-

963 303 1149 325 bumannum
1172 299 1335 322 Romanum

1266 350 1396 383 stolicae
1411 349 1553 387 licentia,
1575 353 1696 380 temere
1713 347 1925 384 introductae,

1265 399 1317 432 84.

1179 448 1223 480 Vl.
1243 447 1334 486 Quod
1355 445 1411 478 filii
1432 450 1462 479 et
1478 449 1609 488 nepotes
1630 445 1710 482 eius,
1737 443 1792 486 qui
1808 442 1846 475 de
1862 442 1928 475 hae-

1267 495 1327 529 resi
1354 494 1524 537 inquisitus
1549 498 1580 526 et
1604 493 1769 525 absolutus
1795 491 1864 529 suit,
1891 491 1928 523 ad

1267 544 1370 578 officia
1395 549 1426 576 et
1452 542 1606 576 beneficia
1641 540 1762 574 admitti
1791 541 1928 583 possint,

1269 594 1320 625 85.

1427 657 1614 690 NlCOLAUS
1640 657 1685 688 lv,

1181 727 1201 758 l.
1222 726 1356 758 Sanctae
1372 724 1512 766 Agatliae
1533 728 1665 759 terram.
1684 722 1811 764 aliaque
1832 726 1933 754 castra

1269 778 1296 806 et
1325 774 1393 806 loca
1420 773 1458 804 ad
1485 770 1680 815 provinciam
1706 771 1824 803 Massae
1855 769 1932 802 Tra-

1270 822 1393 861 bariae,
1422 831 1485 853 non
1510 824 1615 852 autem
1642 820 1680 852 ad
1706 818 1934 851 Romandiolae

1270 874 1413 913 spectare
1439 868 1592 907 declarat,
1619 867 1670 901 87.

1182 920 1216 952 ll.
1246 919 1335 957 Quod
1362 917 1527 951 christiani
1556 917 1593 949 ad
1620 916 1812 948 iudaeorum
1838 915 1935 947 ritum

1271 970 1486 1005 transeuntes,
1510 965 1633 1008 ipsique
1659 964 1765 997 iudaei
1786 964 1824 996 ad
1850 963 1936 995 chri-

1272 1015 1405 1048 stianam
1424 1014 1518 1047 fidem
1541 1012 1698 1047 conversi,
1721 1012 1759 1044 ad
1777 1011 1868 1044 illum
1885 1021 1936 1043 re-

1272 1065 1418 1101 deuntes,
1436 1063 1474 1095 ab
1496 1060 1740 1105 inquisitoribus
1761 1060 1806 1094 uti
1823 1060 1936 1092 haere-

1273 1112 1341 1149 tici,
1364 1121 1543 1153 eorumque
1560 1109 1776 1143 auxiliatores,
1799 1108 1937 1151 punian-

1274 1165 1336 1193 tur:
1357 1159 1461 1192 iudaei
1472 1170 1557 1195 vero,
1577 1156 1768 1190 christianos
1777 1156 1815 1189 ad
1825 1166 1938 1188 eorum

1276 1209 1370 1241 ritum
1396 1208 1571 1246 trahentes,
1600 1215 1702 1249 poena
1724 1204 1829 1237 debita
1850 1214 1938 1237 com-

1276 1261 1459 1300 pescantur,
1486 1255 1538 1288 88.

1187 1307 1235 1339 lll.
1265 1307 1374 1339 Certos
1399 1309 1572 1349 proventus
1597 1304 1627 1336 S.
1662 1304 1696 1336 R.
1727 1303 1758 1335 E.
1792 1302 1939 1335 cardina-

1278 1354 1360 1386 libus
1380 1353 1519 1395 assignat
1540 1363 1574 1384 ex
1602 1351 1763 1384 Romanae
1781 1350 1940 1383 Ecclesiae

1277 1401 1466 1437 redditibus,
1494 1400 1546 1433 88.

1189 1451 1234 1483 lv.
1264 1449 1459 1492 Approbatio
1486 1447 1609 1481 Tertiae
1642 1448 1782 1490 Regulae
1808 1448 1940 1479 fratrum

1278 1502 1304 1529 et
1323 1508 1471 1529 sororum
1493 1496 1588 1529 Tertii
1610 1495 1737 1528 Ordinis
1757 1506 1773 1527 a
1790 1494 1823 1527 B.
1848 1494 1944 1527 Fran-

1277 1546 1361 1578 cisco
1387 1545 1561 1581 institutae,
1590 1555 1647 1587 pro
1673 1542 1892 1576 saecularibus
1912 1542 1943 1574 in

1281 1594 1419 1638 propriis
1444 1593 1593 1626 domibus
1612 1591 1800 1630 viventibus,
1821 1591 1942 1623 Tertia-

1280 1643 1334 1675 riis
1354 1642 1559 1685 nuncupatis,
1582 1641 1634 1674 90.

1193 1694 1223 1724 Y.
1271 1691 1506 1725 Declarationes
1548 1688 1786 1723 reformationis
1825 1689 1944 1730 Grego-

1281 1740 1317 1773 rii
1345 1741 1382 1773 lx
1418 1741 1652 1772 monachorum
1688 1737 1945 1780 congregationis

1280 1789 1499 1823 Cluniae-ensis
1510 1788 1636 1821 Ordinis
1652 1789 1682 1821 S.
1699 1786 1873 1824 Benedicti,
1890 1786 1942 1820 95.

1194 1840 1238 1871 Vl.
1268 1839 1357 1877 Quod
1390 1849 1558 1881 processus
1587 1837 1686 1869 liabiti
1719 1847 1776 1878 pei·
1810 1835 1946 1878 inquisi-

1282 1893 1365 1919 tores
1396 1892 1506 1919 conii-a
1532 1885 1710 1919 haereticos
1742 1885 1836 1917 etiam
1877 1889 1948 1927 post

1282 1935 1404 1968 obitum
1436 1936 1554 1978 Papae,
1582 1946 1597 1966 a
1622 1945 1687 1977 quo
1711 1933 1852 1977 deputati
1879 1934 1947 1965 fue—

1283 1990 1364 2020 rant,
1385 1984 1480 2017 validi
1502 1985 1691 2019 habeantur,
1721 1983 1794 2016 1103.
1859 2020 1863 2024 ,

1283 2032 1490 2066 Confirmatio
1515 2031 1686 2065 erectionis
1713 2031 1949 2074 Ulyxipponen-

1284 2082 1325 2114 sis
1354 2081 1555 2118 Academiae,
1592 2091 1674 2123 quae
1698 2079 1793 2112 variis
1817 2084 1951 2112 ornatur

1285 2130 1468 2173 privilegiis.
1498 2130 1570 2163 ¹103.

1308 2179 1482 2212 Proliibitio
1518 2178 1652 2211 faciendi
1688 2177 1948 2210 coniurationes.

1285 2228 1464 2263 societates.
1486 2226 1785 2260 contoederationes
1804 2236 1859 2258 seu
1885 2226 1951 2258 col-

1288 2276 1454 2319 ligationes
1471 2277 1501 2309 in
1523 2276 1616 2309 terris
1632 2275 1805 2310 Ecclesiae,
1823 2285 1951 2306 earum-

1286 2337 1348 2367 quev
1383 2325 1515 2357 cassatio
1547 2329 1573 2356 et
1610 2323 1788 2356 annullatio
1814 2323 1872 2356 sul)
1898 2334 1951 2355 ex-

1287 2373 1588 2406 communicationis
1613 2371 1784 2407 sententia,
1818 2371 1952 2413 aliisque

1289 2421 1400 2465 poenis
1421 2421 1643 2464 spiritualibus
1663 2425 1693 2452 et.
1707 2419 1951 2463 temporalibus.

1292 2470 1362 2504 105.

1201 2521 1249 2552 lx.
1271 2519 1628 2555 Excommunicationis,
1657 2518 1859 2560 aliarumque
1885 2529 1953 2560 pse-

1291 2578 1404 2599 narum
1426 2573 1536 2600 ‹zontra
1564 2567 1753 2603 haereticos.
1777 2576 1955 2608 eorumque

1292 2618 1430 2648 fautores
1446 2622 1476 2649 et
1491 2616 1570 2649 alios
1590 2616 1791 2648 decretarum
1810 2615 1954 2658 promul-

1291 2664 1387 2707 gatio,
1415 2664 1484 2698 105.

1196 2034 1254 2066 Vll.

1198 2181 1269 2212 Vlll.
