2274 3265
278 280 327 306 An.
349 279 377 306 C.
393 281 457 307 ¹275

278 2317 315 2338 Par
306 2324 348 2339 ι-ιιιῐι
345 2319 378 2338 ihi
395 2325 443 2345 pro-

267 2355 270 2369 t
273 2357 325 2369 ιιιιιι
329 2354 342 2369 t.

522 270 567 302 52

475 334 586 368 uostris
604 332 702 368 literis
725 340 798 366 tunc
820 330 945 366 directis
971 329 1085 371 eidem,
1113 339 1143 364 et
1164 342 1211 364 ar-

473 383 574 417 ticulis
604 382 643 417 ab
676 382 776 429 ipsius
811 381 897 427 regni
932 379 1075 428 praelatis
1106 391 1210 414 coram

472 432 561 466 nobis
588 431 765 478 propositis,
787 438 817 465 et
840 442 895 478 per
916 431 1025 465 fratres
1046 429 1104 464 sibi
1127 441 1212 477 prae-

470 481 630 515 sentandis
657 480 783 515 eosdem
819 479 1076 520 continebantur,
1107 480 1211 514 corri-

469 540 569 576 geret,
591 542 628 565 ex
652 540 736 578 parte
763 538 866 565 nostra
889 541 1017 564 monere
1051 536 1081 563 et
1107 529 1211 563 effica-

469 581 546 615 citer
573 580 720 615 inducere
748 588 966 628 procurarent:
994 587 1021 614 et
1038 578 1062 613 si
1090 578 1127 612 ad
1145 590 1211 613 cor-

469 631 638 665 rectionem
659 631 781 665 illorum
802 629 1009 664 voluntarium
1026 640 1058 663 se
1076 627 1134 662 οίΐυ
1128 636 1209 671 rret,

468 680 514 714 vel
530 692 566 715 ex
580 680 782 728 responsione
798 679 908 726 ipsius,
935 690 970 713 ac
985 677 1051 713 aliis
1066 677 1209 712 circum-

467 730 590 764 stantiis
613 736 792 777 appareret,
819 728 902 783 quod
927 727 1016 762 vellet
1041 727 1208 774 praemissa

468 779 640 826 corrigere,
664 778 892 813 interdictum
886 790 915 811 in
945 777 1055 812 eodem
1076 788 1171 824 regno
1193 789 1208 811 a

469 829 614 876 praelatis
635 828 770 876 positum
793 826 979 873 supradictis
995 837 1094 873 usque
1108 827 1146 861 ad
1165 839 1207 861 se-

468 887 548 924 ptem
564 890 688 913 menses
701 890 716 912 a
731 877 907 923 receptione
920 876 1076 910 literarum
1095 884 1209 910 nostra-

467 940 533 961 rum
550 926 788 974 suspenderent,
810 924 1019 959 numerandos
1039 925 1078 959 ita
1093 932 1207 966 tamen,

465 975 546 1022 quod
562 976 718 1011 solemnes
732 975 832 1010 nuntii
851 974 923 1008 dicti
947 974 1030 1021 regis
1048 986 1119 1009 cum
1135 974 1209 1009 suf—

465 1026 578 1060 ficienti
597 1025 753 1065 mandato,
788 1024 865 1058 infra
891 1035 1014 1058 menses
1036 1031 1171 1070 quatuor
1192 1036 1206 1057 a

464 1084 602 1121 tempore
620 1073 839 1122 suspensionis
856 1073 1009 1108 interdicti
1026 1073 1206 1108 huiusmodi

462 1123 699 1171 computandos,
727 1123 784 1158 iter
809 1123 986 1170 acciperent
1012 1122 1049 1157 ad
1070 1130 1205 1157 nostram

464 1172 666 1219 praesentiam
682 1172 836 1207 veniendi.
852 1172 884 1207 Si
900 1184 972 1207 vero
989 1171 1143 1219 praefatus
1156 1184 1206 1207 rex

463 1223 544 1256 iuxta
579 1221 715 1257 mandati
747 1222 843 1256 nostri
881 1230 1019 1256 tenorem
1049 1223 1206 1268 corrigere

463 1271 616 1317 praedicta
652 1279 878 1312 contemneret,
906 1271 1119 1318 saepedictum
1154 1283 1206 1305 re-

460 1333 556 1366 gnum
579 1321 647 1367 ipso
670 1321 735 1355 iure
763 1328 832 1367 post
856 1328 975 1367 septem
1000 1332 1125 1355 menses
1139 1332 1207 1355 eos-

461 1370 532 1404 dem
548 1370 743 1416 redigeretur
758 1370 788 1404 in
810 1370 974 1416 pristinum
991 1369 1203 1404 interdictum.

461 1419 641 1454 Memoratis
667 1420 759 1454 etiam
782 1418 927 1453 fratribus
950 1419 979 1453 in
1009 1419 1118 1453 virtute
1135 1419 1205 1454 obe-

461 1469 595 1504 dientiae
614 1468 752 1503 districte
775 1481 830 1516 per
847 1468 923 1503 alias
949 1477 1071 1503 nostras
1094 1469 1204 1502 iniun-

462 1518 564 1552 ximus
591 1518 704 1563 literas
728 1527 772 1563 ut,
801 1530 872 1553 cum
902 1517 983 1553 idem
1008 1530 1062 1552 rex
1086 1518 1205 1565 praedi-

461 1576 527 1601 ctos
561 1568 739 1616 episcopos,
773 1567 915 1615 aliosque
951 1567 1116 1614 praelatos,
1145 1579 1203 1601 nee

460 1629 521 1651 nou
545 1617 690 1664 capitula,
718 1627 907 1657 contentus
931 1617 1062 1652 clericos
1091 1625 1120 1651 et
1140 1617 1203 1651 Ee-

460 1667 582 1711 ‹lesias,
608 1679 643 1701 ac
665 1666 815 1714 populum
840 1666 912 1701 dicti
941 1667 1026 1713 regui
1046 1666 1202 1713 gravibus,

460 1717 540 1751 sicut
573 1728 814 1769 acceperamus,
853 1715 987 1751 afficeret
1024 1716 1147 1751 iniuriis
1173 1725 1203 1751 et

461 1766 633 1813 pressuris;
661 1778 782 1814 nosque
805 1765 863 1801 sibi
886 1778 982 1813 super
1004 1765 1063 1800 hoc
1080 1774 1202 1801 nostras

459 1815 519 1850 sub
546 1825 628 1851 certa
656 1816 752 1850 forma
785 1816 889 1851 literas
912 1816 1123 1857 mitteremus
1151 1828 1202 1850 eas

459 1865 543 1899 dicto
569 1865 633 1912 regi
663 1866 795 1900 fideliter
821 1873 1070 1913 praesentarent,
1097 1877 1132 1900 ac
1160 1878 1203 1899 re-

460 1926 609 1960 sponsum
632 1915 698 1950 eius
720 1923 750 1950 et
771 1914 924 1962 quidquid
947 1927 1041 1962 super
1069 1915 1113 1950 eis
1141 1914 1201 1949 du-

460 1972 543 1998 ceret
565 1964 753 2003 faciendum,
779 1977 836 2000 nec
854 1976 915 1999 non
938 1964 1041 1999 locum
1058 1972 1088 2000 et
1106 1964 1202 2007 diem,

461 2015 490 2047 in
514 2013 643 2068 quibus,
665 2022 694 2048 et
716 2026 819 2049 coram
843 2013 961 2061 quibus
978 2014 1120 2061 personis
1143 2014 1199 2060 ipsi

460 2063 522 2108 tegi
545 2062 643 2098 dictas
663 2064 766 2098 literas
780 2063 932 2098 ducerent
957 2064 1200 2110 praesentandas

460 2124 513 2158 per
535 2125 607 2148 suas
629 2121 784 2168 patentes
792 2113 908 2157 literas
935 2113 1120 2147 directarum
1140 2121 1199 2147 tam

458 2162 502 2196 cis
522 2174 613 2209 quam
637 2163 696 2210 ipsi
722 2162 785 2210 regi
807 2163 965 2197 literarum
985 2163 1096 2197 seriem
1125 2174 1201 2196 eon-

459 2212 603 2257 uiuentes,
619 2220 763 2247 curarent
785 2212 876 2247 nobis
896 2212 1020 2259 plenius
1047 2212 1199 2246 intimare.

507 2261 526 2308 3
548 2265 581 2296 6.
605 2261 688 2297 Sane
703 2261 765 2297 duo
781 2274 816 2296 ex
831 2261 922 2296 dictis
938 2261 1095 2301 fratribus,
1119 2274 1202 2295 suan-

459 2311 530 2345 ‹lato
560 2319 666 2346 nostro
701 2320 840 2359 recepto,
867 2311 1003 2347 volentes
1037 2311 1200 2346 observare

459 2361 588 2396 sollicite
621 2361 698 2397 lines
730 2362 809 2403 eius,
834 2362 959 2409 praefati
988 2362 1072 2408 regis
1098 2360 1200 2395 adiere

461 2410 686 2457 praesentiam,
721 2420 752 2446 et
791 2412 888 2459 ipsius
927 2418 1064 2446 mentem
1100 2410 1201 2445 verbis

461 2461 611 2505 pacificis,
644 2461 882 2508 humilibusque
916 2461 1117 2496 sermonibus
1153 2461 1201 2495 in-

459 2511 591 2551 clinare,
624 2511 790 2558 ipsumque
823 2511 1008 2558 diligenter,
1044 2518 1136 2559 prout
1165 2522 1200 2545 ex

461 2561 555 2594 l'orma
579 2560 678 2607 ipsius
700 2561 835 2596 mandati
851 2569 1008 2609 poterant,
1024 2573 1151 2596 monere
1167 2572 1200 2594 ac

461 2610 606 2644 iuducere
632 2618 834 2656 curaverunt,
862 2619 894 2646 ut
915 2610 1004 2646 saluti
1032 2623 1106 2646 suae
1130 2622 1201 2665 pio-

462 2657 567 2692 videns
600 2667 629 2693 ct
669 2660 797 2701 honori,
831 2660 984 2695 mandatis
1018 2668 1047 2696 et
1075 2659 1201 2695 monitis

1041 276 1226 299 BULLARIUM
1255 275 1413 297 ROMANUM

1252 328 1431 376 apostolicis
1464 325 1617 361 obediret
1657 325 1744 360 Idem
1773 338 1846 360 vero
1878 338 1930 361 rex
1959 274 2036 362 abA

1252 378 1367 412 eisdem
1391 376 1541 412 fratribus
1574 374 1734 409 multoties
1765 374 1924 411 humiliter
1946 388 1999 411 re-

1252 428 1403 473 quisitus,
1438 434 1471 460 ut
1510 434 1721 472 praesentatas
1746 424 1803 459 sibi
1840 437 1896 472 per
1929 425 1998 461 illos

1251 476 1343 511 Sedis
1366 475 1563 522 Apostolieae
1585 475 1689 509 literas
1708 474 1880 510 clementer
1906 475 1997 511 audi-

1253 534 1315 570 ret,
1350 525 1516 570 diligenter
1551 524 1736 571 intelligeret
1770 533 1799 559 et
1831 524 1999 560 efficaciter

1251 575 1427 615 exaudiret,
1457 582 1614 622 tamquam
1643 575 1723 609 male
1755 574 1813 609 sibi
1850 575 1998 610 conscius

1252 638 1306 672 per
1327 625 1465 660 diversas
1484 625 1701 660 excusationes
1718 631 1748 659 et
1771 625 1894 660 frivolas
1917 625 2000 659 mul-

1251 676 1347 723 tiplici
1377 675 1532 721 exquisito
1554 675 1695 721 diffugio,
1724 676 1772 710 vix
1793 675 1917 711 tandem
1935 674 2000 709 ela-

1252 726 1314 772 psis
1347 725 1489 772 pluribus
1522 725 1662 760 terminis
1693 738 1789 773 super
1816 725 1874 760 boc
1901 725 1939 760 ab
1961 736 1998 760 eo

1251 775 1396 810 fratribus
1430 775 1596 821 assignatis
1635 775 1753 811 eisdem
1788 783 1818 810 et
1844 783 1999 823 protesta-

1251 824 1386 860 tionibus
1406 824 1549 871 plurimis
1571 825 1699 859 fratrum
1724 825 1864 872 ipsorum
1892 837 1997 860 eoram

1251 873 1422 909 baronibus
1449 882 1479 908 et
1514 874 1701 909 consiliariis
1729 874 1805 909 dieti
1834 874 1937 920 regis,
1964 886 1999 909 ac

1251 923 1356 958 multis
1377 923 1447 958 aliis
1469 930 1544 958 tunc
1567 923 1786 971 praesentibus
1807 923 1934 971 publice
1953 923 1998 958 fa-

1249 973 1318 1016 ctis,
1345 972 1429 1020 quod
1453 972 1634 1008 mandatum
1667 973 1874 1029 apostolicum
1899 973 1996 1029 parati

1248 1030 1347 1063 erant,
1385 1030 1476 1069 prout
1503 1022 1707 1064 tenebantur,
1734 1023 1914 1070 exequtioni
1941 1022 1997 1057 de-

1248 1072 1329 1106 bitae
1351 1071 1552 1117 demandare,
1584 1072 1837 1120 qualemqualem
1865 1072 1998 1107 audien-

1249 1122 1320 1155 tiam
1337 1121 1434 1156 ιοΙιιίῑ
1449 1121 1541 1156 dictis
1564 1121 1711 1157 fratribus
1733 1121 1894 1166 exhibere,
1912 1133 1996 1156 nunc

1249 1171 1472 1211 infirmitatem,
1496 1183 1580 1206 nune
1597 1172 1819 1215 minutionem,
1840 1182 1924 1205 nuuc
1938 1170 1995 1206 alia

1248 1220 1474 1267 impedimenta
1488 1221 1568 1255 varia
1585 1220 1878 1267 praetendendo.Et
1889 1233 1997 1268 quam-

1246 1282 1340 1316 quam
1370 1278 1438 1316 post
1465 1270 1635 1305 nonnullos
1662 1278 1814 1305 terrarum
1846 1270 1996 1305 circuitus

1246 1319 1401 1353 dictorum
1427 1318 1555 1354 fratrum
1589 1319 1764 1355 bumilitate
1794 1319 1903 1354 devota
1932 1332 1994 1354 non

1245 1368 1364 1416 absque
1405 1368 1546 1404 laborum
1584 1369 1704 1404 sarcina
1743 1369 1828 1404 illius
1866 1369 1994 1415 vestigia

1246 1426 1465 1465 prosequente,
1498 1431 1531 1453 se
1565 1418 1643 1453 velle
1665 1418 1854 1465 apostolocis
1885 1430 1993 1465 parere

1247 1468 1276 1501 in
1304 1467 1361 1502 liae
1389 1476 1474 1514 parte
1496 1468 1702 1515 beneplacitis
1724 1467 1906 1509 simularet;
1930 1480 1994 1514 pa-

1246 1529 1313 1551 rum
1338 1526 1439 1551 tamen
1464 1516 1503 1552 de
1525 1517 1586 1558 his,
1620 1530 1699 1565 quae.
1724 1525 1846 1552 tautum
1875 1517 1992 1552 verba—

1245 1566 1315 1601 liter
1337 1566 1571 1613 praetendebat,
1595 1568 1718 1602 realiter
1739 1567 1931 1614 adimplevit,
1955 1579 1992 1601 eo

1246 1617 1342 1662 magis
1376 1628 1450 1651 suae
1484 1616 1714 1652 inobedientiae
1762 1617 1867 1651 vitium
1904 1616 1993 1651 dete—

1243 1678 1332 1711 gens,
1359 1678 1421 1712 quo
1444 1667 1579 1713 amplius
1603 1666 1676 1700 illud
1701 1666 1845 1713 obtegere
1867 1674 1991 1711 satage-

1244 1715 1304 1749 bat.
1341 1715 1378 1749 Et
1412 1715 1539 1750 taudem
1577 1716 1647 1751 licet
1678 1717 1746 1763 ipse
1780 1728 1849 1757 rex,
1878 1716 1991 1751 auditis

1243 1772 1273 1799 et
1295 1764 1460 1800 intellectis
1483 1765 1580 1800 literis
1606 1766 1811 1813 supradictis,
1846 1778 1881 1801 ac
1904 1767 1990 1812 regni

1243 1814 1475 1858 grataminibus
1497 1823 1526 1849 et
1560 1815 1779 1851 afflictionibus
1804 1824 1833 1850 et
1861 1828 1992 1862 oppres-

1243 1849 1384 1898 sionibus
1411 1864 1630 1909 abliorrendis,
1655 1877 1710 1912 pei
1731 1865 1841 1900 fratres
1863 1865 1989 1900 eosdem

1242 1912 1316 1957 sibi,
1331 1913 1457 1948 oraculo
1478 1914 1561 1949 tivae
1584 1915 1679 1956 ιοεί5,
1696 1915 1856 1961 expositis,
1884 1927 1992 1962 quam-

1243 1963 1288 1996 vis
1310 1975 1418 1998 eorum
1443 1975 1503 1998 non
1527 1965 1672 1999 existeret
1695 1964 1837 2011 ignarus,
1863 1964 1991 1999 baroni-

1242 2012 1300 2046 bus
1331 2021 1360 2047 et
1382 2013 1569 2048 consiliariis
1598 2014 1663 2048 suis
1686 2021 1762 2048 tunc
1790 2026 1895 2049 secum
1920 2025 1991 2048 mo-

1243 2062 1381 2096 rantibus
1429 2064 1655 2098 correctionem
1704 2065 1792 2109 regni
1844 2064 1990 2098 simulate

1242 2113 1464 2153 committerem
1493 2120 1595 2147 tamen
1625 2113 1712 2160 quasi
1748 2113 1823 2147 uiliil
1855 2124 1907 2159 per
1941 2112 1990 2160 ip-

1242 2173 1311 2195 sum
1339 2170 1392 2196 aut
1414 2174 1468 2197 eos
1504 2172 1607 2197 actum
1644 2163 1743 2196 extitit
1771 2163 1850 2197 circa
1887 2161 1987 2196 illam:

1243 2219 1368 2258 propter
1390 2212 1471 2258 quod
1499 2212 1667 2258 saepedicti
1692 2212 1800 2247 fratres
1822 2211 1989 2246 sollicitius

1241 2260 1449 2301 attendentes,
1481 2262 1563 2309 quod
1588 2274 1683 2308 penes
1711 2274 1813 2308 regem
1841 2260 1987 2296 eumdem

1243 2310 1392 2356 prolicere
1420 2324 1480 2345 non
1504 2311 1658 2352 valebant,
1686 2323 1743 2345 nec
1766 2312 1907 2346 volentes
1926 2318 1987 2345 ver-

1242 2359 1288 2393 bis
1311 2361 1389 2403 eius,
1413 2362 1442 2395 iu
1463 2362 1578 2408 quibus
1595 2362 1753 2396 veritatem
1773 2363 1910 2408 reperire
1925 2373 1985 2395 uon

1243 2417 1397 2455 poteraut,
1427 2411 1558 2445 ulterius
1580 2411 1733 2455 detineri,
1761 2411 1799 2446 ab
1832 2424 1869 2446 eo
1892 2423 1987 2457 super

1243 2460 1288 2493 his
1336 2461 1487 2495 instanter
1521 2462 1637 2508 petiere
1673 2473 1860 2508 responsum
1897 2461 1987 2494 nobis

1243 2509 1373 2544 fideliter
1406 2511 1630 2546 iudicandum:
1669 2511 1753 2558 quod
1782 2510 1906 2546 taudem
1956 2510 1986 2544 in

1242 2559 1374 2606 quadani
1414 2560 1521 2595 cedula
1558 2573 1619 2595 nou
1654 2561 1786 2607 sigillata
1824 2567 1986 2601 notatum,

1241 2621 1429 2657 quamquam
1454 2610 1530 2644 illud
1554 2611 1614 2645 sub
1640 2611 1741 2657 sigillo
1764 2610 1848 2656 regio
1868 2610 1987 2644 instan-

1243 2659 1361 2693 tissime
1389 2660 1610 2706 postulassent,
1634 2673 1687 2707 per
1709 2668 1903 2707 opportunae
1927 2660 1987 2693 im-

2039 271 2197 300 ‚01275
