<?xml version="1.0" encoding="UTF-8"?>
<!DOCTYPE html PUBLIC "-//W3C//DTD XHTML 1.0 Transitional//EN"
    "http://www.w3.org/TR/xhtml1/DTD/xhtml1-transitional.dtd">
<html xmlns="http://www.w3.org/1999/xhtml" xml:lang="en" lang="en">
 <head>
  <title>
</title>
<meta http-equiv="Content-Type" content="text/html;charset=utf-8" />
  <meta name='ocr-system' content='tesseract 3.04.00' />
  <meta name='ocr-capabilities' content='ocr_page ocr_carea ocr_par ocr_line ocrx_word'/>
</head>
<body>
  <div class='ocr_page' id='page_1' title='image "./bullarumdiplomat04cath_0220.png"; bbox 0 0 2274 3265; ppageno 0'>
   <div class='ocr_carea' id='block_1_1' title="bbox 220 276 398 304">
    <p class='ocr_par' dir='ltr' id='par_1_1' title="bbox 220 276 398 304">
     <span class='ocr_line' id='line_1_1' title="bbox 220 276 398 304; baseline -0.006 0"><span class='ocrx_word' id='word_1_1' title='bbox 220 278 268 304; x_wconf 34' lang='lat' dir='ltr'>An,</span> <span class='ocrx_word' id='word_1_2' title='bbox 287 276 305 303; x_wconf 91' lang='lat' dir='ltr'><em>C</em></span> <span class='ocrx_word' id='word_1_3' title='bbox 336 277 398 303; x_wconf 74' lang='lat'>13¹1</span> 
     </span>
    </p>
   </div>
   <div class='ocr_carea' id='block_1_2' title="bbox 221 481 405 563">
    <p class='ocr_par' dir='ltr' id='par_1_2' title="bbox 221 481 405 563">
     <span class='ocr_line' id='line_1_2' title="bbox 233 481 342 503; baseline -0.028 0"><span class='ocrx_word' id='word_1_4' title='bbox 233 482 245 503; x_wconf 63' lang='lat' dir='ltr'>fl</span> <span class='ocrx_word' id='word_1_5' title='bbox 289 481 342 501; x_wconf 67' lang='lat' dir='ltr'>Petu</span> 
     </span>
     <span class='ocr_line' id='line_1_3' title="bbox 221 511 405 532; baseline -0.011 0"><span class='ocrx_word' id='word_1_6' title='bbox 221 513 334 532; x_wconf 62' lang='lat' dir='ltr'>haereticis</span> <span class='ocrx_word' id='word_1_7' title='bbox 365 511 405 530; x_wconf 79' lang='lat' dir='ltr'>hu-</span> 
     </span>
     <span class='ocr_line' id='line_1_4' title="bbox 221 543 404 563; baseline -0.005 -1"><span class='ocrx_word' id='word_1_8' title='bbox 221 543 307 563; x_wconf 64' lang='lat' dir='ltr'>maui-»di</span> <span class='ocrx_word' id='word_1_9' title='bbox 328 547 404 561; x_wconf 74' lang='lat' dir='ltr'>oracu-</span> 
     </span>
    </p>
   </div>
   <div class='ocr_carea' id='block_1_3' title="bbox 234 2388 418 2468">
    <p class='ocr_par' dir='ltr' id='par_1_3' title="bbox 234 2388 418 2468">
     <span class='ocr_line' id='line_1_5' title="bbox 249 2388 417 2409; baseline 0.006 -1"><span class='ocrx_word' id='word_1_10' title='bbox 249 2388 341 2408; x_wconf 63' lang='lat' dir='ltr'>Vesanaa</span> <span class='ocrx_word' id='word_1_11' title='bbox 362 2389 417 2409; x_wconf 74' lang='lat' dir='ltr'>unu·</span> 
     </span>
     <span class='ocr_line' id='line_1_6' title="bbox 234 2419 418 2438; baseline 0.011 -2"><span class='ocrx_word' id='word_1_12' title='bbox 234 2419 337 2438; x_wconf 68' lang='lat' dir='ltr'>libertatis</span> <span class='ocrx_word' id='word_1_13' title='bbox 366 2423 418 2438; x_wconf 73' lang='lat' dir='ltr'>exe-</span> 
     </span>
     <span class='ocr_line' id='line_1_7' title="bbox 234 2453 298 2468; baseline -0.047 0"><span class='ocrx_word' id='word_1_14' title='bbox 234 2453 298 2468; x_wconf 59' lang='lat' dir='ltr'>stratio</span> 
     </span>
    </p>
   </div>
   <div class='ocr_carea' id='block_1_4' title="bbox 466 268 534 298">
    <p class='ocr_par' dir='ltr' id='par_1_4' title="bbox 466 268 534 298">
     <span class='ocr_line' id='line_1_8' title="bbox 466 268 534 298; baseline -0.015 0"><span class='ocrx_word' id='word_1_15' title='bbox 466 268 534 298; x_wconf 66' lang='lat' dir='ltr'>ate</span> 
     </span>
    </p>
   </div>
   <div class='ocr_carea' id='block_1_5' title="bbox 418 327 1183 2627">
    <p class='ocr_par' dir='ltr' id='par_1_5' title="bbox 418 327 1165 424">
     <span class='ocr_line' id='line_1_9' title="bbox 418 327 1165 375; baseline -0.004 -12"><span class='ocrx_word' id='word_1_16' title='bbox 418 330 549 372; x_wconf 71' lang='lat' dir='ltr'>teritati,</span> <span class='ocrx_word' id='word_1_17' title='bbox 563 330 708 364; x_wconf 82' lang='lat' dir='ltr'>homines</span> <span class='ocrx_word' id='word_1_18' title='bbox 723 328 975 374; x_wconf 86' lang='lat' dir='ltr'>corruptimeute</span> <span class='ocrx_word' id='word_1_19' title='bbox 993 337 1021 363; x_wconf 87' lang='lat' dir='ltr'>et</span> <span class='ocrx_word' id='word_1_20' title='bbox 1043 327 1165 375; x_wconf 81' lang='lat' dir='ltr'>reprobi</span> 
     </span>
     <span class='ocr_line' id='line_1_10' title="bbox 418 376 1144 424; baseline -0.006 -10"><span class='ocrx_word' id='word_1_21' title='bbox 418 380 499 414; x_wconf 84' lang='lat' dir='ltr'>eirca</span> <span class='ocrx_word' id='word_1_22' title='bbox 522 378 628 418; x_wconf 76' lang='lat' dir='ltr'>fidem,</span> <span class='ocrx_word' id='word_1_23' title='bbox 647 376 701 412; x_wconf 89' lang='lat' dir='ltr'>sed</span> <span class='ocrx_word' id='word_1_24' title='bbox 731 376 863 412; x_wconf 87' lang='lat' dir='ltr'>ulterius</span> <span class='ocrx_word' id='word_1_25' title='bbox 885 389 947 412; x_wconf 87' lang='lat' dir='ltr'>non</span> <span class='ocrx_word' id='word_1_26' title='bbox 971 377 1144 424; x_wconf 82' lang='lat' dir='ltr'>proficient.</span> 
     </span>
    </p>

    <p class='ocr_par' dir='ltr' id='par_1_6' title="bbox 418 425 1180 2333">
     <span class='ocr_line' id='line_1_11' title="bbox 467 425 1165 475; baseline -0.004 -13"><span class='ocrx_word' id='word_1_27' title='bbox 467 428 487 475; x_wconf 65' lang='grc' dir='ltr'>,ξ</span> <span class='ocrx_word' id='word_1_28' title='bbox 514 431 546 462; x_wconf 82' lang='grc'>5.</span> <span class='ocrx_word' id='word_1_29' title='bbox 575 427 674 473; x_wconf 83' lang='lat' dir='ltr'>Magis</span> <span class='ocrx_word' id='word_1_30' title='bbox 701 426 795 472; x_wconf 84' lang='lat' dir='ltr'>igitur</span> <span class='ocrx_word' id='word_1_31' title='bbox 817 434 845 460; x_wconf 86' lang='lat' dir='ltr'>et</span> <span class='ocrx_word' id='word_1_32' title='bbox 869 426 966 472; x_wconf 81' lang='lat' dir='ltr'>magis</span> <span class='ocrx_word' id='word_1_33' title='bbox 989 425 1165 460; x_wconf 86' lang='lat' dir='ltr'>timendum</span> 
     </span>
     <span class='ocr_line' id='line_1_12' title="bbox 420 473 1167 523; baseline -0.005 -11"><span class='ocrx_word' id='word_1_34' title='bbox 420 477 510 513; x_wconf 91' lang='lat' dir='ltr'>nobis</span> <span class='ocrx_word' id='word_1_35' title='bbox 532 485 579 511; x_wconf 88' lang='lat' dir='ltr'>est</span> <span class='ocrx_word' id='word_1_36' title='bbox 601 484 630 511; x_wconf 89' lang='lat' dir='ltr'>et</span> <span class='ocrx_word' id='word_1_37' title='bbox 654 475 771 523; x_wconf 91' lang='lat' dir='ltr'>populo</span> <span class='ocrx_word' id='word_1_38' title='bbox 799 474 937 513; x_wconf 75' lang='lat' dir='ltr'>Domini,</span> <span class='ocrx_word' id='word_1_39' title='bbox 960 476 1052 509; x_wconf 89' lang='lat' dir='ltr'>cuius</span> <span class='ocrx_word' id='word_1_40' title='bbox 1076 473 1167 509; x_wconf 90' lang='lat' dir='ltr'>nobis</span> 
     </span>
     <span class='ocr_line' id='line_1_13' title="bbox 419 523 1166 570; baseline -0.005 -8"><span class='ocrx_word' id='word_1_41' title='bbox 419 534 464 562; x_wconf 86' lang='lat' dir='ltr'>est</span> <span class='ocrx_word' id='word_1_42' title='bbox 493 538 567 561; x_wconf 84' lang='lat' dir='ltr'>cura</span> <span class='ocrx_word' id='word_1_43' title='bbox 595 524 761 559; x_wconf 89' lang='lat' dir='ltr'>commissa</span> <span class='ocrx_word' id='word_1_44' title='bbox 785 533 812 558; x_wconf 90' lang='lat' dir='ltr'>et</span> <span class='ocrx_word' id='word_1_45' title='bbox 851 524 941 558; x_wconf 91' lang='lat' dir='ltr'>nobis</span> <span class='ocrx_word' id='word_1_46' title='bbox 970 523 1100 570; x_wconf 90' lang='lat' dir='ltr'>inipso,</span> <span class='ocrx_word' id='word_1_47' title='bbox 1129 535 1166 558; x_wconf 86' lang='lat' dir='ltr'>nc</span> 
     </span>
     <span class='ocr_line' id='line_1_14' title="bbox 420 572 1167 619; baseline -0.007 -8"><span class='ocrx_word' id='word_1_48' title='bbox 420 585 480 611; x_wconf 86' lang='lat' dir='ltr'>tam</span> <span class='ocrx_word' id='word_1_49' title='bbox 508 573 753 610; x_wconf 78' lang='lat' dir='ltr'>abhominabilis</span> <span class='ocrx_word' id='word_1_50' title='bbox 774 573 841 608; x_wconf 79' lang='lat' dir='ltr'>Deo</span> <span class='ocrx_word' id='word_1_51' title='bbox 857 580 886 607; x_wconf 84' lang='lat' dir='ltr'>et</span> <span class='ocrx_word' id='word_1_52' title='bbox 909 572 1094 607; x_wconf 86' lang='lat' dir='ltr'>bominibus</span> <span class='ocrx_word' id='word_1_53' title='bbox 1109 583 1167 619; x_wconf 86' lang='lat' dir='ltr'>pe-</span> 
     </span>
     <span class='ocr_line' id='line_1_15' title="bbox 419 620 1168 671; baseline -0.007 -12"><span class='ocrx_word' id='word_1_54' title='bbox 419 625 486 664; x_wconf 83' lang='lat' dir='ltr'>stis,</span> <span class='ocrx_word' id='word_1_55' title='bbox 513 635 593 671; x_wconf 88' lang='lat' dir='ltr'>quae</span> <span class='ocrx_word' id='word_1_56' title='bbox 614 623 746 658; x_wconf 88' lang='lat' dir='ltr'>latenter</span> <span class='ocrx_word' id='word_1_57' title='bbox 771 621 891 656; x_wconf 80' lang='lat' dir='ltr'>videtur</span> <span class='ocrx_word' id='word_1_58' title='bbox 913 621 1098 668; x_wconf 78' lang='lat' dir='ltr'><strong>subrepere,</strong></span> <span class='ocrx_word' id='word_1_59' title='bbox 1125 620 1168 654; x_wconf 89' lang='lat' dir='ltr'>ni-</span> 
     </span>
     <span class='ocr_line' id='line_1_16' title="bbox 419 669 1167 721; baseline -0.008 -13"><span class='ocrx_word' id='word_1_60' title='bbox 419 675 479 709; x_wconf 90' lang='lat' dir='ltr'>mis</span> <span class='ocrx_word' id='word_1_61' title='bbox 503 672 677 721; x_wconf 80' lang='lat' dir='ltr'><strong>periculose</strong></span> <span class='ocrx_word' id='word_1_62' title='bbox 697 678 891 710; x_wconf 86' lang='lat' dir='ltr'>succrescat;</span> <span class='ocrx_word' id='word_1_63' title='bbox 915 669 1088 704; x_wconf 88' lang='lat' dir='ltr'>timendum</span> <span class='ocrx_word' id='word_1_64' title='bbox 1114 669 1167 702; x_wconf 39' lang='lat' dir='ltr'>uti*</span> 
     </span>
     <span class='ocr_line' id='line_1_17' title="bbox 418 717 1168 770; baseline -0.011 -12"><span class='ocrx_word' id='word_1_65' title='bbox 418 735 480 770; x_wconf 89' lang='lat' dir='ltr'>que</span> <span class='ocrx_word' id='word_1_66' title='bbox 507 734 541 757; x_wconf 88' lang='lat' dir='ltr'>ac</span> <span class='ocrx_word' id='word_1_67' title='bbox 564 730 628 756; x_wconf 85' lang='lat' dir='ltr'>toto</span> <span class='ocrx_word' id='word_1_68' title='bbox 655 721 760 755; x_wconf 89' lang='lat' dir='ltr'>animo</span> <span class='ocrx_word' id='word_1_69' title='bbox 788 717 1039 758; x_wconf 75' lang='lat' dir='ltr'>formidandum,</span> <span class='ocrx_word' id='word_1_70' title='bbox 1066 729 1168 764; x_wconf 88' lang='lat' dir='ltr'>quan-</span> 
     </span>
     <span class='ocr_line' id='line_1_18' title="bbox 419 766 1169 817; baseline -0.008 -12"><span class='ocrx_word' id='word_1_71' title='bbox 419 781 500 813; x_wconf 87' lang='lat' dir='ltr'>tum,</span> <span class='ocrx_word' id='word_1_72' title='bbox 532 770 614 805; x_wconf 86' lang='lat' dir='ltr'>sicut</span> <span class='ocrx_word' id='word_1_73' title='bbox 637 770 783 817; x_wconf 86' lang='lat' dir='ltr'>princeps</span> <span class='ocrx_word' id='word_1_74' title='bbox 812 766 1026 814; x_wconf 87' lang='lat' dir='ltr'>apostolorum</span> <span class='ocrx_word' id='word_1_75' title='bbox 1057 766 1169 800; x_wconf 84' lang='lat' dir='ltr'>Petrus</span> 
     </span>
     <span class='ocr_line' id='line_1_19' title="bbox 419 814 1168 856; baseline -0.009 -1"><span class='ocrx_word' id='word_1_76' title='bbox 419 822 449 855; x_wconf 87' lang='lat' dir='ltr'>in</span> <span class='ocrx_word' id='word_1_77' title='bbox 480 819 629 855; x_wconf 84' lang='lat' dir='ltr'>canonica</span> <span class='ocrx_word' id='word_1_78' title='bbox 651 830 706 852; x_wconf 90' lang='lat' dir='ltr'>sua</span> <span class='ocrx_word' id='word_1_79' title='bbox 735 816 858 852; x_wconf 87' lang='lat' dir='ltr'>scribit:</span> <span class='ocrx_word' id='word_1_80' title='bbox 887 815 984 856; x_wconf 78' lang='lat' dir='ltr'>Quasi</span> <span class='ocrx_word' id='word_1_81' title='bbox 1018 814 1108 849; x_wconf 86' lang='lat' dir='ltr'>liberi</span> <span class='ocrx_word' id='word_1_82' title='bbox 1140 822 1168 849; x_wconf 88' lang='lat' dir='ltr'>et</span> 
     </span>
     <span class='ocr_line' id='line_1_20' title="bbox 420 862 1169 915; baseline -0.009 -11"><span class='ocrx_word' id='word_1_83' title='bbox 420 881 481 904; x_wconf 87' lang='lat' dir='ltr'>non</span> <span class='ocrx_word' id='word_1_84' title='bbox 509 868 597 915; x_wconf 84' lang='lat' dir='ltr'>quasi</span> <span class='ocrx_word' id='word_1_85' title='bbox 626 867 765 901; x_wconf 88' lang='lat' dir='ltr'>velamen</span> <span class='ocrx_word' id='word_1_86' title='bbox 789 864 942 898; x_wconf 86' lang='lat' dir='ltr'>babentes</span> <span class='ocrx_word' id='word_1_87' title='bbox 971 863 1106 897; x_wconf 74' lang='lat' dir='ltr'>malitiae</span> <span class='ocrx_word' id='word_1_88' title='bbox 1131 862 1169 897; x_wconf 90' lang='lat' dir='ltr'>li-</span> 
     </span>
     <span class='ocr_line' id='line_1_21' title="bbox 421 911 1167 959; baseline -0.009 -8"><span class='ocrx_word' id='word_1_89' title='bbox 421 919 591 959; x_wconf 74' lang='lat' dir='ltr'>bertatem,</span> <span class='ocrx_word' id='word_1_90' title='bbox 613 915 668 950; x_wconf 83' lang='lat' dir='ltr'>sed</span> <span class='ocrx_word' id='word_1_91' title='bbox 692 914 773 949; x_wconf 89' lang='lat' dir='ltr'>sicut</span> <span class='ocrx_word' id='word_1_92' title='bbox 796 913 876 947; x_wconf 84' lang='lat' dir='ltr'>servi</span> <span class='ocrx_word' id='word_1_93' title='bbox 899 912 975 947; x_wconf 88' lang='lat' dir='ltr'>Dei:</span> <span class='ocrx_word' id='word_1_94' title='bbox 1011 919 1041 945; x_wconf 89' lang='lat' dir='ltr'>et</span> <span class='ocrx_word' id='word_1_95' title='bbox 1075 911 1167 945; x_wconf 90' lang='lat' dir='ltr'>idem:</span> 
     </span>
     <span class='ocr_line' id='line_1_22' title="bbox 420 960 1167 1009; baseline -0.007 -9"><span class='ocrx_word' id='word_1_96' title='bbox 420 965 512 1000; x_wconf 79' lang='lat' dir='ltr'>Novit</span> <span class='ocrx_word' id='word_1_97' title='bbox 531 964 688 999; x_wconf 84' lang='lat' dir='ltr'>Dominus</span> <span class='ocrx_word' id='word_1_98' title='bbox 701 963 770 1009; x_wconf 81' lang='lat' dir='ltr'>pios</span> <span class='ocrx_word' id='word_1_99' title='bbox 785 961 823 996; x_wconf 87' lang='lat' dir='ltr'>de</span> <span class='ocrx_word' id='word_1_100' title='bbox 846 960 1018 995; x_wconf 89' lang='lat' dir='ltr'>tentatione</span> <span class='ocrx_word' id='word_1_101' title='bbox 1034 960 1167 1007; x_wconf 87' lang='lat' dir='ltr'>eripere:</span> 
     </span>
     <span class='ocr_line' id='line_1_23' title="bbox 421 1008 1171 1061; baseline -0.005 -14"><span class='ocrx_word' id='word_1_102' title='bbox 421 1015 546 1061; x_wconf 79' lang='lat' dir='ltr'>iniquos</span> <span class='ocrx_word' id='word_1_103' title='bbox 581 1025 653 1047; x_wconf 74' lang='lat' dir='ltr'>vero</span> <span class='ocrx_word' id='word_1_104' title='bbox 690 1013 718 1045; x_wconf 93' lang='lat' dir='ltr'>in</span> <span class='ocrx_word' id='word_1_105' title='bbox 755 1011 805 1045; x_wconf 89' lang='lat' dir='ltr'>die</span> <span class='ocrx_word' id='word_1_106' title='bbox 840 1009 948 1044; x_wconf 87' lang='lat' dir='ltr'>iudicii</span> <span class='ocrx_word' id='word_1_107' title='bbox 983 1008 1171 1044; x_wconf 86' lang='lat' dir='ltr'>cruciandos</span> 
     </span>
     <span class='ocr_line' id='line_1_24' title="bbox 421 1057 1170 1107; baseline -0.007 -10"><span class='ocrx_word' id='word_1_108' title='bbox 421 1075 555 1106; x_wconf 82' lang='lat' dir='ltr'>servare,</span> <span class='ocrx_word' id='word_1_109' title='bbox 579 1061 678 1107; x_wconf 82' lang='lat' dir='ltr'>magis</span> <span class='ocrx_word' id='word_1_110' title='bbox 704 1067 809 1095; x_wconf 85' lang='lat' dir='ltr'>autem</span> <span class='ocrx_word' id='word_1_111' title='bbox 833 1071 898 1103; x_wconf 82' lang='lat' dir='ltr'>eos,</span> <span class='ocrx_word' id='word_1_112' title='bbox 926 1057 977 1105; x_wconf 85' lang='lat' dir='ltr'>qui</span> <span class='ocrx_word' id='word_1_113' title='bbox 1003 1066 1072 1104; x_wconf 87' lang='lat' dir='ltr'>post</span> <span class='ocrx_word' id='word_1_114' title='bbox 1100 1070 1170 1092; x_wconf 85' lang='lat' dir='ltr'>car-</span> 
     </span>
     <span class='ocr_line' id='line_1_25' title="bbox 423 1106 1171 1156; baseline -0.007 -11"><span class='ocrx_word' id='word_1_115' title='bbox 423 1124 493 1147; x_wconf 87' lang='lat' dir='ltr'>nem</span> <span class='ocrx_word' id='word_1_116' title='bbox 518 1112 548 1145; x_wconf 88' lang='lat' dir='ltr'>in</span> <span class='ocrx_word' id='word_1_117' title='bbox 578 1108 833 1156; x_wconf 84' lang='lat' dir='ltr'>concupiscentia</span> <span class='ocrx_word' id='word_1_118' title='bbox 858 1106 1076 1141; x_wconf 74' lang='lat' dir='ltr'>immunditiae</span> <span class='ocrx_word' id='word_1_119' title='bbox 1103 1119 1171 1141; x_wconf 89' lang='lat' dir='ltr'>am-</span> 
     </span>
     <span class='ocr_line' id='line_1_26' title="bbox 424 1159 1172 1204; baseline -0.005 -11"><span class='ocrx_word' id='word_1_120' title='bbox 424 1161 542 1204; x_wconf 82' lang='lat' dir='ltr'>bulant,</span> <span class='ocrx_word' id='word_1_121' title='bbox 555 1159 867 1204; x_wconf 75' lang='lat' dir='ltr'>dominationemque</span> <span class='ocrx_word' id='word_1_122' title='bbox 886 1163 1104 1196; x_wconf 85' lang='lat' dir='ltr'>contemnunt,</span> <span class='ocrx_word' id='word_1_123' title='bbox 1123 1168 1172 1190; x_wconf 91' lang='lat' dir='ltr'>au-</span> 
     </span>
     <span class='ocr_line' id='line_1_27' title="bbox 423 1208 1171 1253; baseline -0.005 -11"><span class='ocrx_word' id='word_1_124' title='bbox 423 1210 528 1249; x_wconf 81' lang='lat' dir='ltr'>daces,</span> <span class='ocrx_word' id='word_1_125' title='bbox 556 1208 613 1243; x_wconf 88' lang='lat' dir='ltr'>sibi</span> <span class='ocrx_word' id='word_1_126' title='bbox 639 1208 796 1253; x_wconf 76' lang='lat' dir='ltr'>placentes</span> <span class='ocrx_word' id='word_1_127' title='bbox 822 1213 934 1249; x_wconf 81' lang='lat' dir='ltr'>sectas,</span> <span class='ocrx_word' id='word_1_128' title='bbox 949 1217 1010 1239; x_wconf 90' lang='lat' dir='ltr'>nou</span> <span class='ocrx_word' id='word_1_129' title='bbox 1028 1212 1171 1239; x_wconf 84' lang='lat' dir='ltr'>metuunt</span> 
     </span>
     <span class='ocr_line' id='line_1_28' title="bbox 425 1253 1172 1303; baseline -0.005 -12"><span class='ocrx_word' id='word_1_130' title='bbox 425 1259 524 1293; x_wconf 76' lang='lat' dir='ltr'>tacere</span> <span class='ocrx_word' id='word_1_131' title='bbox 547 1259 591 1301; x_wconf 80' lang='grc'>(1)</span> <span class='ocrx_word' id='word_1_132' title='bbox 613 1256 879 1303; x_wconf 71' lang='lat' dir='ltr'>blasphemantes,</span> <span class='ocrx_word' id='word_1_133' title='bbox 903 1254 1071 1301; x_wconf 87' lang='lat' dir='ltr'>statimque</span> <span class='ocrx_word' id='word_1_134' title='bbox 1095 1253 1172 1288; x_wconf 90' lang='lat' dir='ltr'>sub-</span> 
     </span>
     <span class='ocr_line' id='line_1_29' title="bbox 426 1302 1173 1353; baseline -0.005 -13"><span class='ocrx_word' id='word_1_135' title='bbox 426 1307 543 1353; x_wconf 83' lang='lat' dir='ltr'>iungit:</span> <span class='ocrx_word' id='word_1_136' title='bbox 578 1305 617 1340; x_wconf 89' lang='lat' dir='ltr'>Hi</span> <span class='ocrx_word' id='word_1_137' title='bbox 652 1317 724 1340; x_wconf 78' lang='lat' dir='ltr'>vero</span> <span class='ocrx_word' id='word_1_138' title='bbox 751 1304 833 1339; x_wconf 82' lang='lat' dir='ltr'>velut</span> <span class='ocrx_word' id='word_1_139' title='bbox 865 1302 1089 1337; x_wconf 81' lang='lat' dir='ltr'>irrationabilia</span> <span class='ocrx_word' id='word_1_140' title='bbox 1118 1315 1173 1349; x_wconf 88' lang='lat' dir='ltr'>pe-</span> 
     </span>
     <span class='ocr_line' id='line_1_30' title="bbox 424 1352 1171 1399; baseline -0.007 -9"><span class='ocrx_word' id='word_1_141' title='bbox 424 1368 495 1391; x_wconf 82' lang='lat' dir='ltr'>cora</span> <span class='ocrx_word' id='word_1_142' title='bbox 533 1354 713 1389; x_wconf 81' lang='lat' dir='ltr'>naturaliter</span> <span class='ocrx_word' id='word_1_143' title='bbox 749 1353 778 1387; x_wconf 93' lang='lat' dir='ltr'>in</span> <span class='ocrx_word' id='word_1_144' title='bbox 808 1352 1041 1399; x_wconf 80' lang='lat' dir='ltr'>corruptionem</span> <span class='ocrx_word' id='word_1_145' title='bbox 1074 1359 1105 1387; x_wconf 92' lang='lat' dir='ltr'>et</span> <span class='ocrx_word' id='word_1_146' title='bbox 1143 1352 1171 1385; x_wconf 93' lang='lat' dir='ltr'>in</span> 
     </span>
     <span class='ocr_line' id='line_1_31' title="bbox 427 1400 1172 1452; baseline -0.008 -13"><span class='ocrx_word' id='word_1_147' title='bbox 427 1404 635 1452; x_wconf 82' lang='lat' dir='ltr'>perditionem</span> <span class='ocrx_word' id='word_1_148' title='bbox 671 1404 700 1437; x_wconf 90' lang='lat' dir='ltr'>in</span> <span class='ocrx_word' id='word_1_149' title='bbox 731 1402 783 1443; x_wconf 82' lang='lat' dir='ltr'>iis,</span> <span class='ocrx_word' id='word_1_150' title='bbox 810 1413 890 1448; x_wconf 88' lang='lat' dir='ltr'>quae</span> <span class='ocrx_word' id='word_1_151' title='bbox 918 1401 1064 1447; x_wconf 82' lang='lat' dir='ltr'>ignorant</span> <span class='ocrx_word' id='word_1_152' title='bbox 1087 1400 1172 1434; x_wconf 86' lang='lat' dir='ltr'>blas-</span> 
     </span>
     <span class='ocr_line' id='line_1_32' title="bbox 427 1449 1173 1500; baseline -0.007 -13"><span class='ocrx_word' id='word_1_153' title='bbox 427 1453 611 1500; x_wconf 87' lang='lat' dir='ltr'>phemantes</span> <span class='ocrx_word' id='word_1_154' title='bbox 650 1453 680 1486; x_wconf 92' lang='lat' dir='ltr'>in</span> <span class='ocrx_word' id='word_1_155' title='bbox 711 1463 764 1485; x_wconf 87' lang='lat' dir='ltr'>sua</span> <span class='ocrx_word' id='word_1_156' title='bbox 801 1451 1003 1496; x_wconf 85' lang='lat' dir='ltr'>corruptione</span> <span class='ocrx_word' id='word_1_157' title='bbox 1027 1449 1173 1496; x_wconf 84' lang='lat' dir='ltr'>peribunt</span> 
     </span>
     <span class='ocr_line' id='line_1_33' title="bbox 429 1497 1174 1549; baseline -0.005 -14"><span class='ocrx_word' id='word_1_158' title='bbox 429 1502 638 1549; x_wconf 84' lang='lat' dir='ltr'>percipientes</span> <span class='ocrx_word' id='word_1_159' title='bbox 665 1499 843 1535; x_wconf 85' lang='lat' dir='ltr'>mercedem</span> <span class='ocrx_word' id='word_1_160' title='bbox 873 1498 1056 1542; x_wconf 82' lang='lat' dir='ltr'>iniustitiae,</span> <span class='ocrx_word' id='word_1_161' title='bbox 1084 1497 1174 1532; x_wconf 84' lang='lat' dir='ltr'>volu-</span> 
     </span>
     <span class='ocr_line' id='line_1_34' title="bbox 429 1546 1176 1597; baseline -0.005 -12"><span class='ocrx_word' id='word_1_162' title='bbox 429 1558 542 1597; x_wconf 85' lang='lat' dir='ltr'>ptatem</span> <span class='ocrx_word' id='word_1_163' title='bbox 570 1550 757 1585; x_wconf 77' lang='lat' dir='ltr'>extimantes</span> <span class='ocrx_word' id='word_1_164' title='bbox 783 1547 839 1582; x_wconf 92' lang='lat' dir='ltr'>Dei</span> <span class='ocrx_word' id='word_1_165' title='bbox 875 1547 996 1582; x_wconf 87' lang='lat' dir='ltr'>delitias</span> <span class='ocrx_word' id='word_1_166' title='bbox 1030 1546 1176 1594; x_wconf 73' lang='lat' dir='ltr'>coinqui-</span> 
     </span>
     <span class='ocr_line' id='line_1_35' title="bbox 429 1595 1173 1640; baseline -0.008 -6"><span class='ocrx_word' id='word_1_167' title='bbox 429 1600 564 1635; x_wconf 85' lang='lat' dir='ltr'>nationis</span> <span class='ocrx_word' id='word_1_168' title='bbox 586 1606 616 1633; x_wconf 92' lang='lat' dir='ltr'>et</span> <span class='ocrx_word' id='word_1_169' title='bbox 638 1599 777 1632; x_wconf 87' lang='lat' dir='ltr'>maculae</span> <span class='ocrx_word' id='word_1_170' title='bbox 800 1595 918 1631; x_wconf 89' lang='lat' dir='ltr'>delitiis</span> <span class='ocrx_word' id='word_1_171' title='bbox 939 1596 1116 1640; x_wconf 82' lang='lat' dir='ltr'>affluentes,</span> <span class='ocrx_word' id='word_1_172' title='bbox 1144 1595 1173 1629; x_wconf 91' lang='lat' dir='ltr'>in</span> 
     </span>
     <span class='ocr_line' id='line_1_36' title="bbox 427 1643 1176 1690; baseline -0.007 -7"><span class='ocrx_word' id='word_1_173' title='bbox 427 1648 578 1683; x_wconf 75' lang='lat' dir='ltr'>conviviis</span> <span class='ocrx_word' id='word_1_174' title='bbox 600 1647 666 1682; x_wconf 87' lang='lat' dir='ltr'>suis</span> <span class='ocrx_word' id='word_1_175' title='bbox 687 1645 895 1690; x_wconf 83' lang='lat' dir='ltr'>luxuriantes,</span> <span class='ocrx_word' id='word_1_176' title='bbox 923 1645 1033 1680; x_wconf 91' lang='lat' dir='ltr'>oculos</span> <span class='ocrx_word' id='word_1_177' title='bbox 1060 1643 1176 1679; x_wconf 85' lang='lat' dir='ltr'>haben-</span> 
     </span>
     <span class='ocr_line' id='line_1_37' title="bbox 428 1692 1175 1743; baseline -0.005 -12"><span class='ocrx_word' id='word_1_178' title='bbox 428 1706 473 1732; x_wconf 89' lang='lat' dir='ltr'>tes</span> <span class='ocrx_word' id='word_1_179' title='bbox 501 1697 611 1743; x_wconf 86' lang='lat' dir='ltr'>plenos</span> <span class='ocrx_word' id='word_1_180' title='bbox 633 1694 786 1730; x_wconf 87' lang='lat' dir='ltr'>adulterio</span> <span class='ocrx_word' id='word_1_181' title='bbox 807 1701 837 1729; x_wconf 92' lang='lat' dir='ltr'>et</span> <span class='ocrx_word' id='word_1_182' title='bbox 851 1693 1026 1729; x_wconf 82' lang='lat' dir='ltr'>incessabili</span> <span class='ocrx_word' id='word_1_183' title='bbox 1049 1692 1175 1735; x_wconf 83' lang='lat' dir='ltr'>delicto;</span> 
     </span>
     <span class='ocr_line' id='line_1_38' title="bbox 429 1742 1177 1793; baseline -0.005 -13"><span class='ocrx_word' id='word_1_184' title='bbox 429 1746 622 1793; x_wconf 86' lang='lat' dir='ltr'>pellicientes</span> <span class='ocrx_word' id='word_1_185' title='bbox 653 1744 774 1779; x_wconf 86' lang='lat' dir='ltr'>animas</span> <span class='ocrx_word' id='word_1_186' title='bbox 798 1742 971 1784; x_wconf 89' lang='lat' dir='ltr'>instabiles,</span> <span class='ocrx_word' id='word_1_187' title='bbox 1006 1754 1061 1776; x_wconf 86' lang='lat' dir='ltr'>cor</span> <span class='ocrx_word' id='word_1_188' title='bbox 1086 1753 1177 1777; x_wconf 81' lang='lat' dir='ltr'>exer-</span> 
     </span>
     <span class='ocr_line' id='line_1_39' title="bbox 428 1790 1175 1833; baseline -0.007 -3"><span class='ocrx_word' id='word_1_189' title='bbox 428 1796 556 1830; x_wconf 85' lang='lat' dir='ltr'>citatum</span> <span class='ocrx_word' id='word_1_190' title='bbox 591 1794 717 1829; x_wconf 77' lang='lat' dir='ltr'>avaritia</span> <span class='ocrx_word' id='word_1_191' title='bbox 745 1792 907 1833; x_wconf 86' lang='lat' dir='ltr'>babentes,</span> <span class='ocrx_word' id='word_1_192' title='bbox 935 1790 1175 1827; x_wconf 85' lang='lat' dir='ltr'>maledictiones</span> 
     </span>
     <span class='ocr_line' id='line_1_40' title="bbox 429 1841 1177 1890; baseline -0.005 -12"><span class='ocrx_word' id='word_1_193' title='bbox 429 1844 495 1888; x_wconf 78' lang='lat' dir='ltr'>filii,</span> <span class='ocrx_word' id='word_1_194' title='bbox 510 1844 768 1890; x_wconf 81' lang='lat' dir='ltr'>derelinquentes</span> <span class='ocrx_word' id='word_1_195' title='bbox 802 1850 917 1876; x_wconf 86' lang='lat' dir='ltr'>rectam</span> <span class='ocrx_word' id='word_1_196' title='bbox 948 1841 1028 1875; x_wconf 85' lang='lat' dir='ltr'>viam</span> <span class='ocrx_word' id='word_1_197' title='bbox 1051 1852 1177 1876; x_wconf 85' lang='lat' dir='ltr'>errave-</span> 
     </span>
     <span class='ocr_line' id='line_1_41' title="bbox 430 1889 1176 1940; baseline -0.003 -13"><span class='ocrx_word' id='word_1_198' title='bbox 430 1902 512 1928; x_wconf 88' lang='lat' dir='ltr'>runt.</span> <span class='ocrx_word' id='word_1_199' title='bbox 539 1892 793 1940; x_wconf 85' lang='lat' dir='ltr'>Expressiusque</span> <span class='ocrx_word' id='word_1_200' title='bbox 814 1890 921 1925; x_wconf 86' lang='lat' dir='ltr'>talium</span> <span class='ocrx_word' id='word_1_201' title='bbox 946 1889 1176 1925; x_wconf 86' lang='lat' dir='ltr'>baereticorum</span> 
     </span>
     <span class='ocr_line' id='line_1_42' title="bbox 431 1939 1178 1989; baseline -0.003 -14"><span class='ocrx_word' id='word_1_202' title='bbox 431 1942 612 1989; x_wconf 85' lang='lat' dir='ltr'>iniquorum</span> <span class='ocrx_word' id='word_1_203' title='bbox 641 1948 760 1977; x_wconf 84' lang='lat' dir='ltr'>reatum</span> <span class='ocrx_word' id='word_1_204' title='bbox 795 1948 825 1974; x_wconf 87' lang='lat' dir='ltr'>et</span> <span class='ocrx_word' id='word_1_205' title='bbox 861 1939 1045 1974; x_wconf 85' lang='lat' dir='ltr'>execrabilis</span> <span class='ocrx_word' id='word_1_206' title='bbox 1081 1939 1178 1986; x_wconf 87' lang='lat' dir='ltr'>pestis</span> 
     </span>
     <span class='ocr_line' id='line_1_43' title="bbox 430 1989 1177 2038; baseline -0.003 -13"><span class='ocrx_word' id='word_1_207' title='bbox 430 1991 611 2026; x_wconf 87' lang='lat' dir='ltr'>huiusmodi</span> <span class='ocrx_word' id='word_1_208' title='bbox 656 1998 762 2038; x_wconf 88' lang='lat' dir='ltr'>aperte</span> <span class='ocrx_word' id='word_1_209' title='bbox 801 1989 986 2036; x_wconf 82' lang='lat' dir='ltr'>subiungit:</span> <span class='ocrx_word' id='word_1_210' title='bbox 1034 1989 1177 2036; x_wconf 90' lang='lat' dir='ltr'>Superba</span> 
     </span>
     <span class='ocr_line' id='line_1_44' title="bbox 431 2038 1179 2087; baseline 0 -14"><span class='ocrx_word' id='word_1_211' title='bbox 431 2040 575 2076; x_wconf 81' lang='lat' dir='ltr'>vanitatis</span> <span class='ocrx_word' id='word_1_212' title='bbox 596 2040 762 2087; x_wconf 88' lang='lat' dir='ltr'>loquentes</span> <span class='ocrx_word' id='word_1_213' title='bbox 786 2039 948 2087; x_wconf 89' lang='lat' dir='ltr'>pelliciunt</span> <span class='ocrx_word' id='word_1_214' title='bbox 965 2038 995 2072; x_wconf 92' lang='lat' dir='ltr'>in</span> <span class='ocrx_word' id='word_1_215' title='bbox 1012 2039 1179 2073; x_wconf 86' lang='lat' dir='ltr'>desideriis</span> 
     </span>
     <span class='ocr_line' id='line_1_45' title="bbox 431 2087 1179 2136; baseline -0.001 -12"><span class='ocrx_word' id='word_1_216' title='bbox 431 2091 535 2124; x_wconf 89' lang='lat' dir='ltr'>carnis</span> <span class='ocrx_word' id='word_1_217' title='bbox 556 2090 697 2124; x_wconf 82' lang='lat' dir='ltr'>luxuriae</span> <span class='ocrx_word' id='word_1_218' title='bbox 726 2100 797 2127; x_wconf 87' lang='lat' dir='ltr'>eos,</span> <span class='ocrx_word' id='word_1_219' title='bbox 825 2088 878 2135; x_wconf 85' lang='lat' dir='ltr'>qui</span> <span class='ocrx_word' id='word_1_220' title='bbox 914 2087 1074 2136; x_wconf 86' lang='lat' dir='ltr'>paululum</span> <span class='ocrx_word' id='word_1_221' title='bbox 1098 2088 1179 2123; x_wconf 80' lang='lat' dir='ltr'>effu-</span> 
     </span>
     <span class='ocr_line' id='line_1_46' title="bbox 431 2136 1179 2186; baseline -0.001 -14"><span class='ocrx_word' id='word_1_222' title='bbox 431 2139 533 2186; x_wconf 78' lang='lat' dir='ltr'>giunt,</span> <span class='ocrx_word' id='word_1_223' title='bbox 563 2138 667 2185; x_wconf 86' lang='lat' dir='ltr'>quiin</span> <span class='ocrx_word' id='word_1_224' title='bbox 696 2149 800 2173; x_wconf 88' lang='lat' dir='ltr'>errore</span> <span class='ocrx_word' id='word_1_225' title='bbox 830 2145 1066 2172; x_wconf 80' lang='lat' dir='ltr'>conversantur:</span> <span class='ocrx_word' id='word_1_226' title='bbox 1083 2136 1179 2171; x_wconf 91' lang='lat' dir='ltr'>liber-</span> 
     </span>
     <span class='ocr_line' id='line_1_47' title="bbox 432 2186 1178 2234; baseline -0.001 -13"><span class='ocrx_word' id='word_1_227' title='bbox 432 2197 524 2223; x_wconf 86' lang='lat' dir='ltr'>tatem</span> <span class='ocrx_word' id='word_1_228' title='bbox 562 2188 622 2222; x_wconf 92' lang='lat' dir='ltr'>illis</span> <span class='ocrx_word' id='word_1_229' title='bbox 650 2188 879 2234; x_wconf 73' lang='lat' dir='ltr'>promittentes,</span> <span class='ocrx_word' id='word_1_230' title='bbox 912 2198 984 2221; x_wconf 92' lang='lat' dir='ltr'>cum</span> <span class='ocrx_word' id='word_1_231' title='bbox 1013 2186 1071 2233; x_wconf 88' lang='lat' dir='ltr'>ipsi</span> <span class='ocrx_word' id='word_1_232' title='bbox 1099 2186 1178 2220; x_wconf 84' lang='lat' dir='ltr'>servi</span> 
     </span>
     <span class='ocr_line' id='line_1_48' title="bbox 431 2235 1180 2284; baseline 0 -14"><span class='ocrx_word' id='word_1_233' title='bbox 431 2238 491 2271; x_wconf 86' lang='lat' dir='ltr'>sint</span> <span class='ocrx_word' id='word_1_234' title='bbox 519 2237 751 2284; x_wconf 87' lang='lat' dir='ltr'>corruptionis:</span> <span class='ocrx_word' id='word_1_235' title='bbox 781 2248 796 2270; x_wconf 89' lang='lat' dir='ltr'>a</span> <span class='ocrx_word' id='word_1_236' title='bbox 831 2248 893 2282; x_wconf 89' lang='lat' dir='ltr'>quo</span> <span class='ocrx_word' id='word_1_237' title='bbox 928 2236 1012 2270; x_wconf 87' lang='lat' dir='ltr'>enim</span> <span class='ocrx_word' id='word_1_238' title='bbox 1046 2235 1180 2282; x_wconf 85' lang='lat' dir='ltr'>quisque</span> 
     </span>
     <span class='ocr_line' id='line_1_49' title="bbox 431 2286 957 2333; baseline -0.006 -12"><span class='ocrx_word' id='word_1_239' title='bbox 431 2295 614 2333; x_wconf 84' lang='lat' dir='ltr'>superatur,</span> <span class='ocrx_word' id='word_1_240' title='bbox 643 2286 739 2320; x_wconf 89' lang='lat' dir='ltr'>huius</span> <span class='ocrx_word' id='word_1_241' title='bbox 766 2297 877 2320; x_wconf 85' lang='lat' dir='ltr'>servus</span> <span class='ocrx_word' id='word_1_242' title='bbox 900 2293 957 2319; x_wconf 88' lang='lat' dir='ltr'>est.</span> 
     </span>
    </p>

    <p class='ocr_par' dir='ltr' id='par_1_7' title="bbox 432 2333 1183 2627">
     <span class='ocr_line' id='line_1_50' title="bbox 480 2333 1180 2383; baseline -0.004 -14"><span class='ocrx_word' id='word_1_243' title='bbox 480 2336 500 2383; x_wconf 67' lang='lat' dir='ltr'>g</span> <span class='ocrx_word' id='word_1_244' title='bbox 528 2339 559 2369; x_wconf 75' lang='lat'>4.</span> <span class='ocrx_word' id='word_1_245' title='bbox 589 2334 638 2369; x_wconf 81' lang='lat' dir='ltr'>Oh</span> <span class='ocrx_word' id='word_1_246' title='bbox 668 2335 794 2369; x_wconf 89' lang='lat' dir='ltr'>libertas</span> <span class='ocrx_word' id='word_1_247' title='bbox 821 2334 905 2368; x_wconf 91' lang='lat' dir='ltr'>omni</span> <span class='ocrx_word' id='word_1_248' title='bbox 941 2333 1050 2368; x_wconf 85' lang='lat' dir='ltr'>durior</span> <span class='ocrx_word' id='word_1_249' title='bbox 1082 2333 1180 2367; x_wconf 80' lang='lat' dir='ltr'>servi-</span> 
     </span>
     <span class='ocr_line' id='line_1_51' title="bbox 433 2380 1178 2419; baseline -0.004 -1"><span class='ocrx_word' id='word_1_250' title='bbox 433 2387 513 2419; x_wconf 84' lang='lat' dir='ltr'>tute!</span> <span class='ocrx_word' id='word_1_251' title='bbox 529 2384 578 2419; x_wconf 79' lang='lat' dir='ltr'>Oh</span> <span class='ocrx_word' id='word_1_252' title='bbox 596 2384 721 2418; x_wconf 86' lang='lat' dir='ltr'>libertas</span> <span class='ocrx_word' id='word_1_253' title='bbox 744 2396 801 2419; x_wconf 87' lang='lat' dir='ltr'>nec</span> <span class='ocrx_word' id='word_1_254' title='bbox 821 2383 1014 2418; x_wconf 90' lang='lat' dir='ltr'>nominanda</span> <span class='ocrx_word' id='word_1_255' title='bbox 1033 2380 1178 2417; x_wconf 85' lang='lat' dir='ltr'>libertas!</span> 
     </span>
     <span class='ocr_line' id='line_1_52' title="bbox 433 2432 1179 2480; baseline -0.001 -13"><span class='ocrx_word' id='word_1_256' title='bbox 433 2445 493 2469; x_wconf 90' lang='lat' dir='ltr'>non</span> <span class='ocrx_word' id='word_1_257' title='bbox 524 2434 632 2480; x_wconf 86' lang='lat' dir='ltr'>utique</span> <span class='ocrx_word' id='word_1_258' title='bbox 661 2433 710 2466; x_wconf 87' lang='lat' dir='ltr'>illa</span> <span class='ocrx_word' id='word_1_259' title='bbox 739 2445 861 2467; x_wconf 85' lang='lat' dir='ltr'>summa</span> <span class='ocrx_word' id='word_1_260' title='bbox 889 2432 1034 2472; x_wconf 83' lang='lat' dir='ltr'>libertas,</span> <span class='ocrx_word' id='word_1_261' title='bbox 1063 2432 1091 2465; x_wconf 92' lang='lat' dir='ltr'>in</span> <span class='ocrx_word' id='word_1_262' title='bbox 1120 2443 1179 2478; x_wconf 87' lang='lat' dir='ltr'>qua</span> 
     </span>
     <span class='ocr_line' id='line_1_53' title="bbox 432 2481 1180 2529; baseline 0 -14"><span class='ocrx_word' id='word_1_263' title='bbox 432 2484 500 2518; x_wconf 69' lang='lat' dir='ltr'>eins</span> <span class='ocrx_word' id='word_1_264' title='bbox 537 2483 674 2517; x_wconf 86' lang='lat' dir='ltr'>servitus</span> <span class='ocrx_word' id='word_1_265' title='bbox 712 2481 946 2529; x_wconf 71' lang='lat' dir='ltr'>comprobatur,</span> <span class='ocrx_word' id='word_1_266' title='bbox 973 2481 1023 2515; x_wconf 87' lang='lat' dir='ltr'>cui</span> <span class='ocrx_word' id='word_1_267' title='bbox 1064 2481 1180 2515; x_wconf 79' lang='lat' dir='ltr'>servire</span> 
     </span>
     <span class='ocr_line' id='line_1_54' title="bbox 434 2530 1181 2579; baseline -0.001 -14"><span class='ocrx_word' id='word_1_268' title='bbox 434 2544 562 2579; x_wconf 78' lang='lat' dir='ltr'>regnare</span> <span class='ocrx_word' id='word_1_269' title='bbox 589 2533 656 2566; x_wconf 83' lang='lat' dir='ltr'>est‘?</span> <span class='ocrx_word' id='word_1_270' title='bbox 677 2543 733 2565; x_wconf 91' lang='lat' dir='ltr'>cur</span> <span class='ocrx_word' id='word_1_271' title='bbox 756 2543 817 2564; x_wconf 91' lang='lat' dir='ltr'>non</span> <span class='ocrx_word' id='word_1_272' title='bbox 840 2530 1027 2570; x_wconf 75' lang='lat' dir='ltr'>attenditur,</span> <span class='ocrx_word' id='word_1_273' title='bbox 1050 2542 1105 2564; x_wconf 89' lang='lat' dir='ltr'>cur</span> <span class='ocrx_word' id='word_1_274' title='bbox 1120 2541 1181 2564; x_wconf 91' lang='lat' dir='ltr'>non</span> 
     </span>
     <span class='ocr_line' id='line_1_55' title="bbox 434 2578 1183 2627; baseline -0.003 -12"><span class='ocrx_word' id='word_1_275' title='bbox 434 2588 599 2627; x_wconf 85' lang='lat' dir='ltr'>pensatur,</span> <span class='ocrx_word' id='word_1_276' title='bbox 625 2592 682 2614; x_wconf 87' lang='lat' dir='ltr'>cur</span> <span class='ocrx_word' id='word_1_277' title='bbox 710 2592 770 2614; x_wconf 90' lang='lat' dir='ltr'>non</span> <span class='ocrx_word' id='word_1_278' title='bbox 794 2580 975 2619; x_wconf 80' lang='lat' dir='ltr'>discutitur,</span> <span class='ocrx_word' id='word_1_279' title='bbox 1001 2578 1084 2626; x_wconf 89' lang='lat' dir='ltr'>quod</span> <span class='ocrx_word' id='word_1_280' title='bbox 1103 2578 1183 2626; x_wconf 81' lang='lat' dir='ltr'>Apo-</span> 
     </span>
    </p>
   </div>
   <div class='ocr_carea' id='block_1_6' title="bbox 469 2641 1089 2677">
    <p class='ocr_par' dir='ltr' id='par_1_8' title="bbox 469 2641 1089 2677">
     <span class='ocr_line' id='line_1_56' title="bbox 469 2641 1089 2677; baseline -0.003 -8"><span class='ocrx_word' id='word_1_281' title='bbox 469 2643 508 2675; x_wconf 82' lang='grc'>(1)</span> <span class='ocrx_word' id='word_1_282' title='bbox 520 2643 579 2677; x_wconf 72' lang='lat' dir='ltr'>Leg.</span> <span class='ocrx_word' id='word_1_283' title='bbox 593 2643 678 2669; x_wconf 72' lang='lat' dir='ltr'>forsan</span> <span class='ocrx_word' id='word_1_284' title='bbox 691 2644 863 2668; x_wconf 71' lang='lat' dir='ltr'>introducere</span> <span class='ocrx_word' id='word_1_285' title='bbox 874 2641 904 2676; x_wconf 86' lang='grc' dir='ltr'>(ιι</span> <span class='ocrx_word' id='word_1_286' title='bbox 922 2642 976 2668; x_wconf 72' lang='lat' dir='ltr'>Pet.</span> <span class='ocrx_word' id='word_1_287' title='bbox 992 2649 1021 2674; x_wconf 84' lang='grc' dir='ltr'>ιι,</span> <span class='ocrx_word' id='word_1_288' title='bbox 1036 2641 1089 2675; x_wconf 84' lang='grc'>10).</span> 
     </span>
    </p>
   </div>
   <div class='ocr_carea' id='block_1_7' title="bbox 1003 272 1380 296">
    <p class='ocr_par' dir='ltr' id='par_1_9' title="bbox 1003 272 1380 296">
     <span class='ocr_line' id='line_1_57' title="bbox 1003 272 1380 296; baseline -0.005 0"><span class='ocrx_word' id='word_1_289' title='bbox 1003 273 1102 296; x_wconf 76' lang='grc' dir='ltr'>Β[”[,1.Α</span> <span class='ocrx_word' id='word_1_290' title='bbox 1110 273 1139 295; x_wconf 80' lang='lat' dir='ltr'>ttt</span> <span class='ocrx_word' id='word_1_291' title='bbox 1146 273 1190 296; x_wconf 70' lang='lat' dir='ltr'>tm</span> <span class='ocrx_word' id='word_1_292' title='bbox 1218 272 1380 295; x_wconf 70' lang='lat' dir='ltr'>ROMANUM</span> 
     </span>
    </p>
   </div>
   <div class='ocr_carea' id='block_1_8' title="bbox 1209 324 1977 2673">
    <p class='ocr_par' dir='ltr' id='par_1_10' title="bbox 1209 324 1970 1789">
     <span class='ocr_line' id='line_1_58' title="bbox 1209 324 1957 361; baseline -0.003 0"><span class='ocrx_word' id='word_1_293' title='bbox 1209 326 1307 361; x_wconf 88' lang='lat' dir='ltr'>stolus</span> <span class='ocrx_word' id='word_1_294' title='bbox 1342 325 1381 360; x_wconf 90' lang='lat' dir='ltr'>de</span> <span class='ocrx_word' id='word_1_295' title='bbox 1416 325 1474 360; x_wconf 89' lang='lat' dir='ltr'>boc</span> <span class='ocrx_word' id='word_1_296' title='bbox 1496 325 1648 360; x_wconf 83' lang='lat' dir='ltr'>exclamat</span> <span class='ocrx_word' id='word_1_297' title='bbox 1675 324 1713 359; x_wconf 89' lang='lat' dir='ltr'>ad</span> <span class='ocrx_word' id='word_1_298' title='bbox 1735 324 1884 360; x_wconf 79' lang='lat' dir='ltr'>Galatlias</span> <span class='ocrx_word' id='word_1_299' title='bbox 1906 324 1957 359; x_wconf 87' lang='lat' dir='ltr'>di-</span> 
     </span>
     <span class='ocr_line' id='line_1_59' title="bbox 1209 373 1959 421; baseline -0.003 -11"><span class='ocrx_word' id='word_1_300' title='bbox 1209 374 1442 411; x_wconf 78' lang='lat' dir='ltr'>censzUtinam</span> <span class='ocrx_word' id='word_1_301' title='bbox 1466 373 1702 413; x_wconf 82' lang='lat' dir='ltr'>abscindantur,</span> <span class='ocrx_word' id='word_1_302' title='bbox 1725 373 1779 421; x_wconf 87' lang='lat' dir='ltr'>qni</span> <span class='ocrx_word' id='word_1_303' title='bbox 1807 385 1861 408; x_wconf 91' lang='lat' dir='ltr'>vos</span> <span class='ocrx_word' id='word_1_304' title='bbox 1880 385 1959 408; x_wconf 89' lang='lat' dir='ltr'>con-</span> 
     </span>
     <span class='ocr_line' id='line_1_60' title="bbox 1209 422 1958 466; baseline -0.003 -8"><span class='ocrx_word' id='word_1_305' title='bbox 1209 423 1508 463; x_wconf 83' lang='lat' dir='ltr'>turbant;vosenim</span> <span class='ocrx_word' id='word_1_306' title='bbox 1526 423 1554 457; x_wconf 90' lang='lat' dir='ltr'>in</span> <span class='ocrx_word' id='word_1_307' title='bbox 1571 422 1854 457; x_wconf 80' lang='lat' dir='ltr'>libertatemvocati</span> <span class='ocrx_word' id='word_1_308' title='bbox 1872 423 1958 466; x_wconf 81' lang='lat' dir='ltr'>estis,</span> 
     </span>
     <span class='ocr_line' id='line_1_61' title="bbox 1211 471 1959 516; baseline -0.004 -8"><span class='ocrx_word' id='word_1_309' title='bbox 1211 474 1331 516; x_wconf 72' lang='lat' dir='ltr'>fratres,</span> <span class='ocrx_word' id='word_1_310' title='bbox 1359 480 1480 507; x_wconf 90' lang='lat' dir='ltr'>tantum</span> <span class='ocrx_word' id='word_1_311' title='bbox 1506 483 1543 506; x_wconf 87' lang='lat' dir='ltr'>ne</span> <span class='ocrx_word' id='word_1_312' title='bbox 1567 471 1742 506; x_wconf 85' lang='lat' dir='ltr'>libertatem</span> <span class='ocrx_word' id='word_1_313' title='bbox 1767 471 1795 505; x_wconf 90' lang='lat' dir='ltr'>in</span> <span class='ocrx_word' id='word_1_314' title='bbox 1818 471 1959 506; x_wconf 87' lang='lat' dir='ltr'>occasio-</span> 
     </span>
     <span class='ocr_line' id='line_1_62' title="bbox 1211 519 1956 567; baseline -0.003 -11"><span class='ocrx_word' id='word_1_315' title='bbox 1211 535 1280 557; x_wconf 87' lang='lat' dir='ltr'>nem</span> <span class='ocrx_word' id='word_1_316' title='bbox 1309 521 1412 556; x_wconf 88' lang='lat' dir='ltr'>carnis</span> <span class='ocrx_word' id='word_1_317' title='bbox 1449 521 1551 556; x_wconf 83' lang='lat' dir='ltr'>detis?</span> <span class='ocrx_word' id='word_1_318' title='bbox 1583 533 1620 556; x_wconf 79' lang='lat' dir='ltr'>ex</span> <span class='ocrx_word' id='word_1_319' title='bbox 1655 520 1847 567; x_wconf 84' lang='lat' dir='ltr'>vestigioque</span> <span class='ocrx_word' id='word_1_320' title='bbox 1873 519 1956 554; x_wconf 85' lang='lat' dir='ltr'>sub-</span> 
     </span>
     <span class='ocr_line' id='line_1_63' title="bbox 1211 569 1959 618; baseline -0.004 -13"><span class='ocrx_word' id='word_1_321' title='bbox 1211 571 1322 618; x_wconf 86' lang='lat' dir='ltr'>iungit:</span> <span class='ocrx_word' id='word_1_322' title='bbox 1339 570 1461 618; x_wconf 88' lang='lat' dir='ltr'>Spiritu</span> <span class='ocrx_word' id='word_1_323' title='bbox 1485 570 1643 605; x_wconf 85' lang='lat' dir='ltr'>ambulate</span> <span class='ocrx_word' id='word_1_324' title='bbox 1662 576 1693 603; x_wconf 87' lang='lat' dir='ltr'>et</span> <span class='ocrx_word' id='word_1_325' title='bbox 1715 569 1873 605; x_wconf 87' lang='lat' dir='ltr'>desideria</span> <span class='ocrx_word' id='word_1_326' title='bbox 1891 580 1959 604; x_wconf 89' lang='lat' dir='ltr'>car-</span> 
     </span>
     <span class='ocr_line' id='line_1_64' title="bbox 1211 617 1961 666; baseline -0.004 -12"><span class='ocrx_word' id='word_1_327' title='bbox 1211 620 1259 655; x_wconf 85' lang='lat' dir='ltr'>nis</span> <span class='ocrx_word' id='word_1_328' title='bbox 1272 632 1334 654; x_wconf 89' lang='lat' dir='ltr'>non</span> <span class='ocrx_word' id='word_1_329' title='bbox 1351 619 1531 666; x_wconf 79' lang='lat' dir='ltr'>perficietis.</span> <span class='ocrx_word' id='word_1_330' title='bbox 1558 618 1640 654; x_wconf 91' lang='lat' dir='ltr'>Caro</span> <span class='ocrx_word' id='word_1_331' title='bbox 1662 619 1746 653; x_wconf 86' lang='lat' dir='ltr'>enim</span> <span class='ocrx_word' id='word_1_332' title='bbox 1763 617 1961 665; x_wconf 86' lang='lat' dir='ltr'>concupiscit</span> 
     </span>
     <span class='ocr_line' id='line_1_65' title="bbox 1210 667 1961 716; baseline -0.003 -14"><span class='ocrx_word' id='word_1_333' title='bbox 1210 669 1360 703; x_wconf 82' lang='lat' dir='ltr'>adversus</span> <span class='ocrx_word' id='word_1_334' title='bbox 1381 668 1538 716; x_wconf 89' lang='lat' dir='ltr'>spiritum,</span> <span class='ocrx_word' id='word_1_335' title='bbox 1566 668 1696 715; x_wconf 88' lang='lat' dir='ltr'>spiritus</span> <span class='ocrx_word' id='word_1_336' title='bbox 1718 667 1870 702; x_wconf 88' lang='lat' dir='ltr'>adversus</span> <span class='ocrx_word' id='word_1_337' title='bbox 1891 678 1961 701; x_wconf 90' lang='lat' dir='ltr'>car-</span> 
     </span>
     <span class='ocr_line' id='line_1_66' title="bbox 1212 716 1960 754; baseline -0.001 -4"><span class='ocrx_word' id='word_1_338' title='bbox 1212 729 1293 752; x_wconf 88' lang='lat' dir='ltr'>nem.</span> <span class='ocrx_word' id='word_1_339' title='bbox 1318 717 1403 752; x_wconf 85' lang='lat' dir='ltr'>Haec</span> <span class='ocrx_word' id='word_1_340' title='bbox 1417 717 1499 751; x_wconf 89' lang='lat' dir='ltr'>enim</span> <span class='ocrx_word' id='word_1_341' title='bbox 1519 716 1578 752; x_wconf 91' lang='lat' dir='ltr'>sibi</span> <span class='ocrx_word' id='word_1_342' title='bbox 1592 716 1725 752; x_wconf 84' lang='lat' dir='ltr'>invicem</span> <span class='ocrx_word' id='word_1_343' title='bbox 1743 716 1960 754; x_wconf 77' lang='lat' dir='ltr'>adversantur.</span> 
     </span>
     <span class='ocr_line' id='line_1_67' title="bbox 1213 764 1962 812; baseline -0.001 -13"><span class='ocrx_word' id='word_1_344' title='bbox 1213 773 1246 800; x_wconf 88' lang='lat' dir='ltr'>ut</span> <span class='ocrx_word' id='word_1_345' title='bbox 1273 777 1334 800; x_wconf 90' lang='lat' dir='ltr'>uon</span> <span class='ocrx_word' id='word_1_346' title='bbox 1362 777 1583 812; x_wconf 87' lang='lat' dir='ltr'>quaecumque</span> <span class='ocrx_word' id='word_1_347' title='bbox 1611 766 1719 808; x_wconf 81' lang='lat' dir='ltr'>vultis,</span> <span class='ocrx_word' id='word_1_348' title='bbox 1742 765 1791 799; x_wconf 89' lang='lat' dir='ltr'>illa</span> <span class='ocrx_word' id='word_1_349' title='bbox 1820 764 1962 799; x_wconf 78' lang='lat' dir='ltr'>faciatis?</span> 
     </span>
     <span class='ocr_line' id='line_1_68' title="bbox 1213 813 1961 861; baseline -0.003 -13"><span class='ocrx_word' id='word_1_350' title='bbox 1213 826 1318 849; x_wconf 86' lang='lat' dir='ltr'>nonne</span> <span class='ocrx_word' id='word_1_351' title='bbox 1358 814 1430 848; x_wconf 87' lang='lat' dir='ltr'>tuba</span> <span class='ocrx_word' id='word_1_352' title='bbox 1474 814 1652 861; x_wconf 84' lang='lat' dir='ltr'>evangelica</span> <span class='ocrx_word' id='word_1_353' title='bbox 1689 815 1772 848; x_wconf 81' lang='lat' dir='ltr'>fitius</span> <span class='ocrx_word' id='word_1_354' title='bbox 1810 813 1961 853; x_wconf 75' lang='lat' dir='ltr'>tonitrui,</span> 
     </span>
     <span class='ocr_line' id='line_1_69' title="bbox 1211 862 1960 910; baseline -0.001 -14"><span class='ocrx_word' id='word_1_355' title='bbox 1211 863 1264 910; x_wconf 85' lang='lat' dir='ltr'>qui</span> <span class='ocrx_word' id='word_1_356' title='bbox 1289 863 1404 896; x_wconf 84' lang='lat' dir='ltr'>lluenta</span> <span class='ocrx_word' id='word_1_357' title='bbox 1427 862 1602 909; x_wconf 82' lang='lat' dir='ltr'>Evangelii,</span> <span class='ocrx_word' id='word_1_358' title='bbox 1629 863 1770 898; x_wconf 83' lang='lat' dir='ltr'>elevatus</span> <span class='ocrx_word' id='word_1_359' title='bbox 1798 870 1832 897; x_wconf 90' lang='lat' dir='ltr'>ut</span> <span class='ocrx_word' id='word_1_360' title='bbox 1859 862 1960 909; x_wconf 87' lang='lat' dir='ltr'>aquila</span> 
     </span>
     <span class='ocr_line' id='line_1_70' title="bbox 1212 911 1962 958; baseline -0.001 -13"><span class='ocrx_word' id='word_1_361' title='bbox 1212 911 1340 957; x_wconf 82' lang='lat' dir='ltr'>grandis</span> <span class='ocrx_word' id='word_1_362' title='bbox 1366 911 1484 945; x_wconf 88' lang='lat' dir='ltr'>alarum</span> <span class='ocrx_word' id='word_1_363' title='bbox 1513 923 1698 958; x_wconf 81' lang='lat' dir='ltr'>magnarum</span> <span class='ocrx_word' id='word_1_364' title='bbox 1727 912 1817 957; x_wconf 88' lang='lat' dir='ltr'>plena</span> <span class='ocrx_word' id='word_1_365' title='bbox 1847 911 1962 958; x_wconf 90' lang='lat' dir='ltr'>plumis</span> 
     </span>
     <span class='ocr_line' id='line_1_71' title="bbox 1212 959 1962 1007; baseline -0.001 -12"><span class='ocrx_word' id='word_1_366' title='bbox 1212 969 1241 995; x_wconf 89' lang='lat' dir='ltr'>et</span> <span class='ocrx_word' id='word_1_367' title='bbox 1270 960 1430 1000; x_wconf 82' lang='lat' dir='ltr'>varietate,</span> <span class='ocrx_word' id='word_1_368' title='bbox 1458 959 1497 994; x_wconf 87' lang='lat' dir='ltr'>de</span> <span class='ocrx_word' id='word_1_369' title='bbox 1524 960 1593 1007; x_wconf 90' lang='lat' dir='ltr'>ipso</span> <span class='ocrx_word' id='word_1_370' title='bbox 1614 960 1693 994; x_wconf 83' lang='lat' dir='ltr'>sacri</span> <span class='ocrx_word' id='word_1_371' title='bbox 1720 959 1876 995; x_wconf 89' lang='lat' dir='ltr'>Dominici</span> <span class='ocrx_word' id='word_1_372' title='bbox 1907 971 1962 1006; x_wconf 89' lang='lat' dir='ltr'>pe-</span> 
     </span>
     <span class='ocr_line' id='line_1_72' title="bbox 1213 1008 1960 1055; baseline -0.001 -12"><span class='ocrx_word' id='word_1_373' title='bbox 1213 1009 1308 1043; x_wconf 83' lang='lat' dir='ltr'>ctoris</span> <span class='ocrx_word' id='word_1_374' title='bbox 1344 1008 1428 1043; x_wconf 81' lang='lat' dir='ltr'>sonte</span> <span class='ocrx_word' id='word_1_375' title='bbox 1449 1009 1575 1054; x_wconf 78' lang='lat' dir='ltr'>potavit,</span> <span class='ocrx_word' id='word_1_376' title='bbox 1603 1009 1642 1043; x_wconf 90' lang='lat' dir='ltr'>de</span> <span class='ocrx_word' id='word_1_377' title='bbox 1671 1008 1850 1043; x_wconf 85' lang='lat' dir='ltr'>huiusmodi</span> <span class='ocrx_word' id='word_1_378' title='bbox 1879 1008 1960 1055; x_wconf 90' lang='lat' dir='ltr'>apud</span> 
     </span>
     <span class='ocr_line' id='line_1_73' title="bbox 1214 1056 1963 1105; baseline -0.001 -13"><span class='ocrx_word' id='word_1_379' title='bbox 1214 1070 1271 1092; x_wconf 91' lang='lat' dir='ltr'>nos</span> <span class='ocrx_word' id='word_1_380' title='bbox 1306 1057 1468 1092; x_wconf 86' lang='lat' dir='ltr'>erroribus</span> <span class='ocrx_word' id='word_1_381' title='bbox 1503 1057 1634 1095; x_wconf 77' lang='lat' dir='ltr'>futuris,</span> <span class='ocrx_word' id='word_1_382' title='bbox 1656 1056 1733 1105; x_wconf 84' lang='lat' dir='ltr'>proh</span> <span class='ocrx_word' id='word_1_383' title='bbox 1763 1056 1863 1097; x_wconf 79' lang='lat' dir='ltr'>dolor,</span> <span class='ocrx_word' id='word_1_384' title='bbox 1898 1064 1963 1091; x_wconf 87' lang='lat' dir='ltr'>tan-</span> 
     </span>
     <span class='ocr_line' id='line_1_74' title="bbox 1213 1105 1962 1154; baseline -0.003 -13"><span class='ocrx_word' id='word_1_385' title='bbox 1213 1119 1306 1154; x_wconf 87' lang='lat' dir='ltr'>quam</span> <span class='ocrx_word' id='word_1_386' title='bbox 1335 1106 1373 1140; x_wconf 87' lang='lat' dir='ltr'>de</span> <span class='ocrx_word' id='word_1_387' title='bbox 1397 1106 1457 1141; x_wconf 88' lang='lat' dir='ltr'>iam</span> <span class='ocrx_word' id='word_1_388' title='bbox 1490 1106 1579 1140; x_wconf 85' lang='lat' dir='ltr'>l&#39;actis</span> <span class='ocrx_word' id='word_1_389' title='bbox 1607 1106 1636 1140; x_wconf 90' lang='lat' dir='ltr'>in</span> <span class='ocrx_word' id='word_1_390' title='bbox 1660 1105 1810 1141; x_wconf 88' lang='lat' dir='ltr'>canonica</span> <span class='ocrx_word' id='word_1_391' title='bbox 1832 1117 1887 1140; x_wconf 91' lang='lat' dir='ltr'>sua</span> <span class='ocrx_word' id='word_1_392' title='bbox 1909 1105 1962 1140; x_wconf 89' lang='lat' dir='ltr'>lo—</span> 
     </span>
     <span class='ocr_line' id='line_1_75' title="bbox 1213 1154 1961 1203; baseline -0.001 -14"><span class='ocrx_word' id='word_1_393' title='bbox 1213 1156 1319 1203; x_wconf 86' lang='lat' dir='ltr'>quitur</span> <span class='ocrx_word' id='word_1_394' title='bbox 1346 1156 1512 1190; x_wconf 80' lang='lat' dir='ltr'>manifeste</span> <span class='ocrx_word' id='word_1_395' title='bbox 1532 1155 1651 1190; x_wconf 86' lang='lat' dir='ltr'>dicens:</span> <span class='ocrx_word' id='word_1_396' title='bbox 1678 1154 1740 1197; x_wconf 87' lang='lat' dir='ltr'>Qui</span> <span class='ocrx_word' id='word_1_397' title='bbox 1761 1154 1853 1189; x_wconf 88' lang='lat' dir='ltr'>babet</span> <span class='ocrx_word' id='word_1_398' title='bbox 1875 1165 1961 1200; x_wconf 87' lang='lat' dir='ltr'>spem</span> 
     </span>
     <span class='ocr_line' id='line_1_76' title="bbox 1215 1203 1964 1250; baseline -0.001 -11"><span class='ocrx_word' id='word_1_399' title='bbox 1215 1206 1244 1239; x_wconf 89' lang='lat' dir='ltr'>in</span> <span class='ocrx_word' id='word_1_400' title='bbox 1273 1205 1342 1239; x_wconf 89' lang='lat' dir='ltr'>Deo</span> <span class='ocrx_word' id='word_1_401' title='bbox 1364 1203 1539 1239; x_wconf 80' lang='lat' dir='ltr'>sanctificet</span> <span class='ocrx_word' id='word_1_402' title='bbox 1565 1217 1618 1244; x_wconf 87' lang='lat' dir='ltr'>se,</span> <span class='ocrx_word' id='word_1_403' title='bbox 1641 1204 1725 1239; x_wconf 89' lang='lat' dir='ltr'>sicut</span> <span class='ocrx_word' id='word_1_404' title='bbox 1749 1204 1814 1250; x_wconf 86' lang='lat' dir='ltr'>ipse</span> <span class='ocrx_word' id='word_1_405' title='bbox 1836 1209 1964 1238; x_wconf 87' lang='lat' dir='ltr'>sanctus</span> 
     </span>
     <span class='ocr_line' id='line_1_77' title="bbox 1215 1252 1966 1300; baseline -0.001 -13"><span class='ocrx_word' id='word_1_406' title='bbox 1215 1261 1272 1294; x_wconf 74' lang='lat' dir='ltr'>est3</span> <span class='ocrx_word' id='word_1_407' title='bbox 1300 1253 1417 1297; x_wconf 76' lang='lat' dir='ltr'>omnis,</span> <span class='ocrx_word' id='word_1_408' title='bbox 1443 1253 1496 1300; x_wconf 90' lang='lat' dir='ltr'>qui</span> <span class='ocrx_word' id='word_1_409' title='bbox 1519 1253 1592 1288; x_wconf 80' lang='lat' dir='ltr'>facit</span> <span class='ocrx_word' id='word_1_410' title='bbox 1615 1260 1792 1300; x_wconf 85' lang='lat' dir='ltr'>peccatum,</span> <span class='ocrx_word' id='word_1_411' title='bbox 1815 1252 1966 1298; x_wconf 81' lang='lat' dir='ltr'>iniquita-</span> 
     </span>
     <span class='ocr_line' id='line_1_78' title="bbox 1215 1301 1964 1349; baseline -0.003 -13"><span class='ocrx_word' id='word_1_412' title='bbox 1215 1311 1276 1336; x_wconf 89' lang='lat' dir='ltr'>tem</span> <span class='ocrx_word' id='word_1_413' title='bbox 1301 1302 1387 1342; x_wconf 77' lang='lat' dir='ltr'>facit,</span> <span class='ocrx_word' id='word_1_414' title='bbox 1412 1311 1575 1349; x_wconf 87' lang='lat' dir='ltr'>peccatum</span> <span class='ocrx_word' id='word_1_415' title='bbox 1608 1302 1693 1336; x_wconf 90' lang='lat' dir='ltr'>enim</span> <span class='ocrx_word' id='word_1_416' title='bbox 1717 1309 1765 1336; x_wconf 90' lang='lat' dir='ltr'>est</span> <span class='ocrx_word' id='word_1_417' title='bbox 1797 1301 1964 1348; x_wconf 89' lang='lat' dir='ltr'>iniquitas:</span> 
     </span>
     <span class='ocr_line' id='line_1_79' title="bbox 1215 1350 1965 1398; baseline -0.001 -13"><span class='ocrx_word' id='word_1_418' title='bbox 1215 1351 1303 1386; x_wconf 90' lang='lat' dir='ltr'>scitis</span> <span class='ocrx_word' id='word_1_419' title='bbox 1321 1358 1425 1385; x_wconf 89' lang='lat' dir='ltr'>autem</span> <span class='ocrx_word' id='word_1_420' title='bbox 1448 1351 1532 1398; x_wconf 90' lang='lat' dir='ltr'>quod</span> <span class='ocrx_word' id='word_1_421' title='bbox 1555 1351 1644 1385; x_wconf 88' lang='lat' dir='ltr'>Deus</span> <span class='ocrx_word' id='word_1_422' title='bbox 1665 1350 1822 1397; x_wconf 88' lang='lat' dir='ltr'>apparuit,</span> <span class='ocrx_word' id='word_1_423' title='bbox 1846 1358 1880 1384; x_wconf 86' lang='lat' dir='ltr'>ut</span> <span class='ocrx_word' id='word_1_424' title='bbox 1899 1362 1965 1397; x_wconf 88' lang='lat' dir='ltr'>pec-</span> 
     </span>
     <span class='ocr_line' id='line_1_80' title="bbox 1216 1399 1965 1447; baseline -0.004 -13"><span class='ocrx_word' id='word_1_425' title='bbox 1216 1408 1282 1434; x_wconf 84' lang='lat' dir='ltr'>cata</span> <span class='ocrx_word' id='word_1_426' title='bbox 1312 1399 1434 1434; x_wconf 81' lang='lat' dir='ltr'>tolleret</span> <span class='ocrx_word' id='word_1_427' title='bbox 1461 1408 1492 1434; x_wconf 81' lang='lat' dir='ltr'>et</span> <span class='ocrx_word' id='word_1_428' title='bbox 1516 1407 1676 1447; x_wconf 85' lang='lat' dir='ltr'>peccatum</span> <span class='ocrx_word' id='word_1_429' title='bbox 1708 1400 1738 1433; x_wconf 91' lang='lat' dir='ltr'>in</span> <span class='ocrx_word' id='word_1_430' title='bbox 1761 1411 1799 1434; x_wconf 89' lang='lat' dir='ltr'>eo</span> <span class='ocrx_word' id='word_1_431' title='bbox 1822 1410 1884 1433; x_wconf 88' lang='lat' dir='ltr'>non</span> <span class='ocrx_word' id='word_1_432' title='bbox 1907 1405 1965 1433; x_wconf 86' lang='lat' dir='ltr'>est:</span> 
     </span>
     <span class='ocr_line' id='line_1_81' title="bbox 1216 1448 1968 1496; baseline -0.003 -13"><span class='ocrx_word' id='word_1_433' title='bbox 1216 1449 1321 1483; x_wconf 91' lang='lat' dir='ltr'>omnis</span> <span class='ocrx_word' id='word_1_434' title='bbox 1349 1448 1453 1495; x_wconf 81' lang='lat' dir='ltr'>igitur,</span> <span class='ocrx_word' id='word_1_435' title='bbox 1480 1449 1533 1496; x_wconf 91' lang='lat' dir='ltr'>qui</span> <span class='ocrx_word' id='word_1_436' title='bbox 1558 1449 1587 1483; x_wconf 91' lang='lat' dir='ltr'>in</span> <span class='ocrx_word' id='word_1_437' title='bbox 1615 1460 1652 1483; x_wconf 88' lang='lat' dir='ltr'>eo</span> <span class='ocrx_word' id='word_1_438' title='bbox 1675 1455 1779 1483; x_wconf 89' lang='lat' dir='ltr'>manet</span> <span class='ocrx_word' id='word_1_439' title='bbox 1806 1459 1868 1482; x_wconf 92' lang='lat' dir='ltr'>non</span> <span class='ocrx_word' id='word_1_440' title='bbox 1893 1459 1968 1494; x_wconf 87' lang='lat' dir='ltr'>pec·</span> 
     </span>
     <span class='ocr_line' id='line_1_82' title="bbox 1216 1496 1966 1545; baseline -0.003 -13"><span class='ocrx_word' id='word_1_441' title='bbox 1216 1506 1276 1542; x_wconf 82' lang='lat' dir='ltr'>cat,</span> <span class='ocrx_word' id='word_1_442' title='bbox 1299 1505 1329 1532; x_wconf 86' lang='lat' dir='ltr'>et</span> <span class='ocrx_word' id='word_1_443' title='bbox 1357 1497 1460 1532; x_wconf 89' lang='lat' dir='ltr'>omnis</span> <span class='ocrx_word' id='word_1_444' title='bbox 1482 1498 1535 1545; x_wconf 93' lang='lat' dir='ltr'>qui</span> <span class='ocrx_word' id='word_1_445' title='bbox 1566 1504 1675 1544; x_wconf 88' lang='lat' dir='ltr'>peccat</span> <span class='ocrx_word' id='word_1_446' title='bbox 1697 1509 1759 1532; x_wconf 92' lang='lat' dir='ltr'>non</span> <span class='ocrx_word' id='word_1_447' title='bbox 1785 1496 1865 1531; x_wconf 89' lang='lat' dir='ltr'>videt</span> <span class='ocrx_word' id='word_1_448' title='bbox 1892 1508 1966 1530; x_wconf 87' lang='lat' dir='ltr'>eum</span> 
     </span>
     <span class='ocr_line' id='line_1_83' title="bbox 1218 1544 1967 1594; baseline -0.003 -14"><span class='ocrx_word' id='word_1_449' title='bbox 1218 1558 1275 1581; x_wconf 87' lang='lat' dir='ltr'>nec</span> <span class='ocrx_word' id='word_1_450' title='bbox 1308 1547 1471 1593; x_wconf 84' lang='lat' dir='ltr'>cognoscit</span> <span class='ocrx_word' id='word_1_451' title='bbox 1498 1559 1589 1581; x_wconf 84' lang='lat' dir='ltr'>eum:</span> <span class='ocrx_word' id='word_1_452' title='bbox 1626 1547 1678 1594; x_wconf 93' lang='lat' dir='ltr'>qui</span> <span class='ocrx_word' id='word_1_453' title='bbox 1714 1545 1784 1580; x_wconf 82' lang='lat' dir='ltr'>l&#39;acit</span> <span class='ocrx_word' id='word_1_454' title='bbox 1818 1544 1967 1579; x_wconf 88' lang='lat' dir='ltr'>iustitiam</span> 
     </span>
     <span class='ocr_line' id='line_1_84' title="bbox 1218 1593 1968 1643; baseline -0.003 -14"><span class='ocrx_word' id='word_1_455' title='bbox 1218 1595 1319 1630; x_wconf 90' lang='lat' dir='ltr'>iustus</span> <span class='ocrx_word' id='word_1_456' title='bbox 1340 1604 1404 1636; x_wconf 86' lang='lat' dir='ltr'>est;</span> <span class='ocrx_word' id='word_1_457' title='bbox 1432 1595 1484 1643; x_wconf 88' lang='lat' dir='ltr'>qui</span> <span class='ocrx_word' id='word_1_458' title='bbox 1509 1595 1580 1630; x_wconf 85' lang='lat' dir='ltr'>facit</span> <span class='ocrx_word' id='word_1_459' title='bbox 1603 1603 1765 1642; x_wconf 89' lang='lat' dir='ltr'>peccatum</span> <span class='ocrx_word' id='word_1_460' title='bbox 1781 1606 1820 1629; x_wconf 87' lang='lat' dir='ltr'>ex</span> <span class='ocrx_word' id='word_1_461' title='bbox 1842 1593 1968 1629; x_wconf 90' lang='lat' dir='ltr'>diabolo</span> 
     </span>
     <span class='ocr_line' id='line_1_85' title="bbox 1217 1643 1967 1692; baseline -0.001 -14"><span class='ocrx_word' id='word_1_462' title='bbox 1217 1652 1283 1685; x_wconf 86' lang='lat' dir='ltr'>est,</span> <span class='ocrx_word' id='word_1_463' title='bbox 1317 1644 1445 1692; x_wconf 90' lang='lat' dir='ltr'>quando</span> <span class='ocrx_word' id='word_1_464' title='bbox 1480 1645 1520 1679; x_wconf 86' lang='lat' dir='ltr'>ab</span> <span class='ocrx_word' id='word_1_465' title='bbox 1552 1644 1640 1679; x_wconf 90' lang='lat' dir='ltr'>initio</span> <span class='ocrx_word' id='word_1_466' title='bbox 1668 1643 1813 1678; x_wconf 91' lang='lat' dir='ltr'>diabolus</span> <span class='ocrx_word' id='word_1_467' title='bbox 1840 1650 1967 1689; x_wconf 88' lang='lat' dir='ltr'>peccat;</span> 
     </span>
     <span class='ocr_line' id='line_1_86' title="bbox 1218 1690 1970 1740; baseline -0.003 -13"><span class='ocrx_word' id='word_1_468' title='bbox 1218 1694 1364 1740; x_wconf 89' lang='lat' dir='ltr'>apparuit</span> <span class='ocrx_word' id='word_1_469' title='bbox 1399 1701 1502 1728; x_wconf 87' lang='lat' dir='ltr'>autem</span> <span class='ocrx_word' id='word_1_470' title='bbox 1531 1693 1561 1728; x_wconf 93' lang='lat' dir='ltr'>in</span> <span class='ocrx_word' id='word_1_471' title='bbox 1590 1693 1650 1728; x_wconf 86' lang='lat' dir='ltr'>hoc</span> <span class='ocrx_word' id='word_1_472' title='bbox 1684 1692 1788 1727; x_wconf 90' lang='lat' dir='ltr'>Filius</span> <span class='ocrx_word' id='word_1_473' title='bbox 1823 1690 1900 1730; x_wconf 86' lang='lat' dir='ltr'>Dei,</span> <span class='ocrx_word' id='word_1_474' title='bbox 1938 1699 1970 1726; x_wconf 91' lang='lat' dir='ltr'>ut</span> 
     </span>
     <span class='ocr_line' id='line_1_87' title="bbox 1218 1741 1650 1789; baseline -0.002 -13"><span class='ocrx_word' id='word_1_475' title='bbox 1218 1754 1312 1789; x_wconf 90' lang='lat' dir='ltr'>opera</span> <span class='ocrx_word' id='word_1_476' title='bbox 1336 1741 1454 1777; x_wconf 91' lang='lat' dir='ltr'>diaboli</span> <span class='ocrx_word' id='word_1_477' title='bbox 1477 1741 1650 1777; x_wconf 78' lang='lat' dir='ltr'>dissolvat?</span> 
     </span>
    </p>

    <p class='ocr_par' dir='ltr' id='par_1_11' title="bbox 1219 1788 1977 2673">
     <span class='ocr_line' id='line_1_88' title="bbox 1267 1788 1968 1838; baseline -0.001 -14"><span class='ocrx_word' id='word_1_478' title='bbox 1267 1791 1287 1837; x_wconf 65' lang='lat' dir='ltr'>g</span> <span class='ocrx_word' id='word_1_479' title='bbox 1311 1793 1341 1825; x_wconf 76' lang='lat'>4.</span> <span class='ocrx_word' id='word_1_480' title='bbox 1365 1790 1478 1826; x_wconf 88' lang='lat' dir='ltr'>Nonne</span> <span class='ocrx_word' id='word_1_481' title='bbox 1505 1791 1591 1826; x_wconf 86' lang='lat' dir='ltr'>hunc</span> <span class='ocrx_word' id='word_1_482' title='bbox 1619 1791 1723 1838; x_wconf 88' lang='lat' dir='ltr'>ipsum</span> <span class='ocrx_word' id='word_1_483' title='bbox 1750 1788 1968 1837; x_wconf 87' lang='lat' dir='ltr'>spernendum</span> 
     </span>
     <span class='ocr_line' id='line_1_89' title="bbox 1219 1839 1970 1880; baseline -0.003 -6"><span class='ocrx_word' id='word_1_484' title='bbox 1219 1852 1356 1874; x_wconf 86' lang='lat' dir='ltr'>errorem</span> <span class='ocrx_word' id='word_1_485' title='bbox 1390 1848 1420 1874; x_wconf 90' lang='lat' dir='ltr'>et</span> <span class='ocrx_word' id='word_1_486' title='bbox 1449 1839 1708 1880; x_wconf 89' lang='lat' dir='ltr'>abominandum,</span> <span class='ocrx_word' id='word_1_487' title='bbox 1746 1839 1843 1874; x_wconf 91' lang='lat' dir='ltr'>immo</span> <span class='ocrx_word' id='word_1_488' title='bbox 1882 1850 1970 1873; x_wconf 88' lang='lat' dir='ltr'>vesa-</span> 
     </span>
     <span class='ocr_line' id='line_1_90' title="bbox 1221 1887 1972 1924; baseline -0.003 -1"><span class='ocrx_word' id='word_1_489' title='bbox 1221 1890 1304 1924; x_wconf 87' lang='lat' dir='ltr'>niam</span> <span class='ocrx_word' id='word_1_490' title='bbox 1327 1888 1421 1924; x_wconf 89' lang='lat' dir='ltr'>Iudas</span> <span class='ocrx_word' id='word_1_491' title='bbox 1446 1889 1541 1924; x_wconf 85' lang='lat' dir='ltr'>frater</span> <span class='ocrx_word' id='word_1_492' title='bbox 1561 1889 1663 1924; x_wconf 87' lang='lat' dir='ltr'>Iacobi</span> <span class='ocrx_word' id='word_1_493' title='bbox 1687 1888 1717 1922; x_wconf 92' lang='lat' dir='ltr'>in</span> <span class='ocrx_word' id='word_1_494' title='bbox 1741 1900 1796 1923; x_wconf 88' lang='lat' dir='ltr'>sua</span> <span class='ocrx_word' id='word_1_495' title='bbox 1818 1887 1972 1923; x_wconf 89' lang='lat' dir='ltr'>canonica</span> 
     </span>
     <span class='ocr_line' id='line_1_91' title="bbox 1220 1936 1973 1986; baseline -0.001 -13"><span class='ocrx_word' id='word_1_496' title='bbox 1220 1950 1363 1986; x_wconf 85' lang='lat' dir='ltr'>espresse</span> <span class='ocrx_word' id='word_1_497' title='bbox 1397 1938 1543 1985; x_wconf 82' lang='lat' dir='ltr'>designat</span> <span class='ocrx_word' id='word_1_498' title='bbox 1571 1950 1703 1986; x_wconf 89' lang='lat' dir='ltr'>ponens,</span> <span class='ocrx_word' id='word_1_499' title='bbox 1731 1949 1818 1972; x_wconf 87' lang='lat' dir='ltr'>more</span> <span class='ocrx_word' id='word_1_500' title='bbox 1835 1936 1973 1984; x_wconf 86' lang='lat' dir='ltr'>prophe-</span> 
     </span>
     <span class='ocr_line' id='line_1_92' title="bbox 1221 1985 1972 2036; baseline -0.005 -14"><span class='ocrx_word' id='word_1_501' title='bbox 1221 1988 1294 2032; x_wconf 79' lang='lat' dir='ltr'>tico,</span> <span class='ocrx_word' id='word_1_502' title='bbox 1318 1988 1419 2023; x_wconf 84' lang='lat' dir='ltr'>futura</span> <span class='ocrx_word' id='word_1_503' title='bbox 1447 1996 1594 2036; x_wconf 84' lang='lat' dir='ltr'>tanquam</span> <span class='ocrx_word' id='word_1_504' title='bbox 1632 1987 1815 2035; x_wconf 85' lang='lat' dir='ltr'>praeterita:</span> <span class='ocrx_word' id='word_1_505' title='bbox 1845 1985 1972 2021; x_wconf 90' lang='lat' dir='ltr'>dicens:</span> 
     </span>
     <span class='ocr_line' id='line_1_93' title="bbox 1221 2034 1971 2083; baseline -0.004 -11"><span class='ocrx_word' id='word_1_506' title='bbox 1221 2037 1481 2072; x_wconf 80' lang='lat' dir='ltr'>Subintroierunt</span> <span class='ocrx_word' id='word_1_507' title='bbox 1507 2036 1653 2072; x_wconf 84' lang='lat' dir='ltr'>homines</span> <span class='ocrx_word' id='word_1_508' title='bbox 1680 2036 1768 2083; x_wconf 89' lang='lat' dir='ltr'>impii</span> <span class='ocrx_word' id='word_1_509' title='bbox 1810 2035 1873 2083; x_wconf 90' lang='lat' dir='ltr'>(qui</span> <span class='ocrx_word' id='word_1_510' title='bbox 1897 2034 1971 2069; x_wconf 88' lang='lat' dir='ltr'>olim</span> 
     </span>
     <span class='ocr_line' id='line_1_94' title="bbox 1222 2083 1971 2134; baseline -0.004 -13"><span class='ocrx_word' id='word_1_511' title='bbox 1222 2087 1404 2134; x_wconf 86' lang='lat' dir='ltr'>praescripti</span> <span class='ocrx_word' id='word_1_512' title='bbox 1449 2095 1523 2122; x_wconf 89' lang='lat' dir='ltr'>sunt</span> <span class='ocrx_word' id='word_1_513' title='bbox 1559 2088 1589 2120; x_wconf 89' lang='lat' dir='ltr'>in</span> <span class='ocrx_word' id='word_1_514' title='bbox 1626 2086 1685 2121; x_wconf 86' lang='lat' dir='ltr'>boc</span> <span class='ocrx_word' id='word_1_515' title='bbox 1723 2084 1890 2127; x_wconf 89' lang='lat' dir='ltr'>iudicium)</span> <span class='ocrx_word' id='word_1_516' title='bbox 1912 2083 1971 2119; x_wconf 88' lang='lat' dir='ltr'>Dei</span> 
     </span>
     <span class='ocr_line' id='line_1_95' title="bbox 1223 2133 1971 2182; baseline -0.003 -13"><span class='ocrx_word' id='word_1_517' title='bbox 1223 2136 1319 2171; x_wconf 85' lang='lat' dir='ltr'>nostri</span> <span class='ocrx_word' id='word_1_518' title='bbox 1354 2135 1484 2182; x_wconf 80' lang='lat' dir='ltr'>gratiam</span> <span class='ocrx_word' id='word_1_519' title='bbox 1507 2135 1729 2170; x_wconf 83' lang='lat' dir='ltr'>transferentes</span> <span class='ocrx_word' id='word_1_520' title='bbox 1752 2134 1782 2168; x_wconf 90' lang='lat' dir='ltr'>in</span> <span class='ocrx_word' id='word_1_521' title='bbox 1799 2133 1971 2173; x_wconf 85' lang='lat' dir='ltr'>luxuriam;</span> 
     </span>
     <span class='ocr_line' id='line_1_96' title="bbox 1221 2181 1975 2231; baseline -0.004 -12"><span class='ocrx_word' id='word_1_522' title='bbox 1221 2185 1389 2231; x_wconf 88' lang='lat' dir='ltr'>statimque</span> <span class='ocrx_word' id='word_1_523' title='bbox 1400 2184 1579 2231; x_wconf 83' lang='lat' dir='ltr'>subiungit:</span> <span class='ocrx_word' id='word_1_524' title='bbox 1603 2183 1692 2219; x_wconf 91' lang='lat' dir='ltr'>Sicut</span> <span class='ocrx_word' id='word_1_525' title='bbox 1710 2183 1848 2219; x_wconf 88' lang='lat' dir='ltr'>Sodoma</span> <span class='ocrx_word' id='word_1_526' title='bbox 1864 2189 1896 2217; x_wconf 88' lang='lat' dir='ltr'>et</span> <span class='ocrx_word' id='word_1_527' title='bbox 1910 2181 1975 2216; x_wconf 89' lang='lat' dir='ltr'>Go-</span> 
     </span>
     <span class='ocr_line' id='line_1_97' title="bbox 1222 2231 1973 2274; baseline -0.004 -6"><span class='ocrx_word' id='word_1_528' title='bbox 1222 2246 1335 2274; x_wconf 85' lang='lat' dir='ltr'>morra,</span> <span class='ocrx_word' id='word_1_529' title='bbox 1346 2241 1376 2268; x_wconf 87' lang='lat' dir='ltr'>et</span> <span class='ocrx_word' id='word_1_530' title='bbox 1388 2233 1537 2268; x_wconf 85' lang='lat' dir='ltr'>finitimae</span> <span class='ocrx_word' id='word_1_531' title='bbox 1552 2233 1693 2268; x_wconf 86' lang='lat' dir='ltr'>civitates</span> <span class='ocrx_word' id='word_1_532' title='bbox 1704 2232 1797 2267; x_wconf 90' lang='lat' dir='ltr'>simili</span> <span class='ocrx_word' id='word_1_533' title='bbox 1812 2231 1973 2266; x_wconf 83' lang='lat' dir='ltr'>modoex-</span> 
     </span>
     <span class='ocr_line' id='line_1_98' title="bbox 1222 2279 1974 2329; baseline -0.004 -13"><span class='ocrx_word' id='word_1_534' title='bbox 1222 2282 1405 2326; x_wconf 79' lang='lat' dir='ltr'>fornicatae,</span> <span class='ocrx_word' id='word_1_535' title='bbox 1431 2291 1461 2317; x_wconf 87' lang='lat' dir='ltr'>et</span> <span class='ocrx_word' id='word_1_536' title='bbox 1492 2282 1647 2317; x_wconf 87' lang='lat' dir='ltr'>abeuntes</span> <span class='ocrx_word' id='word_1_537' title='bbox 1672 2290 1742 2329; x_wconf 85' lang='lat' dir='ltr'>post</span> <span class='ocrx_word' id='word_1_538' title='bbox 1773 2292 1899 2317; x_wconf 87' lang='lat' dir='ltr'>carnem</span> <span class='ocrx_word' id='word_1_539' title='bbox 1927 2279 1974 2314; x_wconf 88' lang='lat' dir='ltr'>al-</span> 
     </span>
     <span class='ocr_line' id='line_1_99' title="bbox 1223 2329 1972 2378; baseline -0.004 -13"><span class='ocrx_word' id='word_1_540' title='bbox 1223 2331 1440 2376; x_wconf 78' lang='lat' dir='ltr'>teram,l&#39;actae</span> <span class='ocrx_word' id='word_1_541' title='bbox 1451 2340 1523 2366; x_wconf 90' lang='lat' dir='ltr'>sunt</span> <span class='ocrx_word' id='word_1_542' title='bbox 1545 2331 1739 2378; x_wconf 79' lang='lat' dir='ltr'>exemplum,</span> <span class='ocrx_word' id='word_1_543' title='bbox 1755 2330 1834 2377; x_wconf 80' lang='lat' dir='ltr'>ignis</span> <span class='ocrx_word' id='word_1_544' title='bbox 1855 2329 1972 2364; x_wconf 88' lang='lat' dir='ltr'>aeterni</span> 
     </span>
     <span class='ocr_line' id='line_1_100' title="bbox 1224 2378 1973 2427; baseline -0.005 -12"><span class='ocrx_word' id='word_1_545' title='bbox 1224 2393 1356 2427; x_wconf 86' lang='lat' dir='ltr'>poenam</span> <span class='ocrx_word' id='word_1_546' title='bbox 1396 2380 1599 2422; x_wconf 77' lang='lat' dir='ltr'>sustinentes3</span> <span class='ocrx_word' id='word_1_547' title='bbox 1635 2380 1779 2414; x_wconf 88' lang='lat' dir='ltr'>similiter</span> <span class='ocrx_word' id='word_1_548' title='bbox 1815 2379 1884 2418; x_wconf 85' lang='lat' dir='ltr'>isti,</span> <span class='ocrx_word' id='word_1_549' title='bbox 1919 2378 1973 2424; x_wconf 88' lang='lat' dir='ltr'>qui</span> 
     </span>
     <span class='ocr_line' id='line_1_101' title="bbox 1223 2427 1973 2476; baseline -0.005 -12"><span class='ocrx_word' id='word_1_550' title='bbox 1223 2442 1349 2465; x_wconf 86' lang='lat' dir='ltr'>carnem</span> <span class='ocrx_word' id='word_1_551' title='bbox 1377 2429 1504 2476; x_wconf 84' lang='lat' dir='ltr'>quidem</span> <span class='ocrx_word' id='word_1_552' title='bbox 1529 2429 1704 2469; x_wconf 76' lang='lat' dir='ltr'>maculant,</span> <span class='ocrx_word' id='word_1_553' title='bbox 1727 2427 1973 2463; x_wconf 85' lang='lat' dir='ltr'>dominationem</span> 
     </span>
     <span class='ocr_line' id='line_1_102' title="bbox 1224 2477 1975 2526; baseline -0.004 -14"><span class='ocrx_word' id='word_1_554' title='bbox 1224 2488 1396 2526; x_wconf 78' lang='lat' dir='ltr'>spernunt⁷</span> <span class='ocrx_word' id='word_1_555' title='bbox 1437 2480 1629 2514; x_wconf 86' lang='lat' dir='ltr'>maiestatem</span> <span class='ocrx_word' id='word_1_556' title='bbox 1670 2477 1905 2524; x_wconf 89' lang='lat' dir='ltr'>blaspbemant;</span> <span class='ocrx_word' id='word_1_557' title='bbox 1945 2484 1975 2510; x_wconf 88' lang='lat' dir='ltr'>et</span> 
     </span>
     <span class='ocr_line' id='line_1_103' title="bbox 1225 2525 1975 2574; baseline -0.004 -12"><span class='ocrx_word' id='word_1_558' title='bbox 1225 2528 1317 2562; x_wconf 80' lang='lat' dir='ltr'>infra:</span> <span class='ocrx_word' id='word_1_559' title='bbox 1343 2528 1408 2562; x_wconf 85' lang='lat' dir='ltr'>Vae</span> <span class='ocrx_word' id='word_1_560' title='bbox 1431 2528 1502 2568; x_wconf 83' lang='lat' dir='ltr'>illis,</span> <span class='ocrx_word' id='word_1_561' title='bbox 1519 2528 1572 2574; x_wconf 92' lang='lat' dir='ltr'>qui</span> <span class='ocrx_word' id='word_1_562' title='bbox 1591 2528 1619 2561; x_wconf 90' lang='lat' dir='ltr'>in</span> <span class='ocrx_word' id='word_1_563' title='bbox 1635 2527 1682 2561; x_wconf 87' lang='lat' dir='ltr'>via</span> <span class='ocrx_word' id='word_1_564' title='bbox 1703 2526 1803 2561; x_wconf 85' lang='lat' dir='ltr'>Cbain</span> <span class='ocrx_word' id='word_1_565' title='bbox 1820 2525 1975 2568; x_wconf 86' lang='lat' dir='ltr'>abierunt,</span> 
     </span>
     <span class='ocr_line' id='line_1_104' title="bbox 1225 2575 1977 2613; baseline -0.004 -2"><span class='ocrx_word' id='word_1_566' title='bbox 1225 2589 1329 2612; x_wconf 87' lang='lat' dir='ltr'>errore</span> <span class='ocrx_word' id='word_1_567' title='bbox 1351 2576 1477 2612; x_wconf 88' lang='lat' dir='ltr'>Balaam</span> <span class='ocrx_word' id='word_1_568' title='bbox 1501 2576 1647 2612; x_wconf 86' lang='lat' dir='ltr'>mercede</span> <span class='ocrx_word' id='word_1_569' title='bbox 1668 2575 1756 2611; x_wconf 77' lang='lat' dir='ltr'>effusi</span> <span class='ocrx_word' id='word_1_570' title='bbox 1779 2583 1872 2613; x_wconf 71' lang='lat' dir='ltr'>sunt,</span> <span class='ocrx_word' id='word_1_571' title='bbox 1898 2586 1977 2609; x_wconf 92' lang='lat' dir='ltr'>con-</span> 
     </span>
     <span class='ocr_line' id='line_1_105' title="bbox 1226 2623 1975 2673; baseline -0.004 -13"><span class='ocrx_word' id='word_1_572' title='bbox 1226 2626 1408 2661; x_wconf 83' lang='lat' dir='ltr'>tradictione</span> <span class='ocrx_word' id='word_1_573' title='bbox 1429 2626 1511 2660; x_wconf 88' lang='lat' dir='ltr'>Core</span> <span class='ocrx_word' id='word_1_574' title='bbox 1534 2626 1706 2673; x_wconf 85' lang='lat' dir='ltr'>perierunt.</span> <span class='ocrx_word' id='word_1_575' title='bbox 1730 2624 1752 2658; x_wconf 90' lang='lat' dir='ltr'>li</span> <span class='ocrx_word' id='word_1_576' title='bbox 1771 2632 1843 2658; x_wconf 86' lang='lat' dir='ltr'>sunt</span> <span class='ocrx_word' id='word_1_577' title='bbox 1866 2623 1919 2671; x_wconf 86' lang='lat' dir='ltr'>qui</span> <span class='ocrx_word' id='word_1_578' title='bbox 1946 2624 1975 2657; x_wconf 91' lang='lat' dir='ltr'>in</span> 
     </span>
    </p>
   </div>
   <div class='ocr_carea' id='block_1_9' title="bbox 1973 268 2151 296">
    <p class='ocr_par' dir='ltr' id='par_1_12' title="bbox 1973 268 2151 296">
     <span class='ocr_line' id='line_1_106' title="bbox 1973 268 2151 296; baseline -0.011 0"><span class='ocrx_word' id='word_1_579' title='bbox 1973 270 2020 296; x_wconf 77' lang='lat' dir='ltr'>An.</span> <span class='ocrx_word' id='word_1_580' title='bbox 2040 268 2067 295; x_wconf 85' lang='lat' dir='ltr'>C.</span> <span class='ocrx_word' id='word_1_581' title='bbox 2087 269 2151 294; x_wconf 75' lang='lat'>¹5¹1</span> 
     </span>
    </p>
   </div>
   <div class='ocr_carea' id='block_1_10' title="bbox 1977 1067 2163 1150">
    <p class='ocr_par' dir='ltr' id='par_1_13' title="bbox 1977 1067 2163 1150">
     <span class='ocr_line' id='line_1_107' title="bbox 1989 1067 2161 1093; baseline -0.006 -5"><span class='ocrx_word' id='word_1_582' title='bbox 1989 1067 2047 1093; x_wconf 62' lang='lat' dir='ltr'>Quae</span> <span class='ocrx_word' id='word_1_583' title='bbox 2071 1073 2119 1088; x_wconf 70' lang='lat' dir='ltr'>vera</span> <span class='ocrx_word' id='word_1_584' title='bbox 2136 1069 2161 1087; x_wconf 77' lang='lat' dir='ltr'>sit</span> 
     </span>
     <span class='ocr_line' id='line_1_108' title="bbox 1977 1099 2163 1123; baseline -0.005 -5"><span class='ocrx_word' id='word_1_585' title='bbox 1977 1099 2100 1123; x_wconf 68' lang='lat' dir='ltr'>evangelica</span> <span class='ocrx_word' id='word_1_586' title='bbox 2136 1099 2163 1118; x_wconf 78' lang='lat' dir='ltr'>lt-</span> 
     </span>
     <span class='ocr_line' id='line_1_109' title="bbox 1978 1129 2056 1150; baseline -0.013 -1"><span class='ocrx_word' id='word_1_587' title='bbox 1978 1129 2056 1150; x_wconf 70' lang='lat' dir='ltr'>bertas.</span> 
     </span>
    </p>
   </div>
   <div class='ocr_carea' id='block_1_11' title="bbox 1985 1796 2172 1941">
    <p class='ocr_par' dir='ltr' id='par_1_14' title="bbox 1985 1796 2172 1941">
     <span class='ocr_line' id='line_1_110' title="bbox 1999 1796 2168 1822; baseline -0.012 -5"><span class='ocrx_word' id='word_1_588' title='bbox 1999 1796 2168 1822; x_wconf 57' lang='lat' dir='ltr'>Dtudaeapnst.</span> 
     </span>
     <span class='ocr_line' id='line_1_111' title="bbox 1985 1828 2172 1853; baseline -0.005 -5"><span class='ocrx_word' id='word_1_589' title='bbox 1985 1828 2086 1848; x_wconf 77' lang='lat' dir='ltr'>adversus</span> <span class='ocrx_word' id='word_1_590' title='bbox 2101 1828 2172 1853; x_wconf 80' lang='lat' dir='ltr'>impu-</span> 
     </span>
     <span class='ocr_line' id='line_1_112' title="bbox 1986 1858 2170 1879; baseline -0.011 0"><span class='ocrx_word' id='word_1_591' title='bbox 1986 1863 2020 1879; x_wconf 85' lang='lat' dir='ltr'>ros</span> <span class='ocrx_word' id='word_1_592' title='bbox 2052 1858 2170 1878; x_wconf 76' lang='lat' dir='ltr'>huiusmodi</span> 
     </span>
     <span class='ocr_line' id='line_1_113' title="bbox 1986 1890 2171 1910; baseline -0.005 0"><span class='ocrx_word' id='word_1_593' title='bbox 1986 1890 2090 1910; x_wconf 77' lang='lat' dir='ltr'>sectarios</span> <span class='ocrx_word' id='word_1_594' title='bbox 2120 1895 2171 1909; x_wconf 67' lang='lat' dir='ltr'>sen-</span> 
     </span>
     <span class='ocr_line' id='line_1_114' title="bbox 1987 1921 2074 1941; baseline -0.011 -1"><span class='ocrx_word' id='word_1_595' title='bbox 1987 1921 2074 1941; x_wconf 72' lang='lat' dir='ltr'>tentiae.</span> 
     </span>
    </p>
   </div>
   <div class='ocr_carea' id='block_1_12' title="bbox 2268 1918 2274 2609">
    <p class='ocr_par' dir='ltr' id='par_1_15' title="bbox 2268 1918 2274 2609">
     <span class='ocr_line' id='line_1_115' title="bbox 2268 1918 2274 2609; baseline 0 0"><span class='ocrx_word' id='word_1_596' title='bbox 2268 1918 2274 2609; x_wconf 95' lang='lat' dir='ltr'> </span> 
     </span>
    </p>
   </div>
  </div>
 </body>
</html>
