2274 3265
112 240 162 265 An.
180 239 207 264 C.
230 239 296 264 ttro7

915 238 1100 259 Gtrfflionttts
1129 237 1174 258 Xl!
1200 237 1246 258 ΙΨ.

310 291 430 335 gularia
463 291 589 326 fuerunt
621 304 676 338 por
704 292 820 326 Sedem
846 293 1058 339 Apostolicam

309 340 494 387 approbata,
516 354 530 375 a
555 341 657 386 longis
682 342 841 375 retroactis
864 340 1060 388 temporibus

309 390 421 434 extitit,
450 398 540 436 prout
576 390 679 424 existit
716 390 895 424 lruiusrnodi
926 389 1058 435 regulari

309 439 505 473 observantia
532 439 731 479 destitutum,
760 452 795 473 ac
823 440 852 473 in
881 438 1059 486 spirituali-

310 488 368 521 bus
395 496 423 522 et
446 488 561 522 divinis
583 489 695 524 officiis
725 488 839 522 ibidem
873 487 1059 534 peragendis

310 538 527 584 multipliciter
541 537 762 572 deformatum.
780 537 886 579 Quare
903 549 957 584 pro
974 544 1058 583 parte

309 586 381 620 dicti
411 587 535 632 prioris,
558 587 625 633 qui,
650 595 681 621 ut
701 588 822 626 asserit,
845 586 882 621 ad
908 586 1058 620 reforma-

310 637 428 669 tionem
444 636 543 682 ipsius
558 637 737 670 monasterii
753 636 907 670 ferventer
921 635 1058 673 anlrelat,

311 684 400 718 nobis
423 684 481 718 fuit
517 685 680 719 lrumiliter
707 685 937 732 supplicatum,
967 692 996 718 nt
1028 685 1057 718 in

311 733 492 779 praemissis
519 734 558 767 de
586 742 763 780 opportuno
791 734 931 768 remedio
954 734 1060 780 provi-

309 783 384 816 dere
417 782 456 816 de
484 783 679 829 benignitate
707 783 876 830 apostolica
910 783 1058 829 dignare—

310 844 389 865 mnr.
412 831 477 865 Nos
500 832 594 877 igitur
616 832 798 867 buiusmodi
818 832 1059 880 supplicationi-

311 881 369 914 bus
393 881 553 921 inclinati,
576 881 759 916 fraternitati
784 890 866 920 tuae,
890 881 928 915 de
951 882 1057 928 quain

311 930 357 963 Ιιι5
375 937 405 964 et
423 930 491 964 aliis
513 931 682 977 specialem
699 931 729 964 in
749 931 885 965 Domino
909 931 1057 965 fiduciam

309 979 504 1022 obtinemus,
533 991 588 1026 per
621 980 788 1026 apostolica
818 980 934 1026 scripta
969 992 1058 1014 com-

309 1029 464 1062 mittimus
480 1037 509 1063 et
533 1029 732 1069 mandamus,
755 1037 911 1075 quatenus
933 1029 970 1062 ad
995 1041 1058 1063 mo-

310 1079 481 1112 nasterium
519 1078 690 1124 praefatum
728 1078 934 1124 per-sonaliter
966 1090 1058 1113 acce-

309 1127 400 1166 dens,
419 1136 448 1161 et
471 1127 592 1161 babens
609 1140 682 1174 prae
698 1127 800 1162 oculis
822 1127 925 1161 solum
943 1126 1058 1171 Deum,

309 1188 406 1231 super
433 1177 626 1223 praemissis
654 1189 829 1231 eorumque
849 1177 1059 1211 circumstan-

310 1226 360 1259 tiis
388 1226 563 1266 universis,
586 1226 771 1260 auctoritate
795 1233 899 1260 nostra
923 1234 952 1259 te
985 1225 1058 1259 dili-

308 1285 418 1320 <enter
431 1274 581 1309 informes
596 1283 625 1309 et
642 1275 822 1309 liuiusrnodi
841 1274 1059 1308 informatione

312 1337 366 1370 per
394 1332 423 1357 te
456 1324 502 1358 sic
535 1333 676 1371 recepta,
700 1325 803 1371 ipsum
833 1323 1057 1358 monasterinm

309 1382 338 1407 et
362 1373 512 1420 quicquid
537 1373 565 1406 in
594 1385 631 1406 eo
653 1373 859 1407 correctionis
883 1385 939 1406 seu
965 1372 1060 1406 refor-

311 1423 457 1456 mationis
485 1421 658 1456 ministerio
686 1422 872 1467 cognoveris
904 1421 1058 1467 indigere,

310 1481 371 1506 tarn
401 1472 431 1505 in
460 1471 560 1518 capite
582 1484 676 1517 quam
709 1471 738 1505 in
769 1471 920 1505 membris
947 1471 1057 1505 eadem

310 1521 493 1555 anctoritate
520 1520 577 1555 liae
594 1520 659 1554 vice.
682 1520 819 1566 corrigas
842 1529 869 1554 et
893 1519 1058 1564 roformea,

310 1583 345 1604 ac
368 1577 487 1605 statuas
512 1578 541 1603 et
573 1570 717 1604 instituas
742 1571 771 1604 in
797 1579 983 1616 perpetuum
1014 1570 1058 1604 vel

311 1621 346 1654 ad
374 1628 495 1654 eertum
525 1628 662 1666 tempus,
685 1619 932 1665 augmentando,
959 1619 1059 1652 dimi-

312 1669 437 1703 nuendo
459 1681 513 1703 scu
545 1669 695 1703 mutando
720 1668 846 1715 praefati
877 1668 1057 1702 monasterii

311 1727 438 1759 statum,
453 1726 579 1757 statura,
595 1718 836 1752 constitutiones
851 1727 878 1752 et
893 1718 951 1752 alia
967 1718 1059 1752 etiam

313 1782 366 1814 pro
399 1767 513 1802 divinis
545 1768 655 1802 ciliciis
689 1767 872 1801 huiusmodi
909 1780 1062 1813 peragen-

312 1819 373 1858 dis,
398 1817 588 1851 rationabilia
622 1825 651 1850 et
678 1816 814 1851 salubria
844 1817 874 1850 in
904 1817 971 1862 ipso
994 1829 1061 1850 mo-

313 1867 448 1901 nasterio
475 1866 667 1900 observanda
685 1866 812 1900 ordines
834 1873 863 1899 et
894 1866 1062 1912 disponas,

313 1929 348 1950 ac
370 1915 474 1950 omnia
501 1916 580 1955 alia,
603 1928 683 1962 quae
707 1916 875 1962 episcopus
903 1915 1061 1949 Castella-

315 1966 420 1999 nensis
442 1965 580 1999 existens
604 1977 659 2011 pro
682 1972 824 2011 ternpore.
847 1977 919 1998 cum
941 1964 1064 1997 dilectis

315 2016 388 2049 liliis
410 2014 557 2062 Capitulo
579 2013 807 2048 Castellanensi
832 2015 912 2048 circa
942 2013 1064 2060 prael-r—

315 2073 379 2097 rum
407 2063 631 2098 monasterium
653 2063 717 2097 fre«
711 2076 752 2097 re
775 2071 879 2110 posset
902 2074 959 2096 seu
983 2075 1064 2110 quo-

315 2113 488 2147 modolibet
520 2125 683 2155 exercerqe
718 2113 811 2146 facias
838 2120 866 2146 et
895 2124 1062 2150 exerceaS,

316 2172 406 2209 prout
430 2163 604 2197 secundum
629 2161 731 2195 Deum
757 2175 812 2209 pro
835 2162 965 2196 utilitrte
986 2162 1061 2195 dicti

317 2213 494 2246 monasterii
523 2221 551 2245 et
583 2223 786 2258 personarum
812 2212 841 2245 in
871 2212 923 2245 illo
946 2211 1064 2256 degen-

317 2263 392 2295 tium
415 2262 590 2295 animarrrm
627 2261 718 2294 saluti
748 2261 803 2294 tibi
832 2260 989 2295 videbitur
1010 2272 1065 2294 ex-

318 2311 437 2357 pedire.
454 2311 499 2344 Ac
517 2310 723 2344 nibilominus
739 2322 793 2355 per
809 2319 836 2344 te
852 2311 895 2343 sir
911 2310 1065 2348 facienda,

317 2361 501 2401 ordinanda,
524 2360 733 2405 disponenda,
750 2359 939 2393 instituenda
963 2368 992 2393 et
1008 2367 1067 2393 sta-

318 2410 445 2450 tuenda,
469 2410 562 2443 facias
584 2409 767 2442 auctoritare
791 2409 946 2455 praedicta
971 2409 1067 2442 invio-

319 2459 452 2493 labiliter
493 2458 665 2492 observari.
709 2457 969 2492 Contradictores
1014 2470 1067 2504 per

316 2520 480 2542 censuram
497 2507 757 2548 ecclesiasticam,
767 2507 973 2553 appellatione
989 2516 1066 2553 post

319 2571 335 2604 p
331 2558 429 2597 osita,
443 2557 684 2604 compescendo.
700 2535 768 2590 Noir
783 2557 978 2590 obstantibus
989 2568 1068 2591 con-

1736 227 1804 258 047

1101 300 1131 324 et
1159 290 1446 324 consuetudinibus
1471 291 1653 325 monasterii
1677 298 1707 324 et
1723 291 1854 324 Ordinis

1104 338 1335 386 praedictorum
1374 352 1408 374 ae
1435 339 1504 373 aliis
1531 339 1695 374 contrariis
1722 339 1854 385 quibus-

1101 400 1238 434 cumque
1261 402 1315 423 sen
1339 389 1364 423 si
1388 388 1548 435 aliquibus
1570 390 1784 422 romnmniter
1808 388 1852 423 vel

1101 437 1226 471 divisim
1254 437 1293 472 rb
1318 438 1495 484 Apostolica
1524 438 1563 471 sit
1584 437 1666 471 Sr‹·lr
1682 437 1853 477 indultum,

1101 487 1184 534 qnod
1215 487 1376 527 interdici
1404 486 1555 533 suspendi
1590 487 1634 521 vel
1663 499 1853 521 excommu-

1102 537 1197 570 nicari
1223 549 1285 570 non
1311 536 1441 583 possint
1463 548 1517 582 per
1542 536 1645 570 literas
1667 535 1855 583 apostolicas

1102 598 1162 619 non
1192 585 1342 619 facientes
1365 585 1488 632 plenam
1513 593 1541 618 et
1564 597 1743 630 expressam
1764 598 1799 619 ac
1816 585 1855 618 ιΙι·

1102 635 1196 669 verbo
1224 634 1261 669 ad
1293 634 1421 668 verbum
1454 634 1493 667 de
1521 633 1643 667 indulto
1671 634 1853 668 huiusmodi

1103 684 1308 718 montionem.
1332 683 1447 718 Datum
1477 682 1597 717 Romae
1619 683 1701 730 apud
1730 683 1763 717 S.
1794 683 1855 717 Pe-

1101 741 1196 774 trum
1213 733 1283 767 idus
1300 733 1414 777 martii,
1432 732 1634 780 pontificatus
1659 733 1756 766 nostri
1771 745 1854 767 anuo

1102 782 1351 831 quintodecimo.

1149 836 1164 875 g
1187 834 1218 866 8.
1238 831 1302 867 Nos
1319 832 1414 878 igitur
1430 830 1594 878 cupientes
1613 829 1762 865 omnibus
1784 842 1856 875 apo-

1100 851 1221 916 stolicis
1250 894 1376 928 semper
1404 893 1512 927 parere
1540 879 1706 924 mandatis,
1731 879 1855 926 praedi-

1101 939 1165 965 ctas
1187 930 1505 986 apostolicasliteras,
1534 929 1605 963 licet
1627 929 1738 963 aliast
1731 941 1855 975 recepe

1102 980 1212 1024 rimus,
1236 980 1348 1015 iterum
1386 992 1564 1026 recepimus
1598 987 1800 1021 reverenter,
1827 986 1857 1012 et

1100 1030 1333 1064 communicato
1368 1029 1499 1064 consilio
1526 1028 1750 1075 saepesaepius
1782 1039 1855 1061 cum

1100 1078 1183 1112 dicto
1219 1078 1255 1113 D.
1298 1079 1419 1119 Priore,
1447 1078 1578 1124 aliisque
1612 1077 1857 1125 quampluribus

1101 1127 1335 1162 venerabilibus
1364 1128 1435 1163 viris
1469 1126 1705 1165 eccltsiastieis,
1734 1139 1856 1160 morum

1100 1178 1250 1222 gravitate
1266 1185 1297 1211 et
1312 1177 1454 1221 scientia,
1471 1188 1592 1211 necnon
1616 1184 1646 1209 et
1666 1176 1857 1222 experientia

1100 1225 1277 1270 decoratis,
1313 1226 1497 1261 tractatibus
1525 1235 1555 1260 et
1588 1225 1728 1260 consiliis
1751 1225 1858 1259 multis

1102 1275 1374 1321 praecedentibus,
1402 1287 1436 1309 ac
1460 1275 1560 1322 ipsius
1589 1274 1708 1308 domini
1734 1274 1857 1320 prioris,

1100 1323 1184 1378 apud
1224 1336 1319 1370 quem
1355 1324 1457 1358 solum
1491 1325 1528 1358 ad
1570 1335 1719 1371 praesens
1755 1332 1854 1357 totum

1101 1373 1149 1406 ius
1178 1373 1305 1419 capituli
1334 1381 1363 1407 et
1390 1381 1567 1407 conventus
1599 1372 1755 1406 dictorum
1786 1385 1858 1405 mo-

1100 1422 1228 1456 nastcrii
1251 1431 1281 1457 et
1297 1422 1454 1457 Ecclesiae
1474 1423 1631 1469 pertinere
1652 1421 1858 1466 dignoscitur,

1100 1471 1271 1506 accedente
1299 1484 1456 1506 consensu
1480 1481 1509 1505 et
1527 1471 1636 1505 devota
1662 1482 1791 1517 precum
1810 1471 1859 1504 in-

1100 1521 1225 1564 stantia,
1247 1521 1349 1555 solum
1364 1520 1466 1554 Deum
1486 1534 1558 1568 prae
1574 1519 1675 1555 oculis
1694 1519 1859 1561 babentes,

1103 1582 1158 1616 pro
1182 1579 1330 1618 perpetua
1361 1570 1583 1605 reformatione
1610 1569 1764 1603 dictorum
1790 1581 1859 1604 ruo-

1103 1620 1225 1653 naslerii
1250 1628 1280 1654 et
1303 1619 1474 1660 Ecclesiae,
1498 1620 1534 1653 ad
1559 1620 1680 1653 dictum
1700 1627 1858 1653 monaste-

1103 1669 1181 1702 rium
1208 1669 1413 1716 personaliter
1431 1670 1635 1707 accessimus,
1651 1676 1698 1711 et,
1715 1668 1860 1702 informa-

1104 1718 1190 1752 tione
1215 1718 1413 1765 praehabita,
1449 1731 1521 1752 cum
1554 1731 1614 1752 non
1644 1719 1859 1752 invenerimus

1104 1768 1133 1801 in
1158 1767 1242 1801 dicto
1271 1768 1474 1807 monasterio,
1503 1769 1561 1801 nisi
1590 1767 1626 1801 D.
1661 1767 1858 1801 Ludovieum

1104 1817 1253 1863 priorem,
1273 1825 1302 1851 et
1318 1817 1443 1851 fratrem
1467 1817 1642 1851 Honorinm
1667 1816 1705 1850 de
1720 1816 1860 1850 Veneriis

1104 1875 1132 1899 et
1162 1866 1285 1901 fratrem
1315 1866 1512 1900 Ludovicurn
1542 1867 1579 1900 de
1603 1865 1773 1909 Florentia,
1797 1865 1860 1899 fra-

1105 1923 1166 1949 tri-s
1181 1928 1350 1950 conversos
1367 1916 1460 1950 tacite
1477 1916 1652 1963 professos,
1673 1914 1859 1961 nullumque

1104 1964 1199 1999 alium
1229 1965 1410 2011 religiosum
1432 1966 1607 2011 reperimus
1634 1965 1664 1999 in
1687 1964 1771 1998 dicto
1791 1976 1861 1997 mo-

1107 2014 1258 2055 nasteri03
1281 2015 1334 2049 sed
1358 2023 1388 2048 et
1412 2015 1514 2061 ipsum
1539 2014 1757 2048 invenerimus
1772 2014 1858 2047 omni

1108 2063 1185 2097 bona
1212 2064 1360 2109 religione
1375 2074 1403 2099 et
1427 2064 1622 2098 observantia
1644 2062 1778 2109 regulari
1802 2062 1860 2096 de-

1105 2117 1262 2158 stitutum,
1290 2130 1349 2151 nec
1382 2131 1469 2164 spem
1500 2117 1635 2164 aliquam
1672 2116 1862 2150 haberemus

1107 2171 1338 2205 reformationis
1373 2172 1473 2218 ipsius
1506 2171 1698 2211 monasterii,
1728 2179 1756 2204 et
1783 2170 1861 2203 reli-

1106 2225 1183 2271 giosi
1220 2226 1248 2259 ιιι
1282 2225 1364 2260 dicto
1402 2225 1591 2260 monasterio
1625 2225 1739 2258 morari
1775 2236 1861 2257 con—

1106 2279 1186 2313 sueti
1201 2292 1273 2313 cum
1293 2280 1323 2314 in
1351 2289 1410 2314 tam
1437 2291 1529 2326 parvo
1550 2291 1681 2313 numero
1705 2277 1861 2324 reperian-

1108 2342 1169 2378 tur,
1186 2343 1218 2368 nt
1233 2334 1368 2382 propriis
1383 2334 1592 2377 monasteriis,
1620 2333 1649 2366 in
1669 2332 1786 2379 quibus
1801 2331 1860 2365 de-

1107 2397 1196 2433 gunt,
1217 2388 1373 2422 deservire
1396 2388 1523 2422 minime
1539 2387 1671 2424 valeant,
1691 2399 1746 2420 nec
1765 2385 1859 2419 etiarn

1109 2443 1138 2475 ιιι
1174 2443 1253 2488 ipsis
1293 2442 1492 2476 monasteriis*
1529 2442 1628 2486 vigeat
1663 2440 1858 2474 observantia

1109 2496 1275 2541 regularis3
1312 2495 1582 2541 consideratisque
1623 2493 1860 2528 difficultatibus

1108 2559 1136 2583 et
1161 2559 1281 2584 maturev
1306 2562 1341 2585 ac
1370 2550 1537 2591 ιΙιΙιυιτιιιιι·
1560 2549 1762 2590 examinatis,
1786 2560 1860 2582 cum

317 2606 534 2641 stitutionibus
560 2606 752 2653 ιιιο5ῑοΙιει5,
777 2618 834 2640 nec
858 2618 919 2640 non
943 2606 1067 2640 statutis
1109 2604 1146 2638 D.
1172 2605 1274 2651 priore
1302 2612 1331 2638 et
1358 2603 1428 2637 aliis
1461 2602 1693 2637 venerabilibus
1731 2601 1803 2636 νιιι5
1831 2609 1860 2635 et

1870 236 1916 261 An.

1883 837 1907 861 01
1904 842 1928 855 uo
1947 843 1957 860 p
1967 840 2006 854 ιι-ῐιι

1871 872 1897 887 rt
1899 875 1903 887 ι
1935 868 1995 887 luerit

1872 936 1904 949 nio
1900 933 1994 949 intulerit
2005 937 2021 949 ιι
2038 938 2041 948 ι

1872 964 1886 979 l
1887 964 1930 980 tltt)v

1887 1676 1931 1700 Qua
1948 1676 1972 1695 de

1875 1710 1963 1725 runi-,vr
1988 1714 1995 1726 ι·
2013 1707 2058 1725 [ιιι-

1875 1743 1925 1756 ΙΠΑΛΙΙ
1950 1744 1990 1757 non
2008 1744 2058 1763 ¹10³-

1875 1773 1913 1788 ser,

1938 235 1966 261 C.
1988 235 2053 261 1'107

2023 836 2054 854 fi>

2031 869 2054 887 ab

1871 904 1904 924 epi
1909 905 1973 924 *rupo
2000 899 2046 918 lxo*

1995 1681 2059 1695 ‘'rtu‘m*
