2274 3265
256 308 302 333 An.
322 306 348 333 c.
372 306 435 332 tm
499 295 544 326 26

1038 295 1136 318 BULLA
1142 294 1222 316 tunm
1251 291 1409 314 ROMANUM

1992 281 2042 307 An.
2059 280 2086 307 C.
2109 279 2176 306 ¹27&

270 368 366 389 flormur
383 373 438 388 eum·
453 357 561 392 tudine
590 354 799 402 prosequaris,
827 352 981 386 efficacem
1019 363 1074 397 pro
1102 361 1190 396 posse
1233 346 1307 380 nino
1329 344 1510 379 aboleantur
1533 340 1694 387 reliquiae,
1729 339 1831 385 sitque
1853 337 1979 372 Latino·

256 401 580 450 5¹53*2¹d¹'⁶{2{31‹ta111r11s
618 416 756 451 operam,
801 410 833 436 ut
872 413 929 435 nec
966 400 995 433 in
1037 398 1191 445 aliquibus

255 461 437 495 “mechtssfflffl
453 455 592 490 eiusdem
625 451 803 487 schismatis
823 450 971 497 reliquiae
996 448 1192 495 qualescum-

255 491 397 511 ³b⁰¹¹²¹⁰⁰e⁰¹⁷
451 517 511 551 qne
531 503 699 551 supersint.
725 501 781 536 Dei
810 500 936 547 quidem
965 498 1096 544 perlecta
1120 504 1193 531 sunt

451 565 556 601 opera,
593 560 623 587 et
660 561 692 586 tu
731 557 870 585 creatura
903 549 984 582 illius
1011 546 1190 581 Creatorem

451 613 537 638 tunm
567 602 597 636 in
625 609 686 635 tam
706 600 809 647 placiti
830 597 1099 633 consummatione
1121 607 1194 642 ope—

451 654 493 687 ris
516 663 570 698 pro
592 651 710 685 viribus
731 650 864 688 imitare,
888 656 918 682 ut
942 647 1007 693 spei
1022 655 1191 691 conceptae

451 702 488 735 de
512 701 649 747 praemio
671 712 720 734 res
743 697 901 740 succedat,
928 705 957 730 et
984 695 1191 742 praemissum

451 751 591 785 debitum
614 749 762 784 exhibitio
783 748 894 793 regalis
915 745 1062 780 exsolvat.
1091 743 1193 789 Super

452 801 500 834 his
521 808 624 834 autem
648 809 677 833 et
699 798 767 832 aliis
788 797 902 831 habitis
919 796 1001 829 circa
1024 793 1192 839 praemissa

453 848 662 896 processibus,
709 846 834 894 praefati
876 854 948 879 tuae
995 842 1193 878 celsitudinis

453 898 570 937 nuncii,
593 910 726 944 quorum
751 896 805 930 tibi
829 895 931 929 notior
952 901 997 926 est
1034 892 1128 925 virtus
1164 899 1192 925 et

453 947 600 993 probitas,
623 946 661 981 ad
694 954 724 980 te
755 945 876 991 plenius
908 950 1106 977 revertuntur
1145 940 1193 973 in-

452 997 571 1035 structu
594 995 708 1042 quibus
731 1003 759 1028 te
782 1005 843 1028 uon
880 991 1061 1027 dubitamus
1098 988 1191 1023 fidem

453 1046 612 1080 indubiam
635 1044 794 1079 adhihere.

500 1094 611 1128 Datum
646 1092 807 1140 Lugduni,
842 1104 858 1125 v
893 1088 1033 1124 kalendis
1072 1087 1192 1134 augusti

450 1156 531 1179 anno
555 1144 656 1178 tertio.

495 1202 554 1231 Dat.
572 1201 619 1230 die
640 1200 677 1230 28
700 1199 761 1229 iulii
782 1198 867 1234 1274,
886 1196 987 1236 pontif.
1012 1204 1085 1224 anno
1105 1203 1145 1224 ιιι.

451 1314 595 1357 Sequitur
616 1313 678 1346 alia
701 1310 858 1356 Pontifices
879 1310 1002 1353 epistola
1024 1308 1065 1341 ad
1096 1308 1194 1353 filium

678 1361 751 1394 dicii
770 1360 972 1405 imperatoris.

451 1440 574 1480 Gregorius
603 1440 820 1479 episcopusservus
849 1447 963 1468 serrorum
985 1436 1036 1474 Dei,
1065 1436 1195 1466 Andronico

490 1485 643 1524 primogenito
661 1484 769 1514 carissimi
785 1484 807 1513 in
825 1482 912 1513 Christo
928 1482 970 1512 filii
993 1482 1063 1511 nostri
1078 1481 1197 1511 Michaelis

490 1529 624 1568 Palaeologi
647 1529 789 1567 imperatoris
810 1528 944 1557 Graecorum
966 1527 1070 1561 illustris,
1096 1526 1195 1555 salutem

491 1579 512 1604 et
532 1575 680 1614 apostolIcani
702 1573 897 1603 benedictionem.

499 1645 628 1689 Habes,
663 1644 729 1685 fili,
767 1644 847 1679 unde
881 1643 1015 1678 Domino
1047 1642 1112 1677 Deo
1141 1650 1196 1677 tuo

270 1710 435 1747 uanum-eom.
452 1701 480 1734 in
525 1712 630 1735 vocem
678 1697 878 1734 exultationis
918 1705 946 1731 et
992 1695 1197 1731 confessionis

256 1744 372 1794 Si'ssTudffg,
389 1749 438 1794 ’,ζ’[ζξζ
452 1766 606 1800 erumpas.
629 1752 760 1787 Exultes
782 1753 811 1786 in
828 1751 887 1795 Eo,
922 1759 951 1785 et
986 1750 1108 1785 fatearis
1135 1750 1198 1784 hu-

257 1804 438 1856 gssssecfffiffffi
455 1808 567 1842 militer
590 1806 642 1841 tibi
670 1806 708 1841 de
732 1807 885 1840 immenso
906 1804 1009 1852 Ipsius
1031 1804 1114 1839 douo
1128 1816 1198 1838 con-

260 1866 336 1886 tama.
454 1874 590 1905 cessum,
614 1873 701 1895 verae
724 1860 794 1895 fidei
817 1871 984 1905 agnoscere
1025 1859 1197 1900 veritatem,

457 1916 540 1950 illam
563 1914 706 1961 amplecti
731 1915 790 1961 piis
825 1913 988 1948 affectibus
1020 1921 1049 1947 et
1079 1912 1199 1947 devotis

458 1969 547 2003 :iobis
573 1968 677 2003 missis
695 1968 836 2002 affatibus
865 1966 1020 2001 confiteri.
1052 1965 1138 2000 Haec
1173 1967 1198 2000 si

456 2023 549 2057 corde
570 2022 703 2057 contrito
726 2030 756 2057 et
778 2022 942 2057 humiliato
969 2021 1080 2067 spiritu
1116 2032 1201 2055 reco-

458 2089 624 2123 gnoscens,
647 2088 661 2111 a
690 2084 870 2123 coeptorum
903 2076 1120 2123 prosecutione
1153 2087 1201 2109 so-

460 2131 539 2165 licita
562 2143 622 2165 non
646 2129 790 2171 desistas,
817 2130 901 2176 plura
930 2129 982 2162 tibi
1016 2128 1201 2162 salutaribus

460 2184 629 2220 inhaerenti
651 2184 776 2228 studiis,
800 2183 1007 2231 proculdubio
1041 2183 1106 2229 ipse
1144 2181 1202 2216 bo-

461 2252 569 2274 norum
594 2239 735 2273 omnium
758 2237 854 2272 Dator
881 2237 1018 2275 adiiciet,
1048 2235 1201 2283 perfectae

461 2293 586 2329 tandem
603 2292 817 2328 retributionis
833 2291 1005 2339 praemium
1025 2290 1202 2337 largiturus.

462 2348 597 2394 Ideoque
631 2347 881 2394 magnitudinem
919 2355 1001 2380 tuam
1038 2357 1204 2380 monemus

461 2411 490 2436 et
524 2403 686 2437 hortamur
717 2402 747 2436 in
776 2401 913 2436 Domino
948 2399 1017 2434 lesu
1053 2399 1204 2442 Christo,

462 2465 615 2503 quatenus
647 2457 675 2490 iu
712 2455 913 2504 praemissis,
959 2454 1039 2489 sicut
1072 2454 1204 2488 discrete

463 2511 630 2557 scripsisti,
663 2511 706 2545 tui
741 2510 890 2556 genitoris
919 2508 1021 2555 inclyti
1059 2506 1205 2542 laudabili

466 2564 634 2611 proposito,
658 2564 749 2599 nobis
771 2577 826 2612 per
841 2564 910 2599 eius
932 2571 962 2598 et
977 2572 1044 2597 tuas
1058 2574 1207 2609 expresso

466 2618 580 2662 literas,
602 2626 782 2653 constanter
803 2617 988 2657 adhaerens,
1021 2615 1093 2650 totis
1127 2614 1207 2648 riri-

466 2671 524 2707 bus
545 2679 677 2718 satagaS,
701 2680 732 2707 ut
753 2672 906 2719 antiquati
929 2670 1106 2706 schismatis
1140 2681 1208 2705 om-

1233 412 1299 433 rum
1324 406 1352 432 et
1374 396 1565 432 Graecorum
1590 394 1694 428 unitas
1717 391 1875 440 perpetuis
1904 399 1978 425 tem·

1234 452 1366 499 poribus
1388 450 1585 484 inconcussa.

1280 505 1395 540 Datum
1430 503 1578 550 Lugduni
1613 514 1632 536 v
1664 499 1804 536 calendis
1839 497 1978 544 augusti,

1233 572 1315 594 anno
1339 559 1443 594 tertio.

1392 619 1452 649 Dat.
1475 619 1531 656 die,
1554 626 1688 656 annoque
1711 615 1822 646 eodem.

1263 705 1465 749 Subsequitur
1492 711 1575 736 tenor
1595 703 1765 736 literarum.
1782 701 1952 747 supradicti

1284 754 1442 787 Michaelis
1468 753 1662 798 imperatoris
1682 753 1724 786 ad
1744 753 1932 797 Pontificem.

1282 824 1488 859 Sanctissimo
1522 832 1551 858 et
1590 823 1780 863 beatissimo,
1815 822 1916 869 primo
1952 831 1982 857 et

1233 879 1366 913 Summo
1388 877 1530 912 Pontifici
1567 877 1766 924 Apostolicae
1804 877 1896 912 Sedis
1927 889 1982 912 ve-

1235 931 1363 966 nerabili
1383 931 1498 978 Papae,
1517 939 1546 966 et
1565 932 1724 966 communi
1741 932 1818 979 patri
1837 932 1980 966 omnium

1234 985 1490 1029 christianorum,
1514 993 1544 1019 et
1568 985 1736 1020 venerabili
1761 986 1836 1032 patri
1857 986 1982 1032 imperii

1235 1039 1330 1073 nostri
1360 1039 1489 1073 domiuo
1510 1038 1676 1085 Gregorio,
1697 1039 1829 1074 Michael
1843 1041 1873 1075 in
1889 1040 1983 1075 Chri-

1235 1101 1282 1127 sto
1299 1093 1366 1127 Deo
1389 1092 1523 1127 fideliter
1545 1093 1715 1140 imperator
1743 1101 1773 1127 et
1804 1094 1983 1130 moderator

1236 1146 1448 1186 Romaeorum,
1472 1146 1576 1181 Ducas
1610 1145 1752 1192 Angelus
1786 1146 1983 1192 Comnenus,

1235 1201 1430 1247 Palaeologus
1468 1209 1497 1235 et
1530 1200 1699 1247 spiritualis
1736 1201 1819 1236 fitius
1853 1214 1984 1249 magnae

1234 1255 1409 1290 sanctitatis
1437 1262 1567 1298 vestrae,
1602 1254 1844 1289 convenientem
1882 1255 1984 1291 hono-

1235 1321 1299 1342 rem
1323 1316 1353 1343 et
1375 1308 1581 1343 reverentiam
1605 1320 1676 1342 cum
1701 1308 1821 1342 sincera
1845 1317 1875 1343 et
1907 1322 1984 1356 pura

1235 1361 1401 1396 affectione
1423 1370 1453 1396 ct
1475 1361 1653 1396 orationum
1679 1361 1900 1409 postulatione.

1283 1416 1440 1458 Quoniam
1477 1416 1562 1450 missi
1595 1423 1669 1450 sunt
1706 1428 1722 1450 a
1768 1416 1984 1463 magnitudine

1236 1479 1334 1505 vestra
1366 1470 1403 1505 ad
1439 1470 1605 1517 imperium
1641 1481 1746 1504 meum
1784 1470 1888 1505 mincii
1917 1469 1984 1505 Deo

1238 1524 1408 1571 placentes,
1430 1523 1549 1558 ordinis
1571 1523 1699 1558 fratrum
1722 1523 1893 1568 Minorum,
1923 1524 1985 1559 fra-

1237 1586 1283 1613 ter
1304 1577 1516 1625 Hieronymus
1544 1577 1582 1612 de
1604 1576 1734 1618 Asculo,
1773 1577 1867 1613 frater
1898 1577 1987 1625 Ray-

1238 1631 1377 1666 mundus
1399 1631 1594 1677 Berengarii,
1614 1631 1707 1666 frater
1728 1631 1918 1678 Bonagratia
1947 1631 1986 1667 de

1238 1686 1271 1721 S.
1296 1686 1410 1721 loanne
1436 1686 1466 1720 iu
1502 1685 1663 1721 Persiceto
1697 1694 1733 1721 et·
1762 1686 1856 1722 frater
1882 1686 1987 1721 Bona-

1239 1750 1366 1776 ventura
1384 1740 1422 1776 de
1444 1739 1592 1786 Mugello,
1614 1748 1643 1776 et
1665 1740 1848 1776 obtulerunt
1883 1741 1988 1776 literas

1240 1807 1371 1842 magnae
1392 1795 1566 1830 sanctitatis
1588 1803 1711 1830 vestrae
1733 1795 1866 1842 imperio
1905 1808 1988 1836 meo;

1240 1850 1269 1884 in
1294 1849 1411 1896 quibus
1432 1848 1513 1883 inter
1534 1848 1592 1883 alia
1615 1849 1653 1883 de
1676 1848 1874 1885 confessione
1903 1849 1988 1890 fidei,

1240 1915 1333 1950 quam
1357 1903 1449 1938 docet
1475 1910 1505 1936 et
1535 1902 1716 1950 praedicat,
1755 1910 1785 1937 et
1820 1903 1990 1940 confitetur

1241 1966 1350 1992 sancta
1371 1956 1515 1992 Romana
1537 1957 1690 1998 Ecclesia,
1717 1957 1938 1992 continebatur
1959 1964 2004 1996 et„

1241 2011 1404 2059 oportebat
1449 2012 1479 2046 in
1526 2011 1576 2046 his
1612 2012 1709 2058 magis
1750 2012 1989 2059 responsionem

1242 2066 1480 2101 convenientem
1503 2077 1560 2100 nos
1582 2064 1696 2107 facere,
1714 2077 1788 2100 ecce
1827 2066 1885 2101 hoc
1919 2065 1990 2100 facit

1243 2120 1407 2167 imperium
1431 2132 1550 2155 meum.
1575 2119 1676 2154 Habet
1697 2128 1799 2155 autern
1837 2119 1991 2167 professio

1244 2170 1316 2204 {idei
1341 2170 1370 2204 in
1394 2169 1591 2204 dictionibus
1612 2169 1725 2204 taliter:

1292 2219 1461 2254 Credimus
1483 2219 1630 2254 Sanctam
1650 2218 1847 2259 Trinitatem,
1867 2218 1990 2254 Patrem
2017 2245 2084 2266 Tem„
2101 2242 2189 2264 const„

1244 2280 1272 2304 οι
1290 2269 1406 2304 Filium
1442 2278 1473 2304 ct
1506 2268 1660 2316 Spiritum
1696 2268 1860 2309 Sanctum,
1893 2277 2070 2310 unum-ionis
2088 2277 2123 2310 θυι
2139 2279 2189 2310 rso<

1244 2320 1344 2354 Deum
1367 2320 1630 2367 omnipotentem,
1647 2326 1806 2367 totamque
1830 2319 1859 2353 in
1888 2305 2192 2365 Tr·ini-{,⁴„⁵2⁵e'3[¹0¹1⁵.m¹‚¹‡‚¹{s

1246 2378 1305 2404 tate
1329 2370 1476 2404 deitatem
1517 2370 1755 2404 coessentialem
1789 2378 1815 2404 et
1855 2368 2090 2403 consuti-mm*-

1245 2419 1434 2463 stantialem,
1448 2430 1633 2455 coaeternam
1645 2427 1673 2454 et
1688 2419 1992 2466 coomnipotentem,

1249 2471 1340 2504 unius
1362 2470 1542 2511 voluntatis,
1565 2469 1728 2516 potestatis
1750 2477 1781 2504 et
1812 2469 1993 2513 maiestatis,

1247 2518 1427 2554 Creatorem
1450 2522 1593 2555 omnium
1616 2527 1842 2563 creaturarum,
1874 2531 1889 2553 a
1929 2531 1993 2565 quo

1248 2580 1364 2613 omma,
1388 2582 1417 2603 111
1441 2582 1503 2616 (1Πο
1522 2581 1638 2610 Olunta,
1663 2582 1719 2616 por
1749 2581 1843 2616 quen)
1877 2569 1993 2607 01111113,

1248 2630 1326 2664 quae
1349 2628 1422 2653 sunt
1444 2620 1474 2653 in
1497 2620 1585 2654 coelo
1607 2628 1636 2653 ct
1657 2620 1687 2653 in
1725 2627 1815 2658 terra,
1851 2618 1995 2662 visibilia,

1249 2667 1428 2709 invisibilia,
1447 2669 1618 2717 corporalia
1641 2676 1671 2704 et
1702 2667 1888 2716 spiritualia.
1922 2667 1997 2702 Cre-

2023 844 2146 864 lntnulatio.

2011 1429 2084 1451 Nnnrii
2123 1429 2183 1450 sedi!

1999 1461 2134 1487 apostoticae
2158 1461 2182 1480 ad

2016 1493 2163 1519 imperatorem

2027 1524 2151 1543 transmissi⁴
