2274 3265
112 266 161 293 An.
179 265 207 292 C.
226 265 292 292 ¹556

119 672 147 693 De
157 673 264 693 monachi<
275 673 293 692 e¹

112 709 220 724 conversis
243 709 295 729 pro-

112 737 217 762 prietariis
228 739 245 755 et
260 741 294 755 ner

111 768 258 792 gotiatoribu«.

904 264 941 286 itt-2
945 263 1079 286 NEDICU'
1085 264 1098 285 S

1122 263 1168 285 xii
1192 263 1240 285 1³1¹.
1721 252 1789 283 575

307 320 356 354 nis
382 331 437 354 seu
461 319 640 365 religionis,
671 331 835 367 usquequo
860 331 913 366 per
943 332 1052 354 corum
1095 326 1225 358 stantes,
1260 330 1313 351 seu
1353 317 1498 363 praestari
1534 325 1758 371 procurantes,
1793 315 1840 351 tel

306 368 486 416 superiores
519 347 682 416 (consriua
719 369 928 404 satislactione
964 381 1054 416 piae-

308 419 422 462 missa)
449 430 520 452 cum
557 420 603 453 eis
639 419 773 454 extiterit
806 418 1055 453 misericorditer

308 468 534 515 dispensatum.

585 540 665 575 Car.
693 539 775 575 XVI.

359 617 520 660 Rursum,
554 616 627 651 licet
654 625 760 652 eontra
799 628 947 652 monacos
981 629 1054 664 pro-

312 667 474 714 prietarios
497 666 536 700 sit
559 667 649 712 plene
673 667 831 713 provisum
856 680 910 714 per
932 667 1057 702 canoni-

310 730 360 751 cas
390 716 585 751 sanctiones:
615 725 719 751 tamen
755 716 924 764 specialius
951 717 1056 763 provi—

309 766 382 801 dere
419 765 558 801 volentes
594 774 702 800 contra
738 766 808 801 illos
844 778 993 801 monacos
1026 774 1057 801 et

309 828 478 850 conversos
510 815 608 861 ipsius
635 815 755 850 ordinis
785 828 839 851 seu
874 816 1056 862 religionis,

309 866 360 912 qui
384 877 459 900 suae
485 865 594 899 salutis
626 864 726 906 obliti,
760 873 866 900 contra
895 865 1057 912 regulares

308 923 339 949 et
366 914 532 949 canonicas
560 914 773 950 institutiones
796 916 962 962 pecuniam
985 928 1058 950 con-

308 972 449 1010 gregant,
467 964 547 1007 iura,
571 965 799 1011 possessiones,
824 965 965 1000 redditus
1000 978 1055 1000 seu

309 1026 423 1049 census
450 1026 571 1048 annuos
599 1022 629 1049 et
651 1014 711 1049 alia
735 1014 814 1049 bona
844 1023 972 1059 emunt,
1000 1028 1055 1051 seu

309 1063 369 1098 emi
399 1063 518 1098 faciunt
546 1063 717 1111 aliquando
753 1065 881 1112 proprio
908 1072 938 1099 et
963 1077 1056 1112 saepe

310 1112 436 1148 nomine
454 1113 570 1157 alieno,
594 1113 701 1148 multis
716 1126 812 1160 super
834 1114 882 1149 liis
900 1114 1058 1160 figmentis

309 1162 475 1203 adliibitis;
509 1163 644 1210 aliisque
673 1163 799 1197 tradunt
821 1164 967 1198 animalia
996 1177 1059 1198 nu-

311 1212 433 1247 trienda
456 1220 487 1247 ct
509 1224 581 1247 cum
607 1221 778 1258 augmento
807 1212 852 1247 vel
881 1213 968 1248 lucro
998 1214 1056 1248 sibi

311 1262 357 1297 vel
385 1262 471 1296 alteri
503 1261 661 1296 reddenda
690 1274 799 1296 eorum
829 1263 973 1306 nomine,
1002 1275 1057 1298 seu

312 1324 366 1358 pro
390 1311 482 1358 ipsis,
504 1319 532 1346 et
556 1311 633 1346 alios
661 1311 778 1346 multos
805 1320 987 1346 contractus
1002 1312 1058 1347 di-

313 1360 486 1396 versimode
521 1368 678 1408 tamquam
725 1361 935 1407 negotiatores
967 1374 1057 1396 exer-

311 1418 401 1451 cent;
447 1422 571 1444 necnon
612 1418 799 1457 appetentes
834 1418 865 1445 et
903 1419 1059 1446 sectantes

313 1462 397 1495 lucra
420 1460 535 1507 turpia,
568 1460 725 1506 peculium
758 1460 917 1496 occultant
948 1470 977 1496 et
1000 1462 1060 1495 illi-

312 1510 371 1545 cite
393 1509 535 1544 detinent
567 1510 597 1543 in
632 1521 760 1544 suarum
797 1511 969 1557 perieulum
998 1512 1061 1545 ani-

313 1571 448 1594 marum:
479 1559 664 1594 auctoritate
700 1560 870 1606 apostolica
899 1560 1059 1608 praedicta

313 1609 526 1649 decernimus,
554 1609 657 1643 omnia
693 1610 864 1656 praemissa
892 1614 988 1657 (quae
1016 1619 1061 1645 ta-

314 1672 383 1693 men
407 1671 468 1693 non
497 1658 687 1693 restitutioni
709 1659 1060 1703 subiaceautalioruin)

315 1708 431 1744 nedum
465 1717 535 1755 post
569 1707 707 1749 obitum,
740 1709 796 1744 sed
819 1710 914 1744 etiam
943 1710 973 1744 111
1003 1710 1062 1744 vita

314 1759 455 1806 ipsorum
480 1770 682 1793 monacorum
703 1767 734 1794 et
756 1772 978 1794 conversorum
999 1760 1063 1794 sore

316 1821 369 1856 per
391 1807 558 1849 antistites,
586 1808 714 1843 abbates
748 1822 802 1844 seu
841 1809 919 1844 alios
942 1809 1064 1856 praela-

316 1868 363 1893 tos
390 1870 499 1893 eorum
525 1858 687 1905 proprios,
723 1871 793 1893 eum
822 1859 955 1893 consilio
989 1872 1064 1906 pro-

315 1908 426 1943 borum
456 1920 660 1942 monacorum
684 1909 844 1943 seniorum
882 1909 1063 1950 Ecclesiae,

316 1958 498 1993 monasterii
537 1957 583 1991 vel
632 1958 691 1993 loci
730 1959 895 1993 cuiuslibet
930 1972 1064 1999 eorum,

315 2008 472 2045 eiusmodi
497 2008 658 2052 Ecclesiis,
687 2010 885 2044 monasteriis
907 2022 961 2044 seu
989 2010 1065 2045 locis

317 2059 449 2106 propriis
482 2058 681 2106 applicanda,
715 2059 790 2093 etin
818 2072 925 2094 eorum
950 2060 1065 2095 utilita-

318 2117 378 2143 tem
420 2108 553 2143 totaliter
580 2109 812 2150 convertenda,
852 2122 908 2144 11511
943 2111 1065 2153 (11111110

317 2159 421 2206 potius
443 2158 566 2203 abusu)
594 2171 795 2206 quocumque
823 2160 979 2194 contrario
1003 2173 1063 2194 11011

317 2208 480 2243 obstante:
504 2209 652 2256 quodque
673 2209 729 2256 ipsi
749 2209 915 2249 antistites,
939 2209 1066 2244 abbates

316 2271 370 2292 seu
394 2258 445 2293 alii
481 2257 608 2305 praelati
646 2259 778 2306 proprii,
807 2259 894 2293 alicui
933 2272 1065 2295 monaco

318 2308 363 2342 vel
387 2320 539 2343 converso
567 2308 636 2343 talia
662 2308 795 2343 faciendi
823 2309 981 2344 licentiam
1010 2322 1065 2344 ne-

317 2366 432 2406 queant
455 2358 619 2405 impartiri.
657 2358 695 2392 Et
722 2359 807 2405 quod
831 2367 892 2394 tam
925 2359 1064 2406 praelati,

319 2408 441 2442 monaci
465 2416 494 2442 et
517 2408 657 2442 conversi
688 2408 842 2455 praedicta
871 2410 1066 2445 committen-

320 2468 381 2501 tes,
404 2470 496 2505 quam
520 2458 569 2492 alii
589 2458 782 2505 quicumque
805 2458 921 2493 ordinis
943 2472 996 2494 seu
1021 2473 1065 2495 re-

319 2508 442 2554 ligionis
464 2507 644 2542 huiusmodi
678 2508 854 2555 supradicta
885 2509 1065 2553 retinentes,

319 2565 372 2592 aut
394 2557 473 2592 sibi
469 2558 542 2604 ipsis
557 2570 692 2605 appropi
696 2567 792 2592 lantes
805 2559 850 2593 vel
863 2559 1062 2614 applicationi

320 2616 349 2642 et
371 2608 568 2643 conversioni
606 2608 785 2643 buiusmodi
816 2608 996 2643 resistentes
1019 2609 1064 2644 vel

320 2657 582 2706 impedimentum
611 2657 736 2705 publice
759 2666 809 2693 aut
833 2659 956 2694 occulte
974 2672 1064 2706 piae-

1096 367 1214 402 dietum
1235 366 1393 413 peculium
1411 379 1471 401 non
1495 366 1668 401 revelantes
1693 366 1842 401 antistiti—

1098 417 1168 457 bus,
1194 416 1361 451 abbatibus
1387 429 1441 450 seu
1467 416 1612 463 praelatis
1636 416 1770 462 propriis
1791 428 1843 450 an-

1097 466 1232 511 tedictis,
1256 466 1319 501 sint
1345 478 1382 500 eo
1405 466 1473 513 ipso
1501 465 1656 502 inhabiles
1682 465 1720 500 ad
1749 465 1841 500 bene-

1098 516 1215 557 ficium,
1238 517 1424 564 prioratum,
1450 515 1769 560 administrationem,
1796 516 1844 550 ol-

1098 566 1215 611 liciuin,
1238 566 1378 613 regimen
1401 573 1430 600 et
1448 564 1708 611 gubernationem
1732 577 1845 612 quam-

1098 615 1171 650 libet
1195 616 1226 650 in
1259 615 1369 651 ordine
1398 627 1455 650 seu
1485 614 1636 661 religione
1663 615 1844 650 huiusmodi

1096 665 1280 701 obtinenda.
1332 665 1553 700 Permittirnus
1595 672 1697 698 tamen
1713 691 1722 709 ,
1760 664 1844 712 quod

1097 728 1168 750 cum
1200 716 1275 762 ipsis
1313 715 1453 750 monacis
1487 722 1517 749 et
1552 715 1711 749 conversis
1747 714 1846 761 possit

1097 765 1239 821 antistes,
1262 764 1359 800 abbas
1388 764 1434 799 vel
1461 764 1540 800 alius
1562 776 1670 799 eorum
1690 764 1847 810 praelatus

1099 816 1245 862 ρι”01111115
1267 815 1452 870 dispensare
1479 826 1575 861 super
1600 814 1710 861 poenis
1735 813 1848 848 huius-

1098 865 1200 909 modi,
1250 864 1377 913 quaudo
1415 877 1441 900 ei
1481 863 1642 899 videbitur
1679 863 1846 911 expedire:

1098 915 1272 950 dummodo
1295 914 1464 962 praemissa
1481 913 1687 949 revelaverint
1706 921 1735 949 et
1757 912 1848 961 plene

1099 965 1311 1009 restituerint,
1335 974 1367 1000 ut
1396 963 1581 1012 praefertur.

1365 1040 1444 1075 Cim.
1480 1039 1579 1075 XVll.

1147 1113 1268 1160 Nempe
1296 1112 1464 1148 statuimus
1489 1120 1521 1147 et
1542 1111 1736 1153 ordinamus,
1764 1111 1849 1160 quod

1100 1162 1182 1197 iuxta
1210 1163 1443 1209 suppetentiam
1472 1162 1655 1197 facultatum
1687 1161 1850 1198 Ecclesia-

1100 1224 1167 1246 rum
1209 1212 1433 1247 cathedralium
1469 1220 1499 1247 et
1540 1211 1750 1258 capitulorum
1797 1223 1851 1247 ea-

1099 1274 1189 1302 rum,
1217 1274 1251 1296 ae
1275 1261 1534 1296 monasteriorum
1558 1270 1589 1296 et
1631 1261 1765 1296 aliorum
1805 1262 1851 1296 lo-

1099 1323 1209 1345 corum
1232 1310 1373 1346 eiusdem
1402 1310 1523 1346 ordinis
1549 1323 1604 1346 seu
1627 1310 1787 1357 religionis
1822 1318 1853 1345 et

1099 1360 1294 1406 singularum
1332 1361 1497 1407 regionum
1532 1361 1628 1396 etiam
1663 1360 1851 1408 qualitates,

1102 1423 1156 1457 per
1177 1410 1344 1451 antistites,
1377 1410 1506 1446 abbates
1532 1418 1562 1446 et
1584 1410 1663 1445 alios
1698 1410 1853 1458 praelatos

1100 1468 1130 1494 et
1157 1461 1283 1507 quosvis
1316 1460 1396 1495 alios
1418 1459 1690 1496 administratores
1722 1460 1769 1496 vel
1805 1460 1854 1495 ol-

1103 1510 1169 1544 fieia
1189 1510 1226 1544 ad
1251 1510 1327 1545 baec
1353 1510 1501 1558 deputata
1530 1511 1577 1545 vel
1599 1510 1778 1557 deputanda
1804 1517 1854 1545 te-

1103 1568 1212 1594 nentes
1227 1568 1258 1594 et
1272 1569 1465 1601 exercentes,
1485 1560 1676 1596 sufficienter
1696 1560 1854 1605 victualia,

1103 1609 1265 1650 vestiaria,
1295 1610 1465 1665 omniaque
1487 1610 1545 1645 alia
1573 1610 1748 1645 necessaria
1779 1622 1856 1645 mo-

1105 1660 1189 1693 nacis
1231 1660 1465 1702 ministrentur,
1517 1660 1642 1707 proviso
1680 1660 1854 1701 attentius,

1103 1709 1186 1764 quod
1216 1722 1271 1756 pro
1294 1688 1473 1744 huiusmodi
1504 1709 1706 1750 victualibus,
1740 1710 1855 1745 vestia-

1105 1759 1157 1792 1115
1179 1768 1230 1793 11111
1253 1759 1321 1794 aliis
1343 1759 1538 1806 quibuslibet
1571 1759 1690 1795 eisdem
1714 1760 1857 1795 monacis

1106 1809 1309 1853 necissariis,
1338 1810 1492 1856 pecuniae
1510 1809 1606 1844 simul
1628 1818 1680 1845 aut
1702 1822 1758 1857 per
1774 1810 1857 1845 vices

1105 1871 1159 1893 seu
1190 1859 1365 1894 minutatim
1389 1860 1569 1895 nullatenus
1591 1859 1636 1894 eis
1657 1860 1782 1904 dentur,
1801 1868 1855 1895 aut

1107 1909 1214 1955 pensio
1244 1909 1288 1944 vel
1327 1909 1468 1945 redditus
1504 1909 1742 1957 quomodolibet
1776 1910 1856 1946 assi-

1105 1966 1257 2005 gnentur:
1287 1960 1341 1995 sed
1371 1961 1401 1994 iu
1430 1959 1626 2001 victualibus,
1656 1959 1808 1995 vestiariis
1826 1969 1856 1996 et

1108 2009 1200 2044 rebus
1221 2009 1290 2045 aliis
1305 2010 1351 2045 eis
1367 2010 1571 2057 ipsorumque
1591 2010 1657 2045 115111
1682 2023 1858 2057 congruen-

1107 2060 1208 2099 1111115
1237 2059 1436 2107 provideatur
1470 2060 1613 2101 eisdem,
1648 2061 1857 2108 quemadmo-

1106 2109 1180 2144 dum
1223 2110 1313 2145 luerit
1349 2118 1575 2157 opportunum.
1617 2110 1656 2145 Et
1689 2110 1740 2145 ubi
1774 2110 1856 2146 alius

1106 2168 1210 2194 certus
1233 2160 1387 2194 terminus
1410 2173 1505 2207 super
1528 2160 1587 2195 hoc
1611 2173 1673 2195 non
1699 2160 1789 2195 suerit
1808 2173 1858 2195 or-

1106 2209 1254 2248 dinatus,
1283 2209 1418 2255 singulis
1454 2210 1557 2254 annis,
1585 2210 1685 2257 prima
1714 2210 1857 2245 videlicet

1106 2259 1156 2294 die
1180 2260 1299 2294 mensis
1315 2260 1463 2304 octobris,
1479 2261 1617 2294 vestiaria
1635 2259 1854 2306 praebeantur.

1105 2308 1139 2343 Si
1168 2310 1337 2356 quiantem
1356 2309 1495 2344 redditus
1518 2310 1563 2345 vel
1589 2310 1757 2356 pensiones
1787 2310 1856 2345 liae-

1107 2367 1198 2393 tenus
1237 2367 1365 2406 propter
1401 2360 1459 2394 1100
1494 2358 1564 2394 seu*
1582 2359 1658 2394 alias
1695 2360 1856 2395 extiterint

1106 2409 1265 2455 assignati,
1295 2409 1473 2444 nullatenus
1495 2409 1692 2445 dimittantur
1713 2409 1854 2445 eisdem:

1107 2459 1163 2494 sed
1191 2472 1227 2493 ex
1256 2472 1338 2494 nune
1367 2471 1421 2505 pro
1445 2459 1596 2494 revocatis
1619 2459 1657 2494 ab
1685 2460 1759 2506 ipsis
1783 2467 1854 2495 tota·

1106 2509 1176 2544 liter
1203 2508 1388 2544 habeantur.
1425 2509 1463 2543 Et
1486 2509 1691 2544 nibilominus
1716 2509 1773 2551 illi,
1801 2510 1856 2557 qui

1106 2560 1303 2606 pensionem,
1332 2558 1474 2594 redditus
1506 2568 1559 2594 aut
1595 2559 1760 2606 pecuniam
1800 2573 1856 2607 pro

1107 2609 1272 2656 praedictis
1300 2609 1346 2643 vel
1369 2621 1476 2644 eorum
1497 2609 1601 2657 aliquo
1623 2609 1770 2656 cuiquam
1787 2622 1856 2644 mo-

1108 2671 1184 2694 naco
1213 2659 1389 2694 ministrare
1422 2660 1465 2694 vel
1499 2660 1658 2706 assignare
1692 2671 1856 2708 praesum-

1855 260 1904 286 An.
1922 258 1951 284 C.
1969 256 2035 283 ⁴556

1878 1121 1906 1141 Na
1919 1120 2015 1140 victualia
2027 1125 2046 1138 in

1865 1159 1955 1180 pecunia
1985 1157 2048 1170 1111111-

1865 1187 1966 1206 nitentur.
