2274 3265
245 275 292 302 An.
308 277 326 301 t}
358 277 423 302 t53o

489 262 558 295 Atio

1020 269 1206 293 nULLAurUM
1231 268 1392 292 ttOMANUM

439 328 511 367 rint,
537 327 726 362 seutentiam
770 324 1106 360 excommunicationis
1139 325 1186 358 in-
1225 334 1429 370 quocumque
1453 322 1578 356 nornine
1605 329 1784 362 censeatur,
1819 334 1858 357 eo
1889 323 1979 370 pleru¹

437 384 583 420 currant,
612 383 643 409 et
668 374 744 409 alias
785 387 841 422 pro
879 374 973 409 dictis
1004 374 1186 409 excessibus

437 426 540 460 debite
564 425 745 472 puniantur,
769 424 870 459 taliter
888 423 973 471 quod
1001 423 1092 458 cedat
1114 435 1186 458 cae-

439 476 515 510 teris
539 475 568 509 in
592 475 784 521 exemplum.
807 473 933 509 Possint
959 481 1064 508 autem
1089 484 1186 519 prae—

437 525 577 559 sidentes
612 536 647 559 ac
671 524 844 558 visitatores
879 523 908 557 in
943 521 1187 570 provincialibus

436 574 581 621 capitulis
599 573 752 621 deputati,
776 582 805 607 et
828 585 938 607 eorum
961 571 1107 619 quilibet,
1129 571 1186 605 ab-

439 624 525 659 bates
551 624 691 670 aliosque
719 635 936 670 quoscumque
972 621 1127 675 praelatos
1152 632 1188 654 ac

436 673 726 708 administrationes
748 684 809 707 non
834 672 986 706 habentis
1006 670 1188 717 superiores

437 723 602 778 religionis
625 723 778 762 eiusdem,
812 722 864 769 qui
902 719 1082 755 huiusmodi
1112 731 1188 753 sen-

437 774 565 807 tentiam
605 771 941 806 excommunicationis
988 768 1187 810 incurrerint,

436 822 646 857 satisfactione
662 821 844 875 praemissa,
853 819 1064 863 alisolvere,ct
1078 830 1186 852 secum

436 885 532 920 super
555 872 781 927 irregularitate
809 883 833 904 si
869 882 923 916 per
952 868 1185 915 simplicitatem

435 930 465 956 et
493 922 567 956 iuris
589 920 795 967 ignorantiam
820 923 901 960 (non
926 927 1029 953 tamen
1053 918 1082 952 in
1111 929 1187 952 con-

436 979 588 1018 temptum
620 970 767 1012 clavium)
798 969 900 1002 divina
945 967 1186 1007 celebraverint,

436 1021 482 1055 vel
506 1033 539 1055 se
563 1019 750 1065 ingesserint
772 1018 903 1058 eisdem,
928 1018 1001 1052 inde
1028 1024 1185 1052 contracta

436 1069 681 1104 misericorditer
714 1068 910 1115 dispensare,
945 1075 1087 1101 caeteros
1114 1078 1186 1101 vero

435 1119 642 1154 consimiliter
664 1118 837 1162 absolvere,
859 1126 890 1151 et
916 1129 986 1151 cum
1015 1117 1061 1151 eis
1084 1117 1114 1150 in
1142 1116 1187 1151 si-

435 1169 562 1203 milibus
583 1168 708 1203 casibus
730 1167 916 1215 dispensare
937 1167 1056 1201 valeant
1080 1166 1187 1201 imme-

435 1219 508 1253 diati
531 1218 714 1265 superiores
744 1229 867 1251 eorum.

483 1268 503 1315 g
538 1271 593 1302 44.
622 1267 887 1302 Monasteriorum
915 1274 945 1300 et
969 1266 1110 1300 locorum
1135 1276 1187 1299 re-

253 1314 319 1334 &lutua
337 1320 421 1341 quomo>
448 1318 454 1323 ”
480 1319 485 1323 ·

239 1348 262 1366 tto
292 1346 419 1372 recipienda.

436 1317 561 1364 lrgronis
582 1317 724 1351 eiusdem
747 1316 935 1362 dispendiis,
958 1328 1037 1362 quae
1059 1327 1095 1348 ex
1121 1327 1186 1348 mu-

437 1376 560 1401 tuorum
589 1374 749 1401 contractu
776 1367 960 1412 plerumque
983 1365 1185 1410 proveniunt,

437 1429 621 1464 praecavere
639 1416 813 1450 consultius
840 1414 1051 1458 intendentes,
1073 1414 1186 1448 statui-

436 1479 518 1510 mus
545 1466 628 1513 quod
657 1465 763 1505 abbas
781 1465 993 1511 praepositus
1017 1464 1102 1511 prior
1128 1476 1184 1498 seu

436 1517 540 1563 quivis
566 1516 764 1558 alius(etiarn
789 1514 990 1561 Apostolicae
1016 1512 1111 1548 Sedis
1134 1526 1186 1547 no-

437 1566 541 1610 tarius)
557 1565 719 1611 religionis
733 1563 876 1598 eiusdem
882 1576 1000 1611 ,quum
1016 1575 1070 1610 per
1082 1563 1183 1610 ipsum

436 1615 527 1649 l'·uerit
550 1623 692 1649 mutuum
715 1614 966 1661 suscipiendum,
995 1613 1074 1648 ultra
1097 1625 1186 1646 snm-

436 1677 518 1699 mam
552 1664 712 1699 communi
758 1662 952 1718 proiidtntia
988 1675 1043 1709 per
1074 1662 1185 1696 annale

434 1714 605 1761 capitulum
639 1725 693 1747 seu
730 1713 879 1747 maiorem
922 1721 1039 1759 partem
1087 1712 1186 1759 ipsius

435 1763 612 1807 taxandam,
635 1762 861 1809 infrascriptam
882 1763 1112 1796 solemnitatem
1132 1761 1185 1795 ob-

434 1822 546 1851 servet,
572 1812 716 1847 videlicet
744 1821 775 1845 ut
798 1811 930 1859 quilibet
953 1811 992 1845 de
1016 1811 1185 1858 praedictis

433 1864 628 1910 superiorem
646 1862 787 1896 eiusdem
802 1861 962 1907 religionis
975 1873 1035 1895 non
1053 1861 1184 1899 liabens,

432 1914 483 1960 qui
499 1912 622 1947 habebit
644 1913 784 1959 recipere
796 1920 939 1945 mutuum
956 1910 1184 1958 supradictum,

433 1971 596 1996 tractatum
620 1962 656 1995 ad
682 1962 785 1996 minus
808 1969 837 1995 et
859 1961 1024 1995 consilium
1048 1960 1182 1994 duorum

433 2012 554 2046 dierum
585 2024 645 2045 non
674 2012 928 2046 continuatorum
949 2023 1004 2044 seu
1037 2010 1184 2057 interpel-

432 2062 564 2096 latorum
593 2073 665 2095 cum
695 2061 831 2108 capitulo
856 2072 910 2094 seu
940 2067 1097 2094 conventu
1125 2072 1184 2093 suo

432 2111 615 2158 diligentem
639 2111 748 2145 habeat
771 2119 801 2144 et
824 2118 992 2144 maturum.
1013 2109 1052 2144 Et
1075 2109 1183 2143 nihilo-

433 2162 536 2195 minus
558 2162 597 2195 (le
624 2173 780 2195 consensu
808 2161 856 2194 sui
884 2159 1012 2207 capituli
1042 2158 1088 2192 vel
1111 2171 1184 2193 con·

433 2220 543 2245 ventus
566 2219 711 2245 mutuum
743 2209 926 2244 huiusmodi
951 2208 1119 2255 recipiatur
1145 2209 1184 2242 ab

433 2273 479 2295 eo.
517 2261 549 2295 ln
574 2260 764 2295 monasterio
787 2272 877 2303 vero,
901 2259 1038 2306 prioratu
1073 2266 1103 2292 et
1125 2258 1182 2292 ad-

433 2311 674 2347 ministratione,
706 2309 904 2344 conventuali
936 2308 980 2342 vel
1015 2320 1076 2343 non
1112 2320 1184 2342 con-

434 2361 580 2400 ventuali,
596 2361 789 2407 superiorem
802 2358 1018 2394 immediatum
1034 2359 1062 2392 in
1072 2358 1181 2392 eadem

434 2410 582 2456 religione
606 2410 751 2453 habente,
774 2410 803 2443 in
820 2408 1018 2444 conventuali
1039 2408 1184 2442 videlicet

433 2471 504 2493 curn
524 2468 680 2494 conventu
706 2460 818 2507 ipsiuS,
842 2461 948 2494 innon
971 2457 1182 2497 conventuali,

434 2520 504 2542 curn
533 2518 687 2544 conventu
722 2509 895 2556 superioris
918 2508 1089 2546 Ecclesiae,
1113 2519 1180 2541 uro-

435 2560 559 2593 uasterii
581 2560 645 2593 sive
667 2559 723 2593 loci
759 2566 907 2593 tractatus
930 2557 1109 2592 lruiusmoili
1135 2557 1182 2591 lra-

435 2607 553 2642 beatur.
582 2608 617 2643 Et
638 2608 843 2644 nihilominus
858 2609 887 2642 iu
907 2616 1039 2654 utroque
1058 2607 1182 2642 licentia

434 2668 488 2690 seu
512 2658 681 2692 auctoritas
705 2659 889 2693 interveniat
912 2657 986 2691 dicti
1010 2657 1182 2704 superioris

1225 371 1396 406 certificato
1419 371 1448 405 in
1471 378 1625 417 quantum
1653 370 1819 406 commode
1842 371 1907 406 lieri
1928 384 1978 418 po-

1227 421 1309 461 terit,
1323 421 1362 455 de
1389 419 1548 461 omnibus,
1564 431 1645 467 qnae
1660 420 1849 455 intervenire
1864 421 1979 455 debent

1227 471 1256 504 in
1273 477 1404 504 tractatu
1430 469 1579 517 praefato
1594 469 1622 503 in
1638 482 1701 516 quo
1714 469 1842 517 quidem
1860 478 1978 515 agatur

1227 528 1255 554 et
1279 520 1362 554 clare
1381 519 1508 566 liqueat
1530 518 1571 553 ob
1592 531 1688 566 quam
1706 531 1831 554 causam
1851 519 1979 553 cuiusv‹

1226 581 1382 609 summae,
1405 577 1435 603 et
1461 569 1485 603 si
1516 568 1580 603 lieri
1606 577 1718 615 potest,
1738 581 1753 604 a
1776 567 1894 615 quibus
1915 580 1980 602 cri-

1227 617 1385 654 (litoribus
1406 626 1437 653 et
1458 617 1518 653 sub
1540 617 1658 665 quibus
1685 618 1919 654 conditionibus
1950 627 1977 651 et

1227 668 1483 715 obligationibus,
1505 668 1660 714 quibusve
1684 668 1827 703 terminis
1853 667 1980 702 solven-

1227 717 1302 752 dum
1341 717 1533 764 suscipiatur
1572 726 1718 753 mutuum
1746 717 1979 765 saepedictum,

1227 766 1267 802 de
1290 767 1328 802 iis
1356 767 1563 801 nihilominus
1585 767 1761 802 authentica
1785 767 1978 803 conficienda

1227 817 1393 864 scriptura,
1417 817 1445 851 in
1480 829 1539 864 qua
1567 829 1602 851 ea
1637 817 1742 852 omnia
1778 829 1814 852 ac
1854 816 1978 851 nomina

1229 866 1369 907 illorum,
1405 867 1460 914 qui
1493 865 1694 901 interfuerint
1716 866 1746 901 in
1771 875 1915 907 tractatu,
1946 878 1981 901 ae

1227 924 1319 951 etiam
1344 923 1610 951 consentientium
1655 924 1685 951 ct
1718 916 1979 951 auctorizantiunr

1227 966 1456 1013 exprimantur,
1479 974 1509 999 et
1543 965 1683 1013 ipsorum
1719 966 1979 1001 auctorizantium

1226 1015 1330 1062 sigilla
1353 1016 1525 1062 scripturae
1563 1015 1743 1050 huiusmodi
1772 1023 1980 1063 apponantur.

1227 1064 1439 1100 prohibemus
1459 1066 1599 1112 insuper,
1613 1077 1651 1099 ne
1672 1073 1834 1112 praetextu
1849 1065 1982 1100 alicuius

1228 1127 1382 1162 procurae
1409 1114 1578 1162 generalis,
1606 1115 1700 1149 etiarn
1728 1115 1754 1150 si
1783 1115 1982 1150 contineatur

1228 1165 1258 1199 in
1285 1177 1333 1205 ea,
1364 1165 1448 1213 quod
1486 1172 1669 1212 procurator
1703 1172 1848 1199 mutuum
1885 1165 1978 1212 possit

1226 1215 1366 1261 recipere
1393 1223 1447 1249 aut
1474 1214 1614 1261 obligare
1647 1213 1834 1255 Ecclesiam,
1871 1226 1982 1248 mona—

1226 1265 1356 1299 sterium
1395 1264 1440 1299 vel
1468 1263 1564 1298 alium
1593 1263 1710 1305 locum,
1734 1272 1879 1299 mutuum
1904 1264 1981 1298 reci*

1227 1326 1299 1359 pere
1336 1313 1433 1348 valeat
1477 1313 1631 1356 Ecclesia,
1669 1314 1893 1348 monasterium
1936 1315 1979 1346 rel

1226 1363 1315 1398 locus
1336 1363 1418 1397 alius
1445 1363 1592 1408 obligari,
1616 1363 1675 1397 nisi
1712 1363 1799 1408 prins
1823 1363 1979 1410 praedicta

1226 1413 1331 1447 omnia
1355 1412 1470 1447 fuerint
1492 1412 1667 1447 observata.
1690 1411 1846 1447 Volumus
1863 1421 1980 1453 autem,

1225 1462 1309 1509 quod
1334 1462 1466 1509 pecunia
1488 1474 1567 1509 quae
1587 1461 1699 1502 taliter,
1716 1470 1745 1496 ut
1761 1462 1979 1508 praemittitur,

1226 1520 1336 1546 rnutuo
1360 1512 1540 1559 recipietur,
1564 1524 1625 1545 non
1655 1520 1813 1546 remaneat
1837 1512 1867 1546 in
1884 1512 1981 1546 solius

1225 1561 1372 1596 antistitis
1386 1574 1441 1596 seu
1457 1561 1578 1596 abbatis
1592 1560 1638 1595 vel
1663 1561 1773 1608 prioris
1786 1569 1840 1595 aut
1852 1561 1980 1596 alterins

1225 1610 1491 1646 administratoris
1543 1610 1726 1645 huiusmodi
1782 1617 1977 1645 contractum

1226 1660 1363 1695 ineuntis
1402 1659 1616 1708 principaliter
1651 1667 1824 1706 potestate,
1857 1660 1924 1700 sed,
1951 1662 1976 1694 si

1225 1710 1390 1745 commode.
1413 1710 1477 1744 lieri
1504 1718 1616 1756 potest,
1632 1709 1772 1744 tradatur·
1799 1709 1900 1744 tribus
1922 1722 1977 1744 seu

1226 1759 1370 1807 pluribus
1410 1767 1463 1794 aut
1504 1759 1706 1806 paucioribus
1751 1760 1846 1798 viris,
1887 1770 1975 1806 prout

1225 1809 1399 1857 expediens
1426 1809 1581 1843 videbitur·
1605 1809 1744 1856 providis
1771 1817 1801 1842 et
1820 1808 1978 1846 discretis,

1224 1860 1276 1907 qui
1300 1859 1420 1893 dictum
1438 1867 1582 1893 mutuum
1605 1858 1643 1893 ad
1669 1858 1736 1893 illas
1759 1858 1908 1894 utilitates
1923 1871 1977 1894 seu

1226 1909 1428 1944 necessitates
1451 1917 1646 1953 convertant,
1669 1908 1709 1942 Ol)
1734 1920 1812 1954 quas
1841 1908 1980 1943 noscitur

1225 1958 1320 1993 tuisse
1337 1967 1548 2002 contractum,
1571 1958 1622 2005 qni
1646 1970 1741 2004 super
1764 1958 1823 1992 hoc
1847 1958 1978 1992 lideliter

1224 2008 1410 2056 exequendo
1422 2008 1588 2043 iuramenti
1599 2008 1724 2042 vinculo
1736 2007 1978 2053 adstringantur,

1223 2058 1400 2093 districtius
1422 2058 1611 2097 inhibe-ntes,
1630 2069 1668 2092 ne
1689 2070 1812 2097 eorum,
1825 2070 1907 2105 quae
1923 2057 1978 2091 dr-

1225 2108 1337 2142 lrentur
1366 2108 1528 2146 Ecclesiis,
1566 2107 1764 2141 monasteriis
1813 2120 1868 2141 seu
1903 2107 1979 2141 locis

1223 2158 1292 2192 aliis
1316 2158 1476 2203 religionis
1499 2157 1655 2197 eiusdem,
1679 2157 1823 2191 remissio
1845 2156 1978 2191 fraudu<

1225 2207 1287 2242 losa
1333 2216 1363 2242 et
1392 2207 1571 2243 notabiliter·
1603 2206 1754 2241 damnosa
1777 2219 1792 2241 3
1816 2217 1975 2254 quoquam

1225 2257 1322 2291 valeat
1349 2257 1504 2292 attentari.
1525 2257 1745 2292 Per-mittimus
1762 2266 1878 2296 tamen,
1892 2259 1976 2304 quod

1223 2307 1248 2340 si
1276 2307 1406 2342 antistes
1430 2307 1474 2341 vel
1497 2306 1594 2342 abbas
1619 2315 1680 2354 aut
1703 2305 1753 2341 alii
1783 2307 1977 2353 quicumque

1223 2356 1493 2392 administratores
1522 2356 1683 2403 religionis
1698 2355 1853 2399 eiusdem,
1868 2368 1884 2391 3
1900 2355 1978 2389 loris*

1223 2406 1292 2441 aliis
1314 2406 1416 2442 dictae
1432 2407 1591 2451 religionis
1607 2406 1762 2450 eiusdem,
1774 2406 1890 2453 quibus
1904 2407 1974 2439 sul·-

1222 2465 1308 2496 sunt⁷
1324 2457 1385 2491 sint
1401 2457 1533 2491 multum
1564 2456 1686 2501 remoti,
1714 2464 1742 2491 et
1757 2467 1850 2491 casus
1865 2455 1977 2502 aliquis

1222 2506 1383 2541 evidenter
1412 2506 1495 2541 utilis
1521 2519 1576 2541 serr
1606 2505 1801 2541 necessarius
1823 2515 1976 2547 occurrat,

1223 2556 1272 2590 rui
1293 2557 1432 2591 succurri
1461 2568 1522 2591 non
1548 2557 1656 2596 valeat,
1673 2556 1730 2591 nisi
1756 2555 1833 2590 ultra
1861 2555 1975 2590 dictatu

1223 2619 1378 2641 summanr
1407 2607 1566 2641 communi
1611 2606 1802 2653 providentia
1844 2613 1974 2640 taxatam

1224 2664 1369 2691 mutuum
1398 2657 1610 2699 contrahatur,
1639 2656 1758 2691 licitum
1784 2656 1821 2689 sit
1844 2654 1975 2692 eisdem.

1996 268 2045 294 Αη.
2063 268 2092 294 C.
2112 267 2180 294 r559
