2274 3265
213 240 260 266 An.
279 239 307 263 (ἶ,
327 235 392 262 ¹336

226 454 282 478 Quos
299 451 321 469 aul
339 450 356 469 id
374 450 392 468 ln

213 483 321 503 anuntiant
338 481 393 500 adtu-

213 516 287 534 buuiit.

239 1787 266 1807 De
282 1786 357 1807 divinis
375 1783 407 1804 ol-

226 1818 286 1838 ficus,

237 2379 258 2400 Ει
267 2379 368 2405 auttendi
377 2385 418 2399 uio-

457 225 500 256 39
505 227 525 256 2

409 289 466 323 hus
488 287 709 324 observandas.
732 286 880 320 adhibitis
899 285 989 320 nobis
1015 285 1051 319 ad
1082 285 1155 318 haer.

408 336 648 384 quampluribus
689 336 762 370 viris
797 334 994 370 solemnibus
1031 342 1157 369 sanctae

411 388 569 421 llomanac
599 385 760 421 Ecclesiae
794 384 1023 420 cardinalibus:
1049 383 1157 417 videli-

409 446 457 471 cet
485 435 717 471 venerabilibus
740 434 886 470 fratribus
911 434 1004 469 Petro
1027 433 1158 467 Praene-

409 485 552 526 stinensi,
578 484 751 520 Gaucclino
781 484 965 527 Albanensi,
988 481 1157 529 episcopis,

409 549 443 570 ac
465 535 590 571 dilectis
617 535 688 569 liliis
708 534 801 569 Petro
824 533 904 568 tituli
929 534 1061 568 Sanctae
1084 531 1158 565 l'ra-

411 585 499 621 xedis
539 584 731 632 presbytem,
771 597 808 619 ac
841 582 999 618 Calliardo
1024 582 1159 615 Sanctae

410 636 527 671 aniae
543 636 571 670 in
595 635 701 679 Silice,
714 643 743 669 et
759 632 931 669 Bertrando
946 632 1080 666 Sanctae
1099 631 1160 666 Ma-

412 687 474 721 riae
502 686 531 720 in
555 685 686 732 Aquiro,
709 684 848 719 diaconis
871 682 1096 717 cardinalibus:
1125 694 1161 716 ac

410 736 503 770 etiam
518 733 750 770 venerabilibus
766 732 911 768 fratribus
926 732 1050 772 nostris,
1066 731 1161 767 Gotio

412 786 562 832 patriarca
596 782 936 830 Constantinopolitan.
979 789 1008 815 et
1048 781 1162 816 Iacobo

411 836 562 882 episcopo
588 833 742 872 Brixicu.;
769 845 804 867 ac
831 831 953 866 dilectis
980 831 1052 865 filiis
1087 830 1162 865 Gir-

413 885 499 918 herto
525 883 632 918 Sancti
669 882 802 917 Victoris
846 880 1104 923 Massilienensis,
1128 893 1162 915 ac

411 933 586 968 Guillermo
601 931 790 966 Montisolivi
807 930 1070 966 Carcassonensis
1088 930 1162 964 dite-

412 983 493 1017 crsis
521 982 782 1017 monasteriorum
810 980 986 1023 abbatibus,
1015 992 1072 1014 nec
1100 992 1161 1013 non

413 1032 548 1067 Get-aldo
575 1030 735 1070 Generali,
766 1030 902 1064 Hearico
926 1029 1089 1067 Franciae,
1112 1028 1163 1063 lo-

413 1094 495 1116 anne
528 1081 756 1127 Burgundiae‚
792 1080 919 1114 Pastore
954 1078 1162 1119 Provinciae,

415 1131 507 1166 l‘etro
524 1130 670 1172 Tusciae,
689 1143 747 1164 nec
767 1142 828 1164 uon
852 1128 966 1163 Pontio
994 1127 1162 1163 Carboneli

416 1180 604 1227 Aragoniae,
625 1193 661 1215 ac
684 1179 777 1214 Petro
800 1179 840 1213 de
857 1178 1056 1213 Saxol'errato
1080 1178 1164 1212 Mar-

415 1231 504 1265 chiae
550 1229 760 1267 Anconitan..
808 1228 955 1275 Philippo
1005 1227 1163 1274 quondam

416 1279 643 1323 Mediolanen„
684 1279 854 1314 Laurentio
895 1276 1056 1324 quondam
1086 1277 1165 1311 Ter-

418 1342 468 1364 rae
492 1328 622 1364 Laboris
645 1327 876 1376 provinciarum
901 1326 1051 1361 ministris
1066 1354 1075 1369 ,
1109 1327 1165 1360 Ni-

417 1379 504 1413 colao
526 1378 565 1413 de
583 1377 680 1425 Nayo,
715 1377 866 1412 Gualtero
888 1376 1043 1423 Chyaton,
1075 1376 1168 1410 Guil-

419 1428 511 1463 lelmo
550 1427 703 1462 Bernardi
742 1427 781 1461 de
815 1426 927 1469 Podio,
961 1425 1100 1460 Antonio
1127 1425 1167 1460 de

418 1477 571 1521 Valentia,
593 1477 779 1512 Fortanerio
800 1476 941 1515 Vassalh,
957 1487 1063 1510 sacrae
1079 1475 1168 1510 theo-

420 1528 517 1574 logiae
539 1527 708 1574 magistris,
729 1539 764 1561 ac
788 1525 879 1560 Petro
901 1525 939 1560 de
961 1525 1075 1565 Strata,
1097 1538 1167 1571 pro-

420 1585 564 1612 curatore
587 1577 618 1611 in
641 1576 728 1611 curia
750 1575 826 1610 dicti
850 1575 973 1610 ordinis
998 1574 1168 1614 Minorum,

420 1626 563 1662 eiusdem
592 1626 714 1661 ordinis
750 1624 992 1673 professoribus,
1025 1624 1169 1671 providi-

422 1689 492 1711 mus
515 1675 684 1710 faciendas.

470 1726 489 1773 ἓ
515 1728 548 1759 2.
576 1725 610 1760 ln
640 1724 748 1772 primis
775 1724 856 1759 circa
889 1723 1045 1771 agendum
1085 1723 1171 1757 divi-

423 1789 497 1812 num
515 1775 662 1811 Officium
679 1775 708 1809 in
726 1774 837 1809 eodem
856 1774 966 1809 ordine
987 1774 1172 1808 auctoritate

422 1825 593 1874 apostolica
628 1825 823 1864 ordinamus,
851 1824 934 1870 quod
957 1832 1029 1858 ante
1058 1824 1173 1858 missa-

424 1889 491 1911 rum
519 1883 549 1910 et
583 1875 729 1910 horarum
766 1874 918 1921 principia
952 1873 1061 1908 fratres
1098 1873 1172 1908 dieti

423 1925 543 1961 ordinis
576 1937 700 1969 omneS,
739 1936 820 1971 qnos
851 1935 945 1958 cansa
980 1923 1175 1958 rationabilis

425 1988 486 2011 non
526 1982 672 2018 excusat,
711 1973 748 2008 ad
792 1972 925 2008 chorum
966 1973 1174 2013 conveniant,

427 2024 638 2073 praeparaturi
675 2023 812 2058 Domino
845 2022 938 2058 corda
974 2035 1040 2063 sna,
1070 2022 1176 2069 ibique

425 2076 494 2109 sine
516 2075 674 2118 discursu,
698 2084 870 2112 murmure,
895 2073 973 2115 risu,
996 2079 1025 2106 et
1058 2072 1176 2119 absque

427 2125 510 2171 vagis
531 2132 560 2159 et
583 2124 670 2158 vanis
693 2122 885 2170 aspectibus,
908 2121 967 2157 sub
993 2120 1129 2162 silentio,
1147 2121 1175 2156 in

428 2186 503 2222 pace
525 2181 555 2208 et
576 2186 647 2208 cum
664 2172 769 2208 debita
792 2172 940 2219 gravitate
963 2180 1177 2219 permaneant,

429 2232 556 2259 cantent
598 2233 628 2258 et
664 2231 764 2267 orent,
799 2230 829 2257 et
864 2233 964 2269 usque
1005 2221 1035 2255 in
1084 2221 1176 2256 finem

431 2273 622 2308 unanimiter
649 2280 859 2320 perseverent.

480 2323 499 2370 g
526 2325 558 2357 5.
586 2322 666 2364 Quia
702 2335 774 2357 vero
802 2330 912 2357 cantus
946 2320 1180 2356 ecclesiasticus

433 2374 555 2407 divinae
582 2372 683 2407 laudis
708 2371 898 2408 sacrificium
922 2371 1107 2418 fructusque
1135 2370 1180 2405 la-

435 2424 555 2457 biorum
593 2422 772 2457 canentium
814 2435 875 2456 non
915 2422 1016 2456 solum
1057 2432 1180 2466 eorum,

434 2474 485 2519 qui
511 2472 658 2518 psallunt,
685 2472 738 2506 sed
771 2472 865 2507 etiam
888 2471 1064 2507 auditorum
1088 2471 1180 2505 aedi-

437 2522 537 2557 ticatio
563 2534 633 2557 esse
660 2522 786 2563 debent,
821 2522 947 2557 eosdem
971 2522 1081 2556 fratres
1108 2520 1182 2555 hor-

438 2582 537 2606 tamur
560 2572 589 2606 iu
619 2571 766 2611 Domino,
795 2580 828 2605 ut
850 2571 970 2606 divinas
999 2571 1107 2606 landes
1134 2571 1182 2604 in-

438 2631 536 2667 tegre,
559 2630 685 2662 attente,
705 2621 835 2656 honeste
870 2633 904 2656 ac
933 2622 1077 2667 religiose
1111 2633 1183 2667 per-

983 231 1081 254 BttLLA
1088 230 1167 252 nium
1192 228 1353 251 ttnMANtiat

1197 283 1373 320 solvantur3
1401 288 1509 326 gestus
1532 280 1614 314 leves
1653 288 1681 313 et
1709 287 1818 314 cantus
1840 279 1944 314 disso-

1199 333 1281 365 lutos
1321 343 1375 364 sen
1433 330 1545 364 l'ractos
1599 329 1731 363 omnino
1769 328 1946 366 ‹leetinent2

1200 388 1330 415 tractum
1369 378 1501 426 psallant
1540 378 1646 413 debito
1685 390 1782 418 more,
1824 378 1946 426 incepta

1198 442 1278 477 quae
1306 429 1400 464 simul
1424 428 1577 464 cantanda
1601 428 1728 468 suerint,
1751 426 1845 461 simul
1871 439 1947 462 con-

1201 480 1334 517 tinuent,
1362 479 1456 513 simul
1482 486 1624 526 pausent.

1248 529 1267 575 S
1294 531 1326 562 Ji.
1354 528 1547 563 (li-dinamus
1581 528 1688 568 etiam,
1715 526 1798 574 quod
1830 526 1860 560 in
1882 526 1948 560 sin-

1200 579 1282 625 gulis
1309 578 1430 613 ordinis
1458 577 1605 624 praedicti
1644 576 1852 612 conventibus
1874 576 1948 611 hora

1201 637 1299 671 sexta,
1326 627 1408 663 sicut
1435 628 1512 663 aliae
1540 627 1646 667 horae,
1669 639 1741 661 cum
1767 635 1838 662 nota
1862 626 1950 661 dica-

1203 688 1261 714 tur.
1286 678 1443 713 Custodes
1464 687 1569 714 antcm
1585 687 1613 713 et
1635 679 1797 725 guardiani
1820 691 1951 713 eorum-

1202 741 1263 776 que
1303 728 1408 763 vicarii
1448 728 1616 775 diligenter
1655 728 1829 769 intendant,
1867 728 1950 776 qnod

1203 778 1415 825 praescriptus
1438 779 1551 814 modus
1578 778 1786 814 conveniendi
1809 777 1846 813 ad
1876 778 1954 813 cho-

1203 841 1272 863 rum
1295 835 1325 862 et
1347 827 1474 862 dicendi
1500 828 1641 863 divinum
1664 828 1810 863 Officium
1840 828 1955 874 iugiter

1204 877 1399 912 observetur.
1435 878 1566 925 Siquem
1616 886 1722 913 autem
1772 878 1802 911 in
1851 877 1954 924 aliquo

1205 926 1449 974 praemissorum
1488 927 1677 975 culpabilem
1729 927 1955 974 compererint,

1204 975 1308 1011 debite
1329 977 1462 1023 puniant
1484 977 1660 1012 secundum
1689 976 1795 1011 delicti
1823 976 1956 1023 exigen-

1206 1026 1290 1065 tiam,
1314 1025 1378 1060 sive
1400 1026 1523 1073 culpae.
1558 1026 1703 1061 Minister
1725 1038 1797 1061 vero
1824 1037 1956 1071 genera-

1205 1075 1242 1109 lis
1277 1088 1331 1109 seu
1371 1076 1574 1123 provincialis
1623 1076 1708 1123 ipsos
1743 1074 1889 1110 custodes
1927 1082 1956 1109 et

1205 1124 1395 1172 guardianos
1421 1138 1595 1173 eorumque
1619 1125 1763 1164 vicarios,
1793 1136 1872 1172 quos
1901 1136 1958 1159 su-

1207 1188 1262 1222 per
1297 1175 1504 1210 ordinationis
1540 1174 1719 1210 huiusmodi
1759 1173 1957 1209 observantia

1206 1224 1472 1271 deprehenderint
1495 1225 1616 1260 notorie
1639 1224 1845 1270 negligentes,
1861 1236 1876 1258 a
1894 1223 1959 1258 suis

1193 1274 1316 1309 'officiis
1338 1281 1496 1321 tamquam
1521 1274 1648 1309 inutiles
1669 1274 1780 1309 debeat
1795 1285 1957 1308 amovere:

1208 1324 1304 1358 forma
1329 1332 1431 1358 tamen
1459 1324 1539 1359 circa
1564 1323 1745 1358 huiusmodi
1782 1322 1960 1358 annotatio-

1209 1386 1278 1407 nem
1303 1373 1458 1421 descripta
1480 1373 1622 1414 inferius,
1645 1373 1820 1412 observatm
1845 1372 1962 1406 nullus-

1208 1435 1269 1469 que
1299 1423 1391 1457 frater
1417 1423 1571 1458 eximatur
1598 1436 1613 1457 a
1637 1423 1745 1466 choro,
1767 1421 1822 1457 sed
1850 1433 1960 1457 omnes

1210 1474 1318 1507 fratres
1357 1481 1525 1507 teneantur
1566 1473 1610 1507 ire
1649 1472 1686 1507 ad
1722 1484 1834 1507 ornnes
1869 1471 1961 1506 boras

1210 1522 1378 1557 canonicas
1417 1531 1447 1557 et
1474 1523 1510 1557 ad
1536 1523 1661 1561 missas,
1684 1521 1824 1567 exceptis
1850 1533 1962 1568 aegro-

1211 1571 1350 1606 tantibus
1372 1580 1453 1610 actu,
1477 1580 1506 1606 et
1531 1571 1666 1606 multum
1691 1570 1840 1617 antiquis,
1867 1582 1963 1618 super

1211 1621 1326 1668 quibus
1363 1621 1557 1667 guardianus
1593 1620 1704 1655 babeat
1736 1619 1894 1663 arbitrari,
1933 1628 1964 1654 et

1213 1671 1370 1717 magistris
1405 1679 1436 1705 et
1458 1670 1628 1706 lectoribus
1661 1683 1697 1705 ac
1720 1669 1907 1716 bachalariis
1933 1670 1962 1704 iu

1212 1720 1412 1767 generalibus
1439 1720 1557 1755 studiis
1584 1720 1774 1763 constitutiS,
1797 1728 1827 1754 et
1856 1719 1964 1767 legen-

1214 1771 1297 1805 tibus
1321 1770 1349 1805 in
1367 1771 1435 1805 aliis
1453 1770 1580 1815 studiis,
1603 1771 1678 1805 dum
1701 1778 1771 1804 actu
1795 1782 1868 1804 snas
1886 1782 1963 1804 cou-

1215 1821 1337 1855 tinuant
1364 1820 1527 1862 lectiones;
1551 1820 1691 1868 exceptis
1713 1819 1805 1854 etiam
1835 1819 1967 1854 studen-

1215 1871 1298 1905 tibus
1320 1869 1396 1904 dum
1420 1870 1449 1904 in
1478 1870 1668 1905 lectionibus
1697 1869 1874 1916 theologiae
1920 1869 1966 1902 vel

1216 1919 1486 1967 disputationibus
1522 1919 1689 1955 ordinariis
1723 1919 1838 1954 fuerint
1872 1930 1969 1953 occu-

1218 1970 1291 2017 pati.
1322 1969 1421 2005 Porro
1441 1970 1483 2004 illi
1513 1970 1552 2005 de
1580 1970 1760 2017 praedictis,
1787 1968 1840 2016 qui
1865 1980 1903 2003 ne
1930 1967 1967 2002 ad

1217 2020 1406 2054 matutinum
1436 2020 1464 2054 in
1490 2020 1626 2055 oratorio
1653 2032 1724 2054 cum
1748 2018 1819 2053 aliis
1851 2030 1969 2053 conve—

1219 2069 1316 2110 niant,
1343 2077 1418 2104 sunt
1439 2070 1574 2117 excepti,
1603 2070 1677 2103 hora
1708 2080 1846 2115 congrua
1875 2066 1968 2101 simul

1218 2119 1255 2153 ad
1278 2119 1452 2166 capitulum
1478 2120 1522 2154 vel
1552 2119 1655 2153 locum
1684 2119 1780 2153 alium
1819 2117 1968 2152 idoneum

1219 2169 1426 2209 conveniant,
1465 2177 1495 2203 et
1539 2168 1654 2203 ibidem
1695 2167 1788 2203 simul
1832 2166 1969 2202 officinm

1219 2219 1402 2253 matutinale
1432 2218 1620 2265 persolvant.
1649 2217 1696 2252 Ad
1729 2217 1789 2252 hoc
1811 2226 1914 2252 antem
1935 2228 1970 2250 a—

1219 2268 1329 2314 stringi
1360 2268 1507 2303 nolumus
1534 2269 1670 2315 graviter
1699 2275 1895 2314 aegrotantes
1923 2266 1969 2300 vel

1221 2318 1353 2353 lectores
1372 2326 1441 2353 actu
1469 2318 1609 2366 legentes
1643 2318 1696 2365 qui
1725 2316 1890 2352 commode
1913 2328 1970 2351 ne-

1221 2376 1343 2415 queunt
1370 2376 1530 2404 interesse.

1270 2418 1290 2465 S
1317 2420 1348 2453 5.
1376 2417 1555 2464 Praeterea,
1578 2418 1650 2467 qnia
1673 2430 1731 2466 pax
1755 2425 1802 2451 est
1824 2429 1903 2464 opus
1927 2415 1971 2450 in-

1221 2470 1334 2509 stitiae,
1357 2477 1383 2503 et
1404 2469 1563 2504 silentium
1587 2468 1703 2509 cultus,
1722 2467 1790 2503 eius
1814 2475 1852 2502 'ne
1874 2468 1971 2501 devo—

1223 2519 1316 2554 tionis
1338 2519 1439 2554 servor
1462 2532 1516 2566 per
1552 2517 1801 2566 inquietudinem
1831 2517 1971 2552 multilo-

1223 2570 1289 2615 quii
1312 2569 1531 2615 extinguatur,
1557 2568 1724 2603 statuimus
1747 2577 1778 2601 et
1805 2568 1898 2602 etiam
1918 2579 1971 2601 or-

1224 2619 1382 2658 dinamus,
1411 2619 1493 2666 quod
1531 2617 1690 2652 silentium
1715 2630 1729 2651 a
1755 2616 1971 2664 Completorio

1960 223 2008 250 Au.
2025 224 2051 249 (2⁴
2078 223 2143 250 ¹536

1975 533 2076 553 Ubi-*flue
2113 533 2145 553 iis.

1963 564 1996 589 qui
2013 567 2085 583 contra
2098 566 2145 582 {ww

1964 594 2021 618 dunt,
2038 600 2127 620 poenae,

1990 1585 2028 1610 Qui
2058 1585 2120 1604 eximi
2150 1590 2161 1602 a

1978 1616 2043 1636 choro
2060 1616 2149 1641 possint.

2006 2422 2033 2443 De
2049 2422 2145 2443 silentio.
