2274 3265
231 245 278 270 An.
297 245 325 270 C.
345 244 406 271 157t

255 468 372 489 Decretum.

252 1484 368 1505 clausulae.

474 235 538 266 551

424 300 602 346 impetrent,
621 298 659 332 de
676 296 856 332 huiusmodi
880 295 1085 330 familiaritate
1101 307 1162 329 non

423 352 524 387 habita
548 352 715 386 mentione.

469 411 484 449 ξ
511 410 542 440 2.
572 405 635 440 Nos
662 406 690 439 in
720 404 898 452 praemissis
922 404 1086 451 providere
1110 415 1165 435 vo-

421 461 532 499 lentes,
554 459 738 494 auctoritate
760 458 928 505 apostolica
953 466 1059 492 tenore
1081 469 1166 503 prac-

420 515 555 549 sentium
578 513 791 552 declaramus,
826 512 1027 551 conationes,
1062 511 1165 558 provi-

419 568 535 608 siones,
557 567 670 614 gratias
686 574 715 601 et
732 565 874 600 mandata
894 577 1112 612 quaecumque
1127 565 1164 598 dc·

419 620 655 656 canonicatibus
677 628 705 654 et
734 619 920 666 praebendis
945 631 980 653 ac
1007 619 1166 664 dignitati-

421 674 500 715 buS,
536 673 753 721 personatibus
786 673 831 707 vel
871 672 982 707 officiis
1016 681 1069 707 aut
1099 671 1166 706 aliis

421 728 578 763 beneficiis
598 727 819 763 ecclesiasticis
832 726 1083 773 quibuscumque
1097 738 1147 759 sae
1157 746 1166 751 -

419 782 579 816 cularibus
601 790 629 816 et
652 780 858 827 regularibus,
874 792 944 814 cum
959 792 1030 813 cura
1054 787 1083 812 et
1099 779 1165 813 sine

419 848 503 875 cura,
525 848 605 882 quae
624 847 677 881 per
698 846 822 868 cessum
846 833 893 867 vel
916 833 1079 867 decessum
1113 841 1165 867 aut

418 889 493 924 alias
506 900 780 936 quorumcumque
796 887 992 921 familiarium
1008 886 1164 921 dictorum

418 942 623 977 cardinalium
651 943 871 976 continuorum
908 940 1164 974 commensalium

419 997 478 1030 iam
505 1003 661 1038 vacarunt,
685 1007 737 1041 per
756 993 1012 1029 inatlvcrtentiam
1038 1006 1091 1040 per
1110 1006 1166 1028 nos

419 1049 496 1084 facta
519 1058 548 1083 et
571 1050 600 1083 in
622 1056 781 1096 posterum
816 1047 966 1087 facienda,
995 1047 1059 1082 fore
1095 1060 1164 1082 sur-

419 1104 553 1150 reptttia,
576 1115 610 1137 ac
645 1102 761 1136 nullius
782 1101 902 1135 roboris
926 1102 970 1135 rel
1003 1102 1164 1140 momenti,

418 1169 453 1192 ac
476 1157 596 1192 irritum
624 1156 824 1191 decernimus
845 1164 874 1189 et
898 1156 987 1189 inane
1010 1155 1164 1202 quidquid

417 1220 523 1246 contra
546 1211 787 1245 declarationem
808 1209 1132 1244 nostramltuiusmodi
1149 1223 1164 1245 a

417 1278 585 1313 quoquam,
608 1264 717 1311 quavis
738 1264 924 1299 authoritate
959 1264 1092 1298 scienter
1120 1265 1164 1299 vel

417 1320 608 1365 ignoranter,
630 1326 811 1353 attentatum
837 1317 939 1352 forsan
955 1325 999 1352 est
1014 1318 1166 1352 hactenus

417 1373 463 1407 vel
492 1375 696 1420 imposterum
728 1372 891 1418 contigerit
914 1372 1066 1406 attentari.

467 1428 487 1475 g
508 1432 540 1461 3.
564 1426 647 1462 Nulli
671 1439 745 1474 ergo
772 1427 901 1461 omnino
923 1427 1087 1461 hominum
1128 1427 1166 1460 li-

418 1489 486 1517 ceat
507 1482 585 1516 banc
606 1481 748 1529 paginam
779 1489 901 1515 nostrae
937 1480 1165 1524 declarationis,

419 1536 533 1571 decreti
550 1544 581 1570 et
597 1536 761 1570 voluntatis
786 1535 954 1582 infringere
971 1544 1024 1569 etc.
1051 1534 1164 1569 Datum

417 1591 592 1635 Avenione,
614 1597 723 1636 quarto
746 1590 815 1624 idus
842 1589 1029 1629 decembris,
1063 1590 1166 1636 ponti—

418 1645 526 1680 ficatus
548 1644 645 1679 nostri
668 1656 750 1679 anno
774 1644 885 1691 primo.

450 1706 509 1736 Dat.
525 1707 572 1736 die
590 1706 625 1736 10
640 1706 804 1735 decembris
822 1706 1001 1745 -1371‚p0nt.
1021 1716 1096 1735 anno
1114 1715 1131 1735 1.

764 1862 815 1896 tv.

423 1945 513 1984 Quod
541 1945 675 1978 Ecclesia
694 1945 728 1978 S.
755 1944 880 1977 loannis
903 1946 935 1977 in
959 1945 1111 1977 Laterano
1133 1945 1167 1976 de

472 1995 548 2027 Urbe
565 2006 737 2037 supremum
760 1995 858 2027 locum
873 2001 947 2026 tenet
961 2005 1051 2038 super
1068 2005 1166 2027 onmes

470 2043 620 2077 Ecclesias
646 2044 733 2077 Urbis
754 2051 780 2076 et
802 2044 882 2076 orbis
906 2046 967 2085 (l).

686 2121 896 2152 SUMMARtUM

421 2193 608 2224 Prooemium.
627 2211 664 2216 —
687 2194 710 2223 l.
733 2193 899 2224 Dubitatum
925 2195 965 2224 ait
983 2204 996 2223 a
1020 2195 1168 2224 nonnullis

461 2239 496 2268 de
518 2239 571 2268 hac
595 2240 803 2278 praerogativa.
825 2256 863 2261 --
890 2239 917 2268 Ξ.
941 2239 1101 2269 Declaratio
1126 2241 1170 2277 (de

462 2294 513 2322 qua
534 2285 561 2312 z’n
581 2284 711 2321 rubrica).
730 2301 768 2306 --
786 2284 813 2314 3.
832 2283 998 2314 Clausulae.

458 2350 497 2384 (l)
514 2350 579 2376 Huic
604 2350 733 2376 Ecclesiae
758 2351 934 2376 centenariam
962 2354 1064 2376 tantum
1090 2359 1169 2385 prae-

423 2391 590 2425 scriptionem
619 2391 715 2426 opponi
746 2398 822 2425 posse
846 2391 938 2416 statuit
962 2391 1094 2417 Honorius
1125 2392 1169 2422 tlt,

424 2435 612 2461 constitutione
631 2443 675 2461 ιιιι
689 2456 695 2467 ‚
723 2438 785 2462 tom.
804 2443 833 2461 ιιι
847 2456 853 2466 ‚
881 2436 972 2469 pagina
995 2434 1056 2461 579.
1086 2435 1171 2462 Bullas

424 2477 522 2504 autem,
548 2474 645 2509 quibus
671 2476 798 2501 Martinus
819 2476 838 2501 V
855 2479 881 2501 et
905 2474 1002 2501 Paulus
1032 2475 1053 2500 11
1075 2476 1172 2509 prima-

425 2518 479 2540 tum
496 2522 576 2549 super
595 2519 710 2542 caeteras
726 2515 797 2542 orbis
816 2518 842 2542 et
858 2515 935 2541 Urbis
956 2515 1082 2541 Ecclesias
1099 2515 1170 2541 obti-

426 2562 487 2581 nere
503 2554 619 2583 voluere,
637 2556 756 2582 consulto
775 2563 834 2581 cum
852 2555 1001 2581 Cherubino
1026 2555 1112 2586 omisi,
1131 2559 1172 2581 ut-

427 2597 486 2628 pote
519 2596 714 2623 constitutionis
749 2596 926 2629 Gregorianae
964 2595 1173 2622 confirmatorias

427 2633 573 2660 dumtaxat.

1016 239 1199 263 nUtJAtttttm
1224 237 1383 260 ttOMANttat

1250 295 1394 331 Gregorius
1415 295 1556 330 episcopus
1575 300 1670 322 servus
1688 299 1826 322 servorum
1844 293 1904 325 Dei.

1337 345 1370 372 ad
1390 344 1549 379 perpetuam
1580 343 1620 371 rei
1650 342 1815 371 memoriam.

1254 416 1358 462 Super
1383 415 1543 448 universas
1561 413 1646 447 orbis
1659 413 1818 447 Ecclesias
1832 412 1951 447 Roma-

1208 479 1265 500 nus
1292 464 1435 500 Pontifex
1457 476 1472 497 a
1497 462 1633 497 Domino
1654 462 1854 501 constitutus,
1870 462 1949 497 circa

1207 528 1252 558 ca,
1270 515 1309 548 ‹le
1334 514 1449 561 quibus
1473 512 1607 546 dubitari
1630 511 1755 554 dicitur,
1784 519 1816 544 ut
1843 511 1950 546 evitari

1209 566 1327 609 possint
1354 574 1573 610 quaecumque
1606 560 1787 607 dispendia,
1810 560 1950 594 declara-

1208 613 1300 647 tionis
1315 641 1322 652 ,
1364 612 1414 646 ubi
1453 611 1589 657 expedit,
1627 623 1700 644 suae
1742 609 1950 656 provisionem

1207 663 1323 704 adiicit,
1348 670 1435 708 prout
1462 660 1524 694 fore
1547 660 1700 705 conspicit
1725 667 1950 706 opportunum.

1255 714 1274 757 ξ
1299 714 1324 745 l.
1348 711 1430 745 Sane
1458 710 1577 743 dudum
1601 709 1677 744 (lum
1707 709 1817 743 minori
1843 708 1952 754 funge-

1209 761 1317 795 bamur
1330 760 1442 799 officio,
1454 759 1653 806 percepimus
1666 758 1750 806 quod
1765 758 1803 792 de
1815 758 1952 792 Ecclesia

1209 810 1417 844 Lateranense
1433 813 1536 855 (quam
1561 809 1599 843 cl.
1616 821 1709 842 mem.
1726 807 1954 842 Constantinus

1208 860 1411 894 fidelissimus
1439 859 1606 904 imperator
1634 859 1663 892 iu
1681 857 1882 892 Lateranensi
1899 869 1954 904 pa-

1208 910 1280 943 lutio
1303 922 1361 943 suo
1386 909 1571 942 miraculose
1594 907 1762 941 mundatus
1778 920 1794 941 a
1818 907 1900 952 lepra
1925 916 1954 940 et

1207 959 1284 993 sacri
1300 958 1501 1004 Baptismatis
1517 957 1601 991 fonte
1625 965 1761 996 renatus,
1780 957 1954 991 construxit

1206 1008 1265 1042 sub
1288 1007 1437 1042 vocabulo
1451 1006 1636 1046 Salvator-is,
1659 1015 1799 1040 statuens
1815 1006 1897 1052 quod
1917 1018 1952 1039 ex

1208 1065 1282 1091 tunc
1304 1057 1399 1091 libera
1429 1064 1512 1091 esset
1538 1056 1711 1102 unicuique
1736 1063 1872 1102 potestas
1901 1068 1954 1101 per

1208 1106 1324 1141 Urbem
1352 1114 1381 1140 et
1417 1105 1525 1140 orbem
1559 1105 1706 1140 eeclesias
1740 1105 1955 1147 construendi,

1207 1156 1289 1203 quod
1313 1163 1401 1190 antea
1426 1154 1596 1202 imperialis
1612 1154 1784 1202 probibitio
1806 1154 1952 1187 inhibue-

1207 1209 1266 1249 rat)
1293 1218 1308 1239 a
1332 1205 1519 1251 quibusdam
1535 1204 1666 1238 curiosis
1689 1203 1903 1243 dubitabatur,
1919 1216 1954 1236 ac.

1207 1256 1297 1289 etiam
1326 1255 1355 1288 in
1381 1254 1535 1301 praesenti
1565 1255 1594 1287 in
1624 1253 1755 1288 dubium
1780 1261 1952 1291 revocatur,

1207 1305 1231 1339 si
1261 1306 1326 1350 ipsa
1352 1304 1381 1337 in
1410 1303 1505 1343 Urbe,
1533 1312 1563 1337 et
1589 1303 1664 1337 orbe
1687 1311 1850 1341 terrarum,
1875 1315 1954 1349 prae-

1207 1354 1406 1388 eminentiam
1445 1366 1480 1387 ac
1515 1353 1641 1387 lionoris
1671 1352 1915 1398 praerogativam
1938 1365 1953 1386 a

1207 1403 1347 1438 Romana
1376 1402 1515 1437 Ecclesia
1539 1411 1567 1437 et
1587 1415 1602 1436 a
1622 1402 1744 1436 cunctis
1766 1402 1955 1436 christicolis

1207 1453 1349 1487 obtinere
1372 1452 1481 1486 debeat
1511 1453 1673 1499 potiorem.

1256 1502 1328 1549 §2
1358 1501 1423 1536 Nos
1451 1503 1544 1547 igitur
1583 1501 1721 1536 volentes
1749 1500 1822 1534 liuic
1856 1499 1954 1534 dubio

1208 1552 1301 1585 linem
1332 1552 1504 1597 imponere,
1532 1559 1562 1585 et
1584 1562 1679 1596 super
1701 1550 1760 1584 hoc
1794 1558 1956 1596 amputare

1208 1600 1366 1635 materiam
1384 1600 1568 1640 haesitandi,
1584 1600 1765 1633 auctoritate
1787 1599 1954 1644 apostolica

1209 1659 1316 1684 tenore.
1340 1650 1549 1695 praesentium
1573 1649 1781 1688 declaramus,
1805 1649 1957 1683 decerni—

1208 1713 1290 1743 mus,
1317 1712 1351 1734 ac
1378 1700 1470 1733 etiam
1503 1699 1690 1737 definimus,
1724 1707 1954 1733 sacrosanctam

1207 1749 1449 1784 Lateranensem
1465 1749 1635 1783 Ecclesiam
1649 1748 1836 1794 praecipuam
1849 1748 1955 1782 sedem

1208 1807 1344 1834 nostram
1369 1800 1449 1833 inter
1470 1811 1580 1833 omnes
1607 1798 1682 1832 alias
1705 1798 1798 1833 Urbis
1820 1806 1849 1832 et
1871 1797 1956 1832 orbis

1208 1849 1365 1884 Ecclesias
1379 1861 1414 1883 ac
1436 1848 1591 1887 basilicas,
1615 1849 1706 1882 etiam
1735 1860 1830 1894 super
1853 1846 1957 1882 Eccle-

1207 1899 1283 1933 siam
1312 1910 1366 1933 seu
1388 1898 1547 1932 basilicam
1562 1897 1719 1944 Principis
1735 1897 1955 1944 Apostolorum

1208 1948 1245 1982 de
1262 1947 1347 1982 Urbe
1362 1960 1543 1994 supremum
1561 1947 1663 1982 locum
1683 1956 1799 1981 tenere.
1816 1946 1957 1992 Eamqut¹

1208 1998 1246 2032 de
1269 1998 1335 2031 iure
1357 1998 1507 2032 maiorem
1530 1996 1678 2031 omnibus
1712 1997 1780 2030 aliis
1809 1996 1958 2030 Ecclesiis

1209 2060 1243 2082 ac
1271 2046 1407 2081 basilicis
1433 2046 1633 2093 supradictis,
1661 2059 1697 2080 ac
1725 2059 1820 2092 super
1847 2057 1959 2080 omues

1209 2105 1238 2131 et
1254 2096 1394 2143 singulas
1408 2097 1549 2143 praefatas
1573 2096 1730 2130 Ecclesias
1743 2108 1798 2130 sen
1816 2094 1960 2129 basilicas

1212 2146 1392 2193 prioritatis,
1407 2146 1567 2192 diguitatis
1589 2153 1618 2180 et
1636 2146 1888 2192 praeeminentiae
1908 2144 1960 2178 bo-

1212 2209 1286 2231 nore
1309 2196 1424 2230 laetari.
1451 2196 1488 2230 Et
1511 2196 1535 2230 si
1559 2195 1634 2242 quid
1652 2203 1758 2229 contra
1776 2193 1958 2229 huiusmodi

1213 2254 1349 2281 nostram
1373 2245 1629 2285 declarationem,
1652 2245 1960 2283 determinationem,

1211 2313 1245 2334 ac
1266 2300 1494 2338 definitionem,
1510 2313 1524 2333 a
1547 2311 1717 2346 quoquam,
1731 2298 1840 2345 quavis
1856 2306 1960 2332 aucto-

1213 2354 1299 2388 ritate
1321 2355 1454 2388 scienter
1481 2354 1527 2388 vel
1557 2355 1748 2399 ignoranter,
1775 2360 1958 2387 attentatum

1213 2408 1314 2445 fuerit.
1344 2410 1370 2441 iil
1400 2409 1519 2442 irritum
1540 2408 1739 2443 decernimus
1761 2415 1789 2441 et
1809 2407 1910 2440 inane.

1261 2462 1280 2508 g
1309 2466 1339 2496 5.
1368 2462 1450 2496 Nulli
1474 2475 1548 2508 crgo
1577 2463 1705 2496 omnino
1729 2461 1891 2495 bominum
1922 2461 1962 2493 li-

1214 2524 1278 2549 ceat
1307 2516 1386 2551 banc
1410 2518 1554 2563 paginam
1579 2524 1702 2551 nostrae
1725 2515 1960 2557 declarationis,

1214 2571 1447 2604 constitutionis
1482 2578 1512 2604 ct
1547 2570 1740 2604 definitionis
1778 2569 1960 2614 iufringere,

1216 2623 1260 2657 vel
1284 2625 1309 2658 ei
1333 2637 1409 2659 ausu
1434 2625 1598 2659 temerario
1634 2624 1799 2659 contraire,
1827 2623 1860 2658 Si
1888 2623 1960 2669 quis

1966 232 2014 258 Αη.
2031 232 2058 258 C.
2081 231 2145 257 1572

1992 420 2121 440 Prooemium.

1982 717 2096 737 nubtiarum
2123 718 2151 737 ait

1968 755 1978 768 a
1997 748 2102 768 nonnulii-
2126 749 2150 768 de

1969 779 2006 799 hac
2038 784 2151 805 praeroga-

1969 814 2017 831 tiva.

1983 1503 2102 1524 nectat-atio
2120 1503 2154 1529 (ds

1970 1536 2039 1561 quain
2051 1534 2155 1559 rubrica).

2008 2474 2125 2495 Clausutae.
