2274 3265
136 433 184 458 An.
201 432 229 457 (ἲ.
253 432 315 457 1388
924 433 1115 456 commanis
1139 435 1166 456 tx
1198 434 1245 456 rt».
1744 424 1806 457 601
1880 438 1928 461 An.
1948 435 1966 460 C
1996 434 2060 461 ¹389

328 497 528 521 successores
562 487 599 521 ad
634 488 815 522 exercitium
855 488 1076 522 iurisdictionis
1165 490 1185 535 g
1209 492 1239 522 7.
1263 488 1344 522 Nulli
1361 500 1435 535 crgo
1449 489 1578 523 omniuo
1593 489 1754 523 bominum
1776 489 1865 524 liceat
1906 497 2013 516 ¹2¹au=u¹³÷

135 1431 313 1458 tneittqi

129 1463 304 1483 dacnimotmuat

141 2495 315 2522 Metrt'ipolitiiwtnt

134 2526 208 2547 Mrclud
218 2534 235 2546 in
277 2527 311 2546 Ev-

136 2558 212 2577 t‘ltsite
232 2564 262 2577 tus
281 2564 302 2577 <u

136 2595 170 2613 pru
190 2595 263 2608 noram
281 2588 317 2608 Ei»

136 2620 185 2639 etesi
195 2627 219 2639 ini

329 536 508 570 buiusmodi
526 537 756 584 deputaverint,
772 538 916 572 similiter
930 540 998 572 350
1019 538 1076 571 llo-

329 597 420 619 renos
442 587 508 620 auri
537 587 671 633 singulis
694 587 782 622 annis
805 587 842 621 de
871 588 1006 634 propriis
1029 588 1077 633 ip-

328 648 432 670 sorum
456 635 644 670 Communis
667 636 757 671 bonis
781 637 967 684 persolvere,
986 645 1077 684 prout

328 686 420 719 ctiam
446 685 571 732 praefati
595 685 773 720 Commune
801 687 977 726 voluerunt,
993 686 1075 721 etad

330 734 357 767 id
377 747 430 781 per
446 748 554 769 eorum
571 735 830 770 ambasciatorcm
856 745 885 770 et
904 736 1075 783 syndacum

328 797 361 817 >e
389 793 499 830 sponte
534 785 714 819 obtulerunt
743 795 772 819 et
797 785 962 820 efficaciter
997 786 1077 820 obli-

328 843 497 879 gaverunt,
520 835 702 869 omnimode
740 843 917 875 teneantur,
947 836 1077 882 ipseque.

327 884 496 931 episcopus
519 893 546 918 et
585 884 725 918 Ecclesia
754 885 869 919 Montis
891 885 1016 931 Regalis
1044 898 1077 919 ac

329 945 527 968 successores
564 934 744 967 huiusmodi
782 935 937 969 solutione
974 934 1076 969 salarii

328 982 400 1016 dicti
434 983 538 1017 vicarii
578 983 607 1016 in
645 992 830 1030 perpetuum
865 984 928 1018 sint
953 985 1078 1039 penitus

328 1031 459 1070 liberati
484 1042 511 1066 et
535 1032 619 1079 quod
643 1034 745 1066 omnia
770 1034 941 1079 privilegia,
960 1034 1023 1067 iura
1048 1043 1077 1067 et

329 1080 408 1115 bona
432 1081 532 1115 dictae
555 1082 714 1116 Ecclesiae
737 1082 842 1117 Sancti
864 1083 976 1117 Donati
1000 1096 1078 1130 ‹pia-

327 1129 537 1178 litercumque
561 1144 710 1166 concessa
738 1141 767 1165 et
788 1133 816 1166 in
840 1145 974 1179 quorum
1005 1145 1079 1187 pos-

326 1192 466 1215 sessione
480 1181 628 1227 pacifica
623 1194 651 1214 m
667 1183 912 1228 praesentiarum
928 1183 1078 1216 canonice

326 1230 442 1273 extitit,
479 1230 580 1265 eidem
611 1240 814 1277 permaneant
843 1231 979 1265 illibata:
1016 1244 1076 1266 non

326 1279 470 1314 obstante
492 1280 574 1327 quod
592 1280 674 1314 dicta
700 1281 837 1315 Ecclesia
862 1281 890 1315 in
913 1281 1078 1315 cathedra-

328 1328 400 1367 lem,
425 1338 457 1363 ut
482 1330 703 1375 praemittitur,
726 1331 765 1364 sit
787 1338 899 1364 erecta.

376 1378 396 1424 g
419 1381 450 1412 5.
478 1378 602 1413 Deinde
626 1392 718 1421 vero,
742 1381 926 1414 auctoritate
949 1388 1078 1426 aposto-

330 1427 385 1461 lica
409 1428 621 1475 approbantes
644 1438 673 1463 et
697 1429 885 1463 ratificantes
921 1430 1025 1463 omnia
1049 1438 1079 1463 et

329 1478 448 1523 singula
482 1486 581 1524 gesta,
610 1479 728 1512 firmata
752 1488 781 1512 et
804 1490 965 1519 concessa,
993 1479 1079 1512 ordi-

329 1535 396 1560 nata
420 1535 449 1561 et
472 1536 624 1562 conventa
658 1528 850 1561 coniunctim
887 1528 931 1561 vel
955 1528 1077 1562 divisim

328 1576 408 1610 inter
442 1577 574 1611 dilectos
610 1577 719 1611 fratres
758 1585 881 1611 nostros
916 1577 1078 1611 Nicolaum

328 1626 406 1660 tituli
430 1625 536 1660 Sancti
553 1626 678 1669 Cinaei,
695 1635 724 1660 et
740 1626 834 1667 Petri,
850 1626 984 1661 Sanctae
1000 1627 1081 1660 Ana-

325 1675 449 1716 stasiae,
467 1676 676 1723 presbyteros,
700 1684 730 1709 et
752 1675 954 1711 Franciscum
974 1676 1078 1711 Sancti

326 1724 487 1760 Eustachii
511 1726 691 1766 diaconum,
722 1725 910 1770 cardinales,
934 1739 969 1760 ex
993 1738 1080 1761 com-

329 1780 479 1814 missione
495 1779 620 1815 eisdem.
633 1793 689 1827 per
707 1793 762 1815 nos
779 1781 875 1815 sactae
893 1782 976 1815 vivae
996 1782 1080 1816 vocis

327 1835 453 1869 oraculo
470 1836 599 1869 nomine.
612 1835 773 1870 Romanae
790 1835 952 1870 Ecclesiae
967 1849 1003 1870 ex
1020 1849 1079 1870 una

329 1897 424 1935 parte,
447 1897 477 1923 et
499 1890 672 1937 syudacum
689 1889 878 1924 Communis
895 1889 1009 1924 Montis
1023 1890 1079 1924 Re-

327 1944 404 1989 galis
426 1957 462 1978 ex
486 1945 580 1978 altera
605 1953 703 1991 parte,
727 1956 787 1978 non
814 1944 1010 1978 obstantibus
1024 1945 1080 1978 ali-

327 1998 443 2043 quibus
459 1999 617 2045 expressis
633 1999 661 2032 in
677 1999 867 2032 contrarium
884 1998 1080 2042 facientibus,

328 2064 409 2097 quae
432 2053 506 2086 buic
534 2053 764 2087 confirmationi
791 2052 865 2086 niliil
891 2052 1025 2087 babeant
1049 2054 1078 2086 in

330 2105 433 2151 aliquo
452 2105 616 2152 derogare,
641 2106 779 2139 volentes
804 2105 959 2151 praedicta
979 2114 1079 2152 gesta,

330 2159 483 2203 ordinata,
507 2160 637 2200 lii-mata,
661 2172 809 2194 concessa
828 2161 990 2206 perpetuis
1008 2169 1080 2194 tcm-

331 2213 459 2258 poril)us
481 2212 628 2247 duratura
657 2221 686 2247 et
713 2212 881 2248 efficaciter
909 2214 1079 2259 observari,

330 2278 363 2299 ac
387 2267 410 2299 si
435 2267 589 2312 praesenti
613 2266 713 2301 forent
730 2267 892 2314 privilegio
913 2267 1080 2310 declarata,

331 2321 508 2365 patentibus
536 2320 574 2355 de
606 2322 786 2367 praemissis
818 2322 952 2368 publicis
979 2322 1079 2357 docu-

332 2383 456 2409 mentis.

379 2429 398 2475 ἐξ
421 2431 451 2462 (3.
476 2429 632 2464 Volumus
656 2430 784 2476 insuper
806 2430 889 2477 quod
915 2431 1081 2477 episcopus

331 2496 384 2530 qut
410 2496 464 2530 pro
487 2492 628 2531 tempore
652 2484 755 2523 fuerit,
779 2485 921 2519 Ecclesia
945 2495 974 2520 et
991 2486 1081 2532 capi-

306 2539 429 2572 *tulum
454 2538 568 2572 Montis
595 2538 723 2584 Regalis
753 2539 961 2585 praedictum,
991 2549 1079 2586 prout

332 2593 597 2638 quemadmodum
636 2594 761 2639 praelati
785 2594 955 2640 episcopus
976 2603 1006 2628 et
1029 2606 1082 2628 ca-

333 2647 464 2692 pitulum
489 2654 518 2681 et
540 2646 681 2681 Ecclesia
705 2648 846 2682 Astensis
868 2648 1000 2682 subsunt
1031 2660 1082 2681 ar-

331 2702 533 2748 chiepiscopo
553 2714 608 2748 pro
629 2710 768 2748 tempore
788 2703 946 2741 existenti,
968 2711 997 2736 et
1020 2702 1081 2736 Ec-

332 2756 444 2790 clesiae
471 2755 710 2795 Mediolanensi,
740 2756 980 2803 metropolitano
1012 2757 1079 2791 iure

332 2811 467 2845 subsint.

413 2868 484 2898 Ball.
510 2868 584 2897 Rom.
610 2868 663 2897 101,
690 2868 732 2897 Il.
905 2868 939 2897 'iffi

1119 543 1197 576 lianc
1221 543 1363 589 paginam
1389 552 1510 578 nostrae
1538 544 1759 590 exemptionis,
1787 543 1865 577 libc-

1120 597 1248 631 rutiouis
1263 625 1271 641 7
1294 598 1472 637 erectionis,
1495 598 1717 642 ‹locon-ationis,
1740 599 1861 637 statuti,

1118 652 1369 691 consuetudinis,
1393 652 1610 692 ordinationis,
1631 653 1865 692 subtractionis,

1119 706 1349 752 separationis,
1372 707 1602 752 applicationis,
1632 706 1782 749 mandati,
1812 719 1866 741 vo-

1123 760 1251 794 luntatis
1274 761 1457 805 infringere,
1479 769 1530 794 etc.

1169 814 1282 849 Datum
1313 815 1448 853 perusii,
1473 824 1559 848 sexto
1584 815 1652 848 idus
1677 816 1766 858 iunii,
1788 828 1867 862 pon-

1120 869 1254 903 tificatus
1278 871 1372 905 nostri
1404 882 1487 904 anno
1511 870 1687 903 undecimo.

1179 932 1238 961 Dat.
1259 933 1304 961 dic
1322 933 1337 960 8
1355 932 1425 961 iunii
1450 932 1531 968 1388,
1555 932 1654 970 pontis.
1674 941 1749 961 anno
1766 941 1802 961 Χι-

1331 1119 1581 1168 BONlFAClUS
1612 1118 1656 1167 tx

1403 1220 1496 1250 PAPA
1515 1220 1595 1250 CClll

1212 1290 1304 1322 Anno
1328 1290 1457 1322 Domini
1485 1289 1573 1322 MCC
1574 1288 1774 1322 CLXXXIX.

1122 1371 1215 1443 Post
1244 1409 1360 1443 Urbani
1392 1409 1430 1443 Vl
1454 1409 1586 1452 obitum,
1610 1408 1793 1449 cardinales,
1816 1409 1868 1455 qui

1122 1468 1163 1501 illi
1190 1468 1409 1511 adhaeserant,
1435 1468 1583 1502 conclave
1613 1467 1755 1513 ingressi,
1778 1467 1829 1500 die
1848 1468 1869 1500 2

1123 1526 1301 1560 novembris
1319 1527 1391 1560 anni
1413 1527 1502 1560 1389
1520 1527 1547 1559 in
1564 1524 1742 1559 Romanum
1760 1524 1870 1559 Ponti-

1122 1584 1211 1618 ficem
1230 1584 1390 1631 clegerunt
1407 1583 1533 1618 Petrum
1553 1583 1765 1618 Tomacellum
1791 1581 1871 1617 Nea-

1123 1642 1295 1688 politanum
1315 1671 1322 1682 ,
1344 1642 1377 1676 S.
1401 1641 1439 1676 R.
1466 1642 1499 1675 E.
1529 1642 1746 1689 presbyterum
1767 1639 1871 1675 cardi-

1124 1702 1224 1735 nalem
1241 1701 1320 1735 tituli
1343 1700 1376 1734 S.
1394 1700 1588 1742 Anastasiae,
1612 1700 1678 1747 qui,
1698 1699 1869 1746 septimum

1123 1768 1191 1806 post
1213 1759 1295 1793 diem
1324 1767 1538 1801 consecratus,
1562 1758 1745 1793 Bouifacius
1777 1757 1872 1792 voluit

1122 1819 1289 1865 appellari:
1314 1818 1392 1852 sedit
1413 1819 1441 1851 in
1467 1818 1651 1864 pontificatu
1678 1829 1778 1851 annos
1802 1828 1871 1856 x1V,

1123 1890 1247 1911 meuses
1270 1888 1317 1917 xi,
1343 1889 1406 1910 uno
1430 1877 1532 1909 minus
1554 1876 1620 1910 die:
1646 1875 1872 1922 imperantibus

1123 1937 1151 1969 iu
1174 1936 1305 1970 Oriente
1328 1935 1501 1970 Emanuele
1517 1962 1524 1973 ,
1548 1935 1576 1968 iu
1599 1933 1772 1968 Occidente
1793 1932 1871 1968 Ven-

1122 1995 1237 2032 ccslao,
1260 2007 1331 2029 mox
1352 1994 1493 2040 Ruperto
1517 1993 1647 2031 Bavaro,
1673 1992 1871 2038 imperatori-

1123 2054 1191 2088 bus.
1209 2052 1294 2087 Obiit
1309 2053 1358 2085 dit¹
1378 2055 1385 2085 1
1409 2052 1546 2086 octobris
1568 2053 1669 2091 1404,
1687 2059 1715 2084 et
1730 2051 1871 2097 sepultus

1122 2120 1166 2145 cst
1189 2112 1224 2145 ad
1250 2111 1281 2146 S.
1309 2111 1446 2144 Petrum.
1471 2110 1609 2148 Vacavit,
1634 2118 1702 2156 post
1717 2110 1785 2144 eius
1807 2109 1871 2143 obi-

1123 2179 1207 2211 tum,
1228 2169 1318 2204 sedes
1341 2169 1408 2203 dics
1432 2181 1500 2203 xvi.

1171 2227 1306 2272 Mortuo,
1321 2236 1354 2262 ut
1371 2228 1516 2273 superius
1540 2226 1686 2266 vidimus,
1707 2224 1870 2261 Clemente

1123 2286 1188 2326 Vll,
1211 2287 1264 2334 qui
1296 2296 1400 2321 contra
1425 2285 1588 2320 Urbanum
1619 2285 1659 2319 Vl
1684 2284 1783 2320 suerat
1805 2285 1870 2319 ele-

1122 2354 1203 2387 ctus,
1226 2345 1400 2380 cardinales
1427 2344 1477 2391 qui
1502 2344 1624 2390 sequuti
1648 2356 1718 2377 eum
1738 2343 1869 2386 fuerant,

1122 2404 1172 2437 dic
1194 2406 1240 2438 28
1255 2403 1452 2450 septembris,
1477 2415 1558 2436 anno
1587 2404 1690 2440 1594,
1709 2403 1870 2448 elegerunt

1124 2463 1151 2495 in
1178 2462 1435 2509 pseudo-papam
1461 2460 1586 2494 Petrum
1616 2460 1654 2494 dc
1677 2460 1778 2500 Luna,
1807 2459 1870 2493 dia-

1122 2534 1237 2555 conum
1258 2520 1445 2554 cardinalem
1461 2519 1493 2553 S.
1509 2519 1622 2553 Mariae
1640 2520 1667 2552 in
1685 2517 1869 2561 Cosmediu,

1123 2579 1174 2625 qui
1199 2578 1361 2613 Benedicti
1386 2578 1455 2611 tht
1481 2590 1592 2612 nomen
1616 2577 1762 2624 sumpsit.
1790 2576 1870 2611 Male

1123 2639 1290 2684 adeptam,
1327 2646 1509 2684 raptamque
1544 2638 1647 2684 potius
1685 2637 1868 2683 dignitatem

1123 2710 1202 2743 segre
1235 2697 1361 2744 quidem
1399 2696 1515 2729 (limisit
1549 2697 1576 2729 in
1606 2695 1747 2730 Concilio
1782 2695 1868 2729 Con-

1124 2756 1297 2790 stantieusi.
1331 2754 1418 2789 Obiit
1442 2767 1516 2788 vero
1540 2767 1645 2788 mense
1668 2753 1868 2801 septembris,

1122 2826 1204 2848 anno
1225 2816 1327 2847 4424.
