2274 3265
125 270 172 296 An.
192 270 221 296 C.
243 270 307 297 1572

935 272 1122 295 nirauonius
1150 273 1182 294 xi
1214 273 1261 294 rr.
1748 264 1817 297 5¹⁶3

363 326 436 355 t'esto
454 327 673 366 Assun'iptionis
692 326 721 355 11.
742 326 870 365 Virginis
889 326 1075 355 celebrando.

360 385 399 390 -—
423 370 468 399 16.
487 370 525 399 De
548 372 644 400 otlicio
666 372 842 408 vespertino.
863 387 902 393 -
925 371 970 400 17.
994 371 1075 400 Aliae

363 422 465 451 preces
488 424 502 443 a
527 415 716 444 scholaribus
740 424 790 454 pro
809 416 911 445 eodem
935 415 1075 452 Gregorio

362 457 515 487 dicendae.
533 475 572 481 —
591 460 636 488 18.
662 459 699 488 De
716 459 908 488 Conse-ssione
932 459 1075 493 facienda,

362 506 390 530 et
405 508 590 532 sacramento
602 503 803 533 Eucharistiae
815 503 969 533 sumendo.
980 504 1072 532 -19,

362 544 605 585 Cappellanorum
626 548 753 577 ollicium
778 548 875 586 quale.
897 564 936 569 —
963 547 1012 578 ⁶20.
1036 547 1075 576 De

362 595 476 620 rectore
489 591 615 629 singulis
627 593 712 621 11111115
725 592 869 630 eligendo.
881 609 920 614 —
932 591 978 621 21.
996 591 1073 621 ldem

363 635 493 664 secundo
522 645 598 665 anno
627 645 684 665 non
708 636 873 674 eligendus.
899 653 937 658 —
957 636 1005 666 22.
1037 635 1074 665 De

361 684 454 708 aetate
482 679 730 709 admittendorum
763 681 797 710 ad
826 681 930 710 officia.
958 697 997 703 —
1025 681 1073 711 ⁶23.

362 722 400 751 De
422 724 611 753 consiliariis.
634 741 672 746 —-
690 725 736 754 24.
759 725 797 754 De
821 726 1015 756 thesaurario.
1037 743 1076 748 —

361 767 408 796 Ξῖ).
441 767 640 799 Praesatorum
670 770 840 799 officialium
868 770 1074 801 iuramentum.

361 829 401 835 —
431 813 478 842 26.
509 812 643 843 Officium
677 816 800 844 rectoris
833 816 927 854 quale.
959 833 998 838 -—
1027 816 1074 846 27.

363 857 560 887 luramentum
590 868 604 887 a
638 859 828 888 scholaribus
855 862 1074 899 praestandum.

360 918 399 923 —-
416 902 463 931 28.
482 902 537 931 Per
559 903 662 932 horum
683 908 857 933 statutorum
885 904 1076 934 inobservan—

362 947 430 975 tiam
451 947 573 985 periurii
593 957 684 984 poena
704 957 760 977 non
780 948 952 978 incurritur.
970 965 1010 971 —
1027 949 1074 979 29.

360 989 398 1020 Ea
419 1000 485 1020 vero
509 991 554 1021 bis
584 992 612 1021 in
640 1001 717 1021 anno
747 992 804 1030 legi
828 992 946 1022 debent.
968 1010 1005 1014 —
1028 994 1074 1023 30.

361 1035 495 1066 Rectoris
519 1036 675 1066 facultates
695 1037 797 1076 quales
817 1037 886 1066 sint.
909 1054 948 1059 —
966 1038 1013 1067 31.
1036 1038 1074 1067 De

361 1081 578 1118 praecedentiis
620 1082 648 1110 in
686 1091 807 1118 mensa,
843 1085 872 1110 et
913 1083 1073 1119 gratiarum

362 1124 475 1154 actione
512 1130 576 1164 post
612 1126 714 1165 ipsam.
752 1143 791 1148 —
824 1125 871 1155 3⁶2.
905 1125 943 1155 De
975 1126 1075 1156 confe-

361 1169 474 1198 rentiis.
503 1186 541 1191 -
574 1170 621 1199 33.
644 1169 682 1199 De
706 1170 884 1199 necessariis
907 1170 941 1199 ad
966 1170 1073 1199 victum

362 1213 583 1251 provisionibus
601 1218 629 1242 et
651 1223 767 1243 summa
797 1213 930 1252 qualibet
952 1214 998 1243 die
1022 1224 1074 1243 ex—

361 1257 525 1295 pendenda.
547 1274 586 1279 -—
609 1257 656 1287 34.
684 1257 721 1286 De
740 1258 884 1293 vestibus,
912 1267 1074 1297 earumque

361 1300 577 1330 uniformitate:
600 1301 812 1340 nonnullisque
824 1302 890 1331 aliis
907 1303 1006 1337 rebus,
1024 1308 1074 1332 ele.

359 1360 398 1365 —
413 1344 459 1373 35.
475 1343 514 1373 De
530 1345 688 1381 cubiculis,
704 1355 867 1384 eorumque
884 1348 1074 1375 ornamentis

359 1403 398 1408 —
413 1387 459 1416 36.
478 1387 516 1417 De
533 1388 663 1417 cubiculi
683 1389 812 1427 optione.
829 1405 867 1410 —
889 1389 934 1418 37.
956 1389 994 1418 De
1014 1400 1075 1420 me-

360 1431 435 1465 dico,
455 1436 483 1460 et
501 1432 635 1469 diligenti
655 1432 838 1461 intirmorum
859 1434 1019 1463 curatione.
1037 1451 1076 1456 —

360 1475 407 1505 38.
429 1475 468 1505 De
498 1476 694 1515 pensionibus
719 1478 845 1511 medici,
879 1478 1074 1517 aliorumque.

358 1536 398 1541 —
416 1520 462 1549 39.
483 1520 520 1549 De
541 1520 642 1549 sunere
663 1525 689 1550 et
712 1521 863 1560 sepultura
882 1527 1074 1552 mortuorum.

359 1581 398 1586 —
414 1564 462 1594 40.
476 1563 514 1593 De
524 1564 688 1595 obedientia
708 1566 814 1595 rectori
839 1568 1025 1604 praestanda.
1037 1584 1075 1589 —

358 1609 407 1638 41.
433 1608 536 1638 Manus
560 1610 588 1639 in
613 1610 704 1639 alium
729 1610 851 1640 iniicere
877 1611 1000 1640 cuilibet
1022 1621 1073 1641 ve-

360 1659 437 1683 tatur
459 1654 514 1683 sub
538 1656 626 1684 certis
654 1656 766 1694 poenis.
789 1672 826 1677 —
857 1656 906 1685 4⁴2.
929 1656 1074 1686 Nonnulla

360 1699 546 1729 scholaribus
564 1701 791 1730 interdicuntur.
804 1701 902 1730 —43.
914 1701 975 1730 Alia
994 1711 1076 1730 man-

360 1743 436 1773 data.
470 1760 508 1766 —
539 1744 587 1773 44.
621 1744 659 1774 De
693 1745 876 1783 expellendis
900 1745 935 1774 ob
965 1750 1074 1784 patrata

361 1788 495 1817 crimina.
521 1805 558 1809 —
585 1789 635 1818 45.
664 1788 804 1825 Crimina,
831 1789 866 1818 ob
891 1799 966 1828 quae
989 1790 1076 1819 debet

361 1833 427 1870 quis
452 1832 568 1870 expelli.
597 1849 635 1854 —
663 1833 710 1863 46.
734 1833 789 1862 Alii
813 1842 953 1862 excessus
984 1834 1075 1863 simili

363 1876 503 1914 puniendi
527 1886 630 1915 poena.
652 1894 691 1899 —
714 1878 761 1906 47.
785 1878 866 1906 Aliae
893 1878 1015 1907 rectoris
1034 1878 1076 1907 sa—

362 1919 497 1949 cultates.
519 1937 558 1942 —
574 1921 622 1950 48.
642 1921 680 1950 De
703 1921 994 1951 administratoribus
1025 1922 1071 1951 bo-

362 1972 477 1993 norum.
508 1980 547 1986 —
567 1965 614 1994 49.
646 1964 684 1993 De
707 1966 841 1995 custodia
873 1966 1076 2004 pecuniarum.

362 2024 400 2029 —
422 2008 468 2038 50.
492 2008 530 2037 De
556 2018 622 2038 arca
644 2010 847 2047 pecuniarum,
871 2011 996 2049 eiusque
1020 2020 1075 2039 cu-

362 2053 465 2082 stodia.
489 2069 526 2073 —
559 2053 606 2082 51,
638 2053 776 2088 Quolibet
807 2064 884 2083 anno
918 2055 953 2083 (le
986 2054 1076 2083 rebus

363 2097 480 2135 collegii
500 2097 717 2127 conficiendum
742 2098 948 2128 inventarium.
967 2115 1006 2120 —-—
1029 2099 1076 2128 52.

361 2140 500 2175 Quolibet
521 2150 597 2170 anno
621 2151 635 2171 a
659 2147 772 2171 rectore
800 2143 985 2181 caeterisque
1015 2143 1078 2172 offi-

362 2185 487 2214 cialibus
515 2185 663 2215 reddenda
694 2186 728 2215 de
756 2186 970 2216 administratis
993 2187 1076 2216 ratio.

362 2246 400 2252 —
423 2230 470 2259 53.
494 2228 691 2268 Culpabilium
716 2231 883 2260 officialium
910 2241 1011 2269 poena.
1039 2248 1077 2253 —

362 2274 409 2303 54.
433 2273 471 2304 De
491 2274 680 2312 bibliotheca,
704 2275 906 2314 librorumque
933 2276 1076 2305 custodia.

362 2335 400 2340 —
422 2318 469 2348 55.
493 2318 628 2358 Perpetui
649 2319 814 2349 visitatores
835 2319 1021 2359 deputantur.
1040 2336 1078 2341 —

362 2364 408 2393 56.
432 2362 501 2393 ltem
523 2368 702 2402 protectores
725 2368 752 2393 et
771 2363 953 2393 desensores.
976 2380 1013 2385 —
1029 2364 1075 2393 57.

363 2409 384 2437 A
403 2408 528 2446 collegio
551 2407 684 2446 quolibet
712 2417 788 2437 anno
809 2407 903 2437 tribus
928 2408 1075 2438 scholari-

363 2453 418 2482 bus
442 2452 679 2482 Bononiensibus
703 2453 840 2482 alimenta
866 2453 1016 2482 tradenda.
1038 2469 1078 2474 —

362 2497 408 2527 58.
436 2497 576 2526 Romanis
601 2497 706 2526 Pontis.
725 2502 753 2527 et
773 2497 801 2526 S.
825 2497 857 2526 11.
880 2496 910 2526 E.
934 2497 1075 2526 cardina-

364 2538 442 2567 libus
485 2538 579 2577 ipsum
616 2538 772 2577 collegium
806 2538 1000 2567 commendat:
1038 2553 1076 2558 —

364 2578 581 2617 Scholaresque
612 2578 691 2617 ipsos
717 2578 752 2607 ad
785 2577 880 2607 studia
913 2577 1074 2606 litterarum

363 2618 593 2657 spiritualesque
631 2617 780 2657 profectus
813 2618 929 2647 excitat.
959 2634 998 2639 —
1029 2617 1076 2646 59.

362 2657 530 2688 Ctausutae.

1160 330 1307 364 Gregorius
1326 331 1467 366 episcopus
1491 337 1585 359 servus
1604 339 1746 360 servorum
1764 333 1825 366 Dei.

1252 375 1285 403 ad
1314 377 1476 411 perpetuam
1505 376 1546 404 rei
1569 377 1736 405 memor-tam.

1166 427 1229 462 Res
1272 429 1470 464 sanctissima
1511 430 1676 477 utriusque
1713 431 1788 465 iuris
1813 444 1870 466 sa-

1118 478 1245 524 pientia,
1263 491 1419 525 perquam
1444 488 1473 513 et
1497 480 1635 514 militaus
1658 480 1800 515 Ecclesia
1821 494 1870 516 rc-

1117 528 1200 573 gitur
1222 536 1252 562 et
1275 528 1375 562 civilis
1398 529 1576 575 respublica
1601 530 1808 574 gubernatur,
1825 532 1870 566 sic

1117 576 1302 611 erudiendis
1337 586 1384 612 est
1423 578 1583 612 mentibus
1616 579 1808 623 exhibenda,
1838 589 1871 615 ut

1118 639 1178 661 non
1202 626 1381 662 desidiosae
1413 628 1602 673 provisionis
1636 629 1738 662 taedio
1762 630 1870 675 ingli-

1116 685 1208 722 gatui
1216 703 1225 720 .,
1258 677 1313 711 sed
1350 686 1548 723 opportunae
1586 677 1731 712 solertiae
1765 680 1871 713 51111110

1117 727 1333 773 conquiruatui
1367 725 1498 767 Verum,
1520 726 1593 774 quia
1628 735 1702 761 sunt
1726 728 1869 762 nonnulli

1117 776 1234 822 quihus
1265 776 1302 809 ad
1326 777 1592 823 compescendam
1622 779 1667 819 (1)
1702 777 1868 812 scientiam

1118 825 1236 871 ingenii
1271 835 1380 860 natura
1423 825 1613 860 beneficium
1631 826 1789 872 praebuit,
1815 827 1870 861 sed

1118 875 1218 921 ipsius
1242 875 1414 921 sapientiae
1429 875 1562 915 donum,
1585 883 1639 909 aut
1653 875 1785 909 omissio
1804 876 1870 911 viae

1116 924 1251 963 debitae,
1275 925 1334 959 boc
1351 932 1398 959 est
1420 925 1623 959 continuatae
1647 924 1803 963 lectionis,
1822 926 1872 959 in-

1117 973 1244 1017 terimit,
1267 982 1319 1008 aut
1340 974 1476 1008 tenuitas
1501 974 1696 1009 necessariae
1715 974 1871 1009 facultatis

1116 1023 1262 1064 abscidit,
1285 1023 1377 1058 debet
1400 1036 1461 1058 non
1492 1024 1649 1058 immerito
1672 1024 1722 1064 tis,
1744 1024 1798 1070 qui
1816 1037 1871 1058 na-

1116 1082 1185 1107 tura
1213 1081 1286 1107 sunt
1305 1072 1426 1107 dociles
1448 1073 1529 1108 circa
1552 1073 1738 1108 exercitium
1761 1074 1869 1114 studii,

1117 1134 1171 1168 per
1185 1121 1252 1156 loca
1272 1122 1401 1169 provida
1424 1122 1624 1157 ordinatione
1647 1123 1797 1169 disposita
1815 1123 1872 1157 ini-

1116 1171 1192 1205 tium
1229 1171 1438 1218 negligentiae
1470 1172 1624 1211 subtrahi,
1651 1180 1681 1206 et
1710 1184 1764 1218 per
1791 1181 1871 1206 tem-

1118 1220 1270 1267 poralium
1287 1221 1505 1275 supplementa
1521 1221 1655 1255 offensio
1679 1222 1871 1267 paupertatis

1116 1269 1244 1310 auferii,
1264 1279 1296 1303 ut
1311 1270 1357 1304 sic
1372 1278 1401 1304 et
1418 1271 1477 1304 loci
1501 1271 1721 1317 opportunitas
1743 1270 1780 1304 ad
1801 1279 1872 1305 stu·

1116 1318 1201 1352 dium
1226 1319 1412 1373 exquisitae
1444 1319 1589 1353 lectionis
1616 1319 1738 1362 invitet,
1762 1328 1792 1354 et
1815 1332 1872 1354 ne-

1116 1368 1327 1402 cessarioium
1362 1367 1516 1414 praebitio
1545 1368 1745 1414 ingeniorum
1775 1369 1870 1409 vires,

1116 1425 1278 1451 summoto
1306 1417 1430 1464 inopiae
1459 1417 1596 1461 defectu⁷
1628 1417 1728 1451 votiva
1760 1430 1872 1464 opera-

1117 1467 1201 1500 tione
1220 1466 1397 1501 confirmet.

1165 1521 1179 1558 g*
1213 1520 1243 1550 1.
1268 1515 1352 1550 Sane
1367 1515 1564 1550 attendentes
1580 1516 1662 1563 quod
1686 1528 1767 1563 quae
1789 1524 1871 1550 tam-

1116 1564 1871 1612 quamacceptabilesacrificiumsummoCondi-

1118 1615 1173 1649 tori
1191 1615 1332 1648 omnium
1363 1627 1418 1661 per
1434 1627 1544 1648 manus
1568 1614 1708 1649 fidelium
1726 1614 1870 1650 offerun-

1118 1672 1178 1701 tur.
1201 1664 1250 1698 illa
1268 1664 1404 1698 maxime
1419 1663 1548 1697 Divinae
1562 1663 1716 1698 Maiestati
1746 1665 1870 1711 placere

1117 1713 1290 1748 creduntur
1314 1726 1369 1760 per
1391 1726 1483 1760 quae,
1506 1712 1543 1747 ad
1567 1713 1753 1759 effugandas
1776 1714 1868 1760 igno-

1119 1763 1236 1797 rantiae
1260 1763 1416 1806 tenebras,
1433 1763 1466 1802 ii,
1485 1762 1602 1809 quibus
1621 1763 1658 1797 ad
1681 1776 1869 1811 prosequen·

1117 1812 1192 1846 dum
1229 1812 1433 1846 scientiarum
1469 1812 1609 1846 studium
1634 1813 1778 1859 propriae
1806 1826 1868 1847 non

1117 1870 1290 1908 suppetunt
1318 1862 1493 1901 facultates,
1516 1870 1545 1895 et
1568 1861 1703 1908 quilibet
1722 1863 1810 1897 locus
1830 1863 1871 1896 in-

1119 1911 1230 1945 habilis
1252 1919 1303 1944 aut
1332 1910 1504 1945 damnosae
1532 1910 1672 1945 desidiae
1695 1920 1748 1945 aut
1776 1924 1873 1957 vaga-

1120 1960 1212 1993 tionis
1239 1960 1421 2006 arguendae
1446 1960 1606 1994 materiam
1632 1960 1796 2007 praebent,
1814 1973 1872 2008 op-

1120 2010 1262 2055 portunis
1287 2009 1435 2044 remediis
1452 2018 1480 2043 et
1497 2009 1706 2043 auxiliaribus
1728 2022 1874 2045 commo-

1118 2058 1168 2092 dis
1180 2059 1396 2094 subleventur.
1417 2058 1664 2093 Considerantes
1678 2060 1771 2094 etiam
1786 2060 1871 2114 quod

1117 2109 1245 2153 grandia
1270 2109 1435 2143 commoda
1466 2121 1501 2142 ex
1531 2109 1597 2155 ipsa
1621 2109 1700 2143 iuris
1716 2109 1870 2163 sapientia

1118 2158 1290 2204 spiritualia
1306 2167 1336 2192 et
1354 2158 1548 2205 temporalia
1569 2157 1693 2204 publica
1708 2167 1737 2192 et
1755 2159 1871 2204 privata

1119 2207 1240 2242 mundo
1260 2208 1460 2254 proveniunt,
1482 2208 1596 2254 quibus
1618 2207 1676 2242 Dei
1700 2207 1805 2242 cultus
1820 2219 1874 2242 au-

1118 2264 1220 2301 getur,
1236 2257 1313 2291 fides
1335 2257 1486 2291 catholica
1506 2256 1681 2296 roboratur,
1694 2257 1871 2291 animarum

1118 2306 1210 2340 saluti
1234 2306 1420 2346 consulitur,
1439 2318 1498 2352 pax
1520 2314 1549 2339 et
1573 2306 1781 2353 tranquilitas,
1797 2318 1872 2340 suc-

1118 2356 1193 2390 cisis
1221 2355 1341 2399 litibus,
1370 2368 1450 2402 quae
1473 2356 1657 2390 occasiones
1686 2355 1872 2402 plerumque

1117 2413 1190 2438 sunt
1224 2405 1420 2448 crimimim,
1453 2412 1651 2451 procuratum
1675 2403 1797 2438 licitum
1832 2404 1871 2439 ab

1119 2454 1237 2498 itticito,
1251 2467 1387 2502 aequum
1403 2455 1441 2488 ab
1458 2455 1566 2501 iniquo
1580 2454 1766 2494 secernitur;
1781 2454 1872 2489 bonis

1119 2505 1269 2549 praemia,
1290 2505 1379 2538 malis
1394 2504 1549 2551 supplicia
1572 2503 1802 2544 decernuntur3
1820 2504 1870 2538 in-

1117 2561 1283 2588 struuntur
1305 2554 1428 2588 animae
1443 2553 1582 2594 rudium,
1602 2561 1631 2587 et
1649 2560 1869 2600 provectorum

1117 2602 1154 2636 ad
1187 2604 1301 2638 maiora
1332 2611 1557 2646 succrescunt,
1591 2603 1708 2637 iustitia
1742 2602 1872 2650 scripta,

1152 2660 1191 2696 (1)
1209 2661 1268 2695 Leg.
1287 2660 1304 2686 s.
1323 2663 1512 2693 capessendam.

1887 276 1936 302 An.
1956 277 1984 303 C.
2003 278 2070 304 ¹572

1910 465 2041 486 promarum.

1898 1550 1955 1575 Quat·
1982 1548 2070 1568 Pontia*

1884 1587 1929 1601 cem
1937 1580 2070 1601 nroverintad

1885 1611 1923 1631 hoc
1959 1611 2070 1635 collegium

1885 1646 2001 1663 constructi
2011 1642 2059 1661 tum.
