2274 3265
85 287 135 314 An.
154 288 182 314 C.
203 288 268 315 1505

117 517 234 538 Exordium.

48 1059 50 1062 ’
95 1062 173 1083 Causae
207 1063 266 1083 huius

92 1093 258 1113 saecularizaiirli

73 1147 77 1148 V
90 1122 206 1143 Ecclesiae.

920 289 1065 311 eman-:ss

324 348 444 378 Clemens
466 350 609 386 episcopus
642 356 737 378 servus
763 356 902 378 sorvorum
930 348 985 381 Dei,

415 399 448 426 ad
481 400 642 435 perpetuam
660 399 702 427 rei
729 398 895 428 memoriam.

330 470 432 505 Sedes
454 471 644 516 Apostolica,
659 481 740 517 quae
755 481 851 515 super
871 469 1032 503 universas

283 519 441 555 Ecclesias
462 520 582 554 obtinet
603 520 707 553 divina
735 518 932 552 institutione
962 517 1031 564 pri-

283 578 414 609 matum,
437 569 518 604 circa
540 568 682 614 singulas
703 576 861 602 maternae
889 566 1031 612 diligen-

283 619 342 653 tiae
364 630 437 653 cura
460 618 570 653 sedulo
599 616 743 663 vigilans,
783 628 890 651 earum
924 615 1032 663 profe-

281 667 385 702 ctibus
404 667 487 702 velut
509 666 642 701 sollicita
665 673 764 701 mater
798 665 946 700 ardenter
982 665 1032 699 in-

282 716 394 761 tendit,
423 715 554 751 studens
598 727 632 750 ea
667 715 793 761 penitus
831 714 1030 758 submovere,

282 778 336 812 per
359 777 438 813 quae
461 765 545 811 ipsae
568 764 728 799 Ecclesiae
760 764 920 799 sustinere
958 776 1032 810 pos-

281 823 351 849 sent
377 815 458 849 circa
485 813 657 859 spiritualia
685 815 730 848 vel
771 813 865 847 etiam
906 821 1033 859 tempo-

282 864 355 898 ralia
379 871 581 903 nocumenta;
610 870 641 897 et
664 862 715 897 illa
738 862 906 898 efficaciter
928 873 1031 908 agere,

280 924 416 960 quorum
443 911 592 958 suffragio
615 912 659 946 eis
682 913 711 946 in
745 912 889 958 utrisque
932 923 1034 957 augu-

281 970 436 1006 mentum,
464 960 531 995 Deo
555 961 704 1008 propitio,
728 961 825 996 valeat
854 961 1029 1007 provenire.

329 1017 344 1054 3*
375 1015 403 1045 l.
429 1010 512 1046 Sane
536 1010 618 1044 inter
652 1011 751 1045 varias
784 1019 814 1045 et
850 1011 1034 1044 innumeras

281 1059 524 1103 sollicitudines,
547 1071 627 1106 quae
651 1059 744 1094 nobis
770 1072 808 1094 ex
831 1058 933 1093 officio
955 1071 1035 1105 apo-

281 1109 414 1144 stolatus
448 1108 650 1149 incumbunt,
689 1109 727 1143 ad
764 1108 1032 1154 Burdegalensem

281 1158 473 1213 Ecclesiam,
492 1169 573 1205 quae
597 1170 654 1192 nos
680 1158 754 1192 olim
794 1165 867 1192 ante
909 1165 1034 1191 nostiae

283 1207 493 1255 promotionis
515 1207 601 1241 initia
629 1206 705 1241 fovit
727 1215 760 1241 ut
782 1207 894 1249 filium,
922 1217 956 1240 ac
978 1205 1034 1240 de-

282 1268 368 1291 inum
398 1267 455 1290 uos
481 1267 633 1303 sponsum
658 1255 782 1299 habuit,
820 1262 942 1289 nostrae
976 1267 1034 1300 gu-

282 1305 458 1340 bernationi
487 1306 668 1343 commissa,
697 1316 781 1339 nnnc
803 1316 877 1339 vero
904 1303 1033 1337 demum

283 1367 339 1389 uos
383 1362 501 1400 patrem
536 1365 571 1388 ac
609 1353 775 1388 dominum
816 1352 1034 1398 recognoscit

281 1415 352 1438 cum
381 1402 420 1437 de
443 1403 510 1450 ipsa
533 1402 700 1442 fuerimus,
723 1403 820 1449 gratia
843 1402 965 1436 favente
994 1401 1034 1435 di

283 1453 362 1490 vina,
391 1464 452 1486 non
485 1452 601 1486 nostris
636 1453 766 1495 meritis,
804 1451 842 1486 ad
866 1462 1035 1498 supremae

281 1501 444 1549 dignitatis
463 1500 622 1548 fastigium
646 1502 783 1541 evocati;
808 1508 935 1547 propter
950 1500 1032 1546 quod

281 1551 349 1586 eius
377 1562 437 1585 non
473 1562 643 1598 possumus
677 1562 735 1585 nec
769 1550 915 1584 volumus
954 1549 1036 1583 obli-

284 1612 374 1639 vtsci,
397 1608 522 1634 nostrae
544 1608 658 1634 mentis
680 1611 778 1634 actem
805 1606 1036 1642 convertentes,

283 1657 313 1684 et
347 1648 557 1692 attendentes,
592 1648 677 1695 quod
705 1649 786 1683 dicta
816 1648 977 1686 Ecclesia,
1006 1626 1036 1682 111

283 1710 343 1746 qua
367 1697 444 1732 Ordo
466 1698 574 1733 sanssll
597 1698 765 1744 Augustini
794 1698 959 1732 lnSllllllllS
981 1709 1037 1731 ΘΧ-

285 1748 345 1782 titit
367 1747 406 1782 ab
427 1747 568 1794 antiquo,
592 1755 720 1794 propter
742 1747 900 1782 defectum
925 1755 955 1781 et
978 1747 1038 1780 im-

286 1798 457 1851 potentiam
505 1797 731 1831 canonicorum
771 1796 960 1842 regularium
1008 1796 1036 1829 in

286 1858 351 1893 ipsa
379 1846 519 1881 Ecclesia
541 1846 759 1890 existentium,
790 1847 871 1880 circa
900 1846 979 1879 bona
1008 1853 1037 1879 et

285 1897 350 1931 iura
386 1896 486 1952 ipsius
513 1897 619 1942 gravia
648 1897 765 1943 recepit
801 1896 971 1935 11Η101911115
1009 1903 1037 1929 et

285 1946 389 1981 adhuc
421 1947 533 1993 recipit
562 1954 865 1985 nocumenta3cu1n
895 1945 1037 1979 nonnulli

288 2009 342 2043 per
364 2009 453 2031 suam
479 1996 647 2043 potentiam
677 1996 727 2030 illa
755 1995 977 2041 occupaverint
1009 2003 1037 2029 et

287 2046 471 2089 invaserint,
494 2053 651 2092 occupent
674 2055 703 2080 et
728 2045 888 2083 invadant,
911 2052 941 2079 et
960 2044 1038 2079 alias

287 2095 325 2129 de
353 2095 486 2130 decimis
508 2103 538 2129 et
565 2094 742 2130 redditibus
769 2102 800 2128 et
821 2094 891 2128 aliis
919 2094 1040 2129 iuribus

287 2144 389 2179 (lictae
407 2144 571 2179 Ecclesiae
594 2144 708 2179 debitis
731 2155 791 2178 non
816 2143 1038 2190 respondeant,

288 2205 345 2228 nec
368 2194 434 2241 ipsa
457 2202 605 2241 occupata
630 2194 805 2232 restituant,
827 2201 859 2227 ut
880 2201 1039 2236 tenentur,

288 2243 408 2277 eidem:
432 2255 512 2291 qnae
534 2244 660 2290 quidem
685 2244 790 2277 omnia
820 2251 946 2290 possent
969 2254 1038 2277 con

288 2294 409 2339 tingere
431 2293 524 2328 etiam
554 2306 584 2327 111
615 2293 769 2327 futurum:
800 2292 1038 2327 considerantes

289 2342 430 2389 insuper
468 2343 550 2389 qnod
588 2342 683 2377 iidem
707 2342 847 2376 canonici
882 2355 897 2376 a
928 2343 1037 2389 primis

290 2392 439 2426 institutis
469 2400 498 2427 et
527 2391 732 2426 observantiis
761 2392 956 2438 regularibus
989 2392 1037 2426 sui

288 2446 408 2480 ordinis
447 2458 461 2480 a
491 2445 598 2480 multis
641 2446 802 2480 retroactis
841 2445 1039 2492 temporibus

288 2500 362 2534 citra
396 2500 570 2535 temeritate
599 2500 721 2547 propria
750 2499 965 2543 discedentes,
1001 2499 1037 2534 ad

289 2566 393 2589 mores
424 2562 454 2590 et
482 2554 679 2590 conditiones
707 2554 914 2589 saecularium
944 2566 1041 2588 cano-

290 2607 433 2643 nicorum
468 2609 557 2656 qnasi
584 2608 716 2643 totaliter
743 2621 776 2643 se
810 2616 982 2653 traxerunt,
1005 2620 1040 2642 ac

290 2662 498 2705 attendentes,
531 2662 634 2710 quod,
662 2661 871 2697 consideratis
897 2669 978 2696 statu
1010 2669 1040 2696 et

1708 279 1770 312 181

1074 344 1255 378 conditione
1293 345 1375 380 illius
1405 347 1537 401 patriae
1574 347 1649 382 dicti
1681 347 1824 382 canonici

1073 392 1111 427 ad
1151 392 1333 427 huiusmodi
1373 395 1513 430 instituta
1549 404 1581 431 et
1611 396 1826 431 observantias

1074 442 1232 487 regulares
1255 443 1434 484 servandas,
1460 453 1491 478 ut
1507 453 1652 479 tenentur
1667 445 1697 479 in
1718 445 1824 480 habitu

1074 498 1103 525 et
1108 468 1163 525 Din
1199 490 1288 534 aliis,
1315 491 1385 526 sine
1420 493 1504 539 gravi
1543 494 1690 529 scandalo
1718 494 1824 529 reduci

1076 551 1136 574 non
1162 548 1303 587 possent,
1326 552 1384 575 nec
1407 541 1559 577 liactenns
1583 556 1637 589 per
1660 556 1729 586 nos,
1748 543 1824 577 dnm

1077 601 1266 634 praeeramus
1302 589 1360 635 ipsi
1393 590 1566 634 Ecclesiae,
1588 604 1624 626 ac
1645 592 1723 626 alios
1746 592 1827 626 Bur-

1074 638 1216 684 degalen.
1240 638 1513 686 archiepiscopos,
1541 640 1596 695 qui
1625 640 1749 675 fuerant
1772 654 1827 687 pro

1076 694 1230 734 ternpore,
1254 696 1437 734 potuerunt;
1468 701 1526 724 uec
1550 689 1632 734 rigor
1661 690 1755 724 etiam
1778 690 1827 724 di-

1075 736 1226 783 sciplinae
1263 737 1417 783 regularis
1452 737 1525 772 dicti
1560 738 1681 773 ordinis
1722 748 1826 792 posset

1075 785 1227 832 deinceps
1255 786 1285 820 in
1319 798 1373 820 eos
1395 787 1563 822 commode
1596 799 1754 824 exerccru
1790 800 1825 822 ex

1075 846 1210 881 quoium
1228 835 1490 881 transgressione,
1514 836 1658 883 neglectu
1694 836 1740 870 vel
1756 849 1828 871 con-

1077 891 1198 930 temptu
1225 884 1264 919 de
1286 884 1367 919 facili
1395 897 1523 920 suarum
1552 886 1749 920 incurrerent
1772 898 1829 932 pe-

1076 933 1211 967 ricnlum
1235 933 1425 974 animarum,
1453 935 1503 969 cui
1531 947 1569 969 ex
1592 934 1699 970 debito
1722 943 1828 981 pasto-

1076 982 1148 1017 ralis
1165 982 1270 1026 officii,
1295 990 1388 1030 prout
1409 992 1456 1018 est
1480 984 1643 1031 possibile,
1662 995 1830 1019 occurrere

1076 1043 1134 1066 nos
1161 1039 1299 1078 oportet
1335 1031 1485 1080 quodque
1508 1043 1636 1080 propter
1669 1032 1830 1079 religionis

1078 1093 1209 1124 nexum,
1247 1081 1337 1116 cuins
1371 1081 1588 1117 observantiae
1629 1081 1830 1128 recipiendos

1076 1129 1244 1164 canonicos
1274 1130 1303 1164 in
1333 1130 1405 1185 ipsa
1433 1130 1575 1166 Ecclesia
1595 1142 1628 1165 se
1656 1130 1831 1176 astringere

1077 1185 1247 1232 oporteret,
1272 1179 1406 1214 inveniri
1437 1192 1498 1214 non
1523 1188 1652 1227 possent
1680 1180 1720 1215 de
1748 1179 1828 1214 facili

1078 1240 1132 1260 viri
1154 1227 1199 1262 sic
1222 1227 1362 1271 litterati,
1386 1237 1531 1275 potentes
1552 1240 1582 1263 et
1612 1229 1689 1263 alias
1713 1228 1830 1268 idonei

1077 1275 1185 1322 quales
1212 1275 1327 1311 dictam
1352 1277 1538 1320 Ecclesiam,
1560 1290 1641 1325 quae
1665 1285 1831 1332 metropo-

1078 1324 1182 1367 litana,
1197 1325 1343 1360 etalias
1338 1326 1470 1373 insignis
1483 1326 1598 1370 existit,
1613 1326 1652 1361 ad
1675 1327 1832 1362 instruen-

1078 1373 1154 1408 dum
1182 1374 1289 1410 alios
1283 1387 1313 1408 111
1337 1374 1496 1409 literatum
1519 1376 1662 1430 scientia,
1686 1388 1831 1422 praeser-

1079 1423 1132 1457 tim
1160 1435 1267 1459 sacrae
1297 1424 1444 1470 paginae,
1466 1433 1497 1459 et
1520 1424 1551 1459 in
1578 1425 1659 1468 aliis,
1687 1436 1768 1471 quae
1793 1425 1829 1459 ad

1077 1484 1185 1506 curam
1210 1473 1367 1520 pertinent
1395 1473 1583 1518 animarum,
1612 1485 1670 1509 nec
1703 1486 1765 1508 non
1792 1473 1829 1508 ad

1080 1522 1332 1568 recuperandum
1364 1530 1395 1556 ct
1427 1522 1664 1558 defendendum
1697 1522 1779 1557 hona
1801 1530 1832 1557 et

1080 1583 1145 1605 tura
1171 1571 1341 1617 praedicta,
1365 1571 1481 1607 habere
1507 1572 1610 1617 decet,
1633 1572 1749 1607 vellent
1776 1571 1831 1606 iu-

1079 1620 1166 1654 stitni
1191 1633 1222 1654 111
1245 1621 1370 1655 eadem:
1396 1633 1432 1655 ac
1455 1599 1669 1656 indubitanter
1695 1621 1831 1656 creden-

1080 1676 1137 1713 tes,
1152 1670 1237 1716 quod
1253 1670 1277 1704 si
1298 1682 1336 1704 ex
1351 1678 1477 1705 nostrae
1498 1670 1713 1716 providentiae
1728 1670 1832 1705 studio

1080 1718 1118 1752 de
1146 1719 1281 1765 regulari
1311 1719 1362 1754 liat
1386 1720 1453 1766 ipsa
1480 1719 1623 1755 Ecclesia
1646 1719 1832 1759 saecularis,

1082 1779 1235 1814 personae
1262 1768 1443 1803 huiusmodi
1467 1769 1591 1804 facilius
1619 1776 1766 1816 poterunt
1788 1781 1834 1802 re-

1082 1817 1193 1863 periri:
1222 1826 1252 1852 et
1279 1818 1363 1864 qnod
1392 1818 1507 1853 exinde
1535 1818 1664 1853 lionoris
1686 1826 1717 1853 et
1739 1829 1834 1853 com—

1082 1866 1166 1901 modi
1209 1868 1311 1902 eidem
1351 1867 1513 1902 Ecclesiae
1558 1868 1736 1914 proveniret
1770 1879 1832 1902 nou

1082 1916 1241 1952 modicum
1266 1917 1509 1961 incrementum,
1531 1925 1562 1951 et
1588 1916 1748 1952 salubrius
1776 1928 1834 1963 po-

1082 1967 1151 2001 terit
1174 1967 1203 2001 in
1232 1967 1449 2013 spiritualibus
1471 1974 1502 2000 et
1525 1966 1754 2013 temporalibus
1780 1979 1835 2012 gu-

1082 2015 1205 2051 bernari
1229 2029 1263 2051 ac
1288 2016 1317 2050 in
1344 2016 1514 2063 praedictis
1542 2015 1633 2050 bonis
1656 2024 1687 2050 et
1712 2014 1835 2050 iuribus

1082 2066 1278 2101 manuteneri
1305 2066 1423 2101 utiliter
1440 2073 1471 2100 et
1493 2065 1641 2105 defendi,
1665 2065 1778 2099 liorum
1802 2072 1832 2099 et

1081 2115 1174 2149 ctiam
1203 2115 1360 2159 aliorum,
1396 2127 1475 2162 sinae
1510 2113 1736 2149 rationabiliter
1767 2113 1835 2148 ani-

1082 2177 1168 2198 mum
1210 2173 1352 2200 nostrum
1394 2173 1543 2207 movent,
1583 2162 1835 2198 consideratione

1081 2213 1179 2253 ducti,
1195 2214 1234 2250 de
1258 2214 1387 2249 fratrum
1418 2222 1595 2248 nostrorum
1619 2212 1762 2255 consilio,
1781 2223 1835 2246 au-

1081 2264 1223 2298 ctoritate
1259 2264 1438 2310 apostolica,
1473 2263 1640 2310 praefatam
1674 2261 1836 2306 Burdega-

1082 2312 1144 2347 len
1168 2313 1339 2348 Ecclesiam
1365 2321 1516 2360 perpetuo
1535 2311 1762 2346 constituimus
1776 2322 1835 2345 ste—

1082 2363 1231 2402 tulareni,
1260 2374 1295 2397 ac
1323 2362 1362 2397 de
1390 2370 1514 2397 caetero
1542 2360 1714 2396 canonicos
1743 2359 1836 2394 insti-

1084 2412 1218 2447 tuendos
1245 2413 1273 2446 111
1310 2424 1344 2446 ea
1377 2411 1441 2446 fore
1471 2411 1616 2445 volumus
1645 2408 1835 2445 saeculares.

1132 2463 1152 2509 5
1173 2464 1205 2496 2.
1224 2461 1437 2496 Decernentes
1453 2472 1490 2495 ex
1505 2471 1589 2495 nunc
1602 2457 1712 2493 eadem
1733 2465 1839 2493 aucto-

1084 2510 1171 2546 ritate
1195 2511 1278 2557 ipsos
1300 2510 1336 2546 ad
1360 2510 1498 2556 regulam
1527 2508 1626 2544 sancti
1655 2507 1836 2554 Augustini,

1093 289 1188 310 vt’t’.

1843 292 1891 317 An.
1912 289 2022 316 01:505

1866 2275 1891 2294 Ea
1885 2281 1912 2294 1111
1938 2274 2035 2294 saecula-

1852 2309 1914 2326 tizat.

1877 2468 1946 2488 1Σ111011
1971 2473 2035 2494 osqn‘*

1853 2506 1873 2519 sa
1877 2499 1973 2519 eculares
1965 2500 2036 2519 <inei

1852 2530 1947 2551 decernit
1975 2531 2037 2550 inm<

1084 2561 1113 2595 in
1138 2561 1259 2605 liabitn,
1290 2559 1498 2615 professione,
1521 2568 1551 2594 et
1576 2557 1645 2593 aliis
1672 2556 1838 2592 observ—an
1850 2562 1941 2581 “¹0¹⁰*1‘1

1083 2610 1154 2646 dani
1179 2623 1240 2645 non
1263 2609 1404 2655 astringi,
1432 2617 1461 2644 et
1483 2608 1519 2643 ad
1548 2607 1761 2643 observantias
1790 2618 1838 2641 re-

1083 2660 1218 2706 gulares,
1247 2658 1464 2706 disciplinam,
1493 2665 1523 2693 et
1551 2663 1665 2692 statuta
1696 2655 1837 2692 eiusdem
