2274 3265
114 267 164 292 An.
179 267 207 290 (Ζ.
230 266 294 292 1585

124 1067 294 1090 Constitutione

111 1100 179 1125 quain
193 1098 293 1120 ruhi-tral-

931 267 1074 289 silnanus
1098 268 1128 288 Vt
1153 267 1199 287 1¹21

310 319 476 353 sententiis
499 330 528 354 et
551 320 620 355 aliis
642 321 874 366 gravaminibus
899 330 1005 367 posset
1020 321 1057 355 ad

309 367 405 402 alium
437 369 583 409 iudicem,
611 383 704 416 quein
726 370 754 403 in
773 370 836 416 ipsa
856 370 949 404 Curia
978 382 1059 409 esse,

309 426 339 451 et
367 418 515 453 maiorem
550 419 686 453 iudicem
715 419 925 453 secuinlarum
950 420 1059 466 appel-

311 467 461 501 lationum
492 469 670 514 nuncupari
696 469 863 507 volumus,
891 468 1058 514 appellari:

310 517 459 563 quodque
482 518 520 551 al)
544 518 643 564 ipsius
666 518 777 552 iudicis
802 518 926 552 maioris
949 517 1060 551 dillini-

312 566 452 600 tionibus
478 576 508 600 et
542 568 710 601 sententiis
745 567 862 601 nemini
901 567 1059 613 appellare

313 614 357 649 i‘cl
387 615 568 655 reclamare,
590 625 641 650 aut
663 617 692 650 in
718 617 871 662 integrum
893 617 1060 651 restitutio-

312 676 382 698 nem
410 673 515 711 petere
555 665 680 700 liceret:
710 674 738 699 ct
766 666 797 700 si,
827 678 919 700 secus
957 665 1058 699 forsan

312 713 375 747 lieri
393 714 600 759 contingeret,
615 727 725 748 omnes
749 712 916 761 processus
938 723 968 749 et
993 728 1062 749 sen-

312 763 425 797 tentias
446 776 724 809 quorumcumque
747 764 881 798 iudicum
899 764 1060 798 Romanae

310 810 424 845 Curiae
458 820 567 846 contra
604 813 835 848 ordinationem
874 813 1058 847 huiusmodi

310 873 347 894 ex
371 868 445 895 tunc
463 861 591 895 forsitan
617 862 787 905 faciendos,
810 875 847 897 eo
868 863 936 909 ipso
960 862 1060 897 volui-

312 922 382 944 mus
403 922 473 944 esse
501 910 606 945 irritos
624 921 654 945 et
682 911 790 946 inanes
818 926 852 946 ac
876 911 994 946 nullius
1013 926 1060 958 pe-

312 960 396 993 nitus
420 959 584 994 liimitatis.

358 1013 373 1051 g
411 1012 444 1042 2
484 1008 564 1042 Cum
593 1018 698 1043 autent
716 1037 724 1050 ,
753 1010 835 1044 sicut
857 1010 1060 1056 accepimus,

312 1057 455 1091 nonnulli
484 1066 543 1092 tam
573 1058 707 1093 Romani
731 1060 826 1101 cives,
841 1072 934 1105 quam
951 1060 1000 1093 alii
1022 1060 1061 1093 de

311 1106 378 1140 soro
412 1106 513 1141 dictae
540 1107 653 1142 Curiae
684 1108 832 1154 Capitolii
865 1109 1060 1152 existentes,

311 1164 416 1190 contra
445 1168 525 1202 quos
553 1156 581 1190 in
613 1158 677 1203 ipsa
696 1157 814 1197 Curia,
837 1158 983 1203 exigente
1013 1158 1061 1192 iu-

309 1205 405 1248 stitia,
426 1214 487 1239 tres
509 1205 689 1240 diffinitivae
708 1207 881 1241 sententiae
898 1216 972 1240 sunt
990 1207 1060 1253 legi-

310 1254 383 1288 time
419 1255 645 1301 promulgatae,
661 1258 904 1302 exequutionem
927 1257 1061 1290 iustitiae

309 1312 339 1337 et
374 1304 598 1339 sententiarum
629 1305 811 1339 liuiusmodi
856 1305 962 1350 sugere
1007 1318 1061 1352 per

311 1353 489 1387 frivolarum
523 1353 796 1400 appellationum,
823 1366 901 1400 quas
936 1354 974 1388 ad
1004 1367 1061 1388 nos

311 1403 528 1448 interponunt,
555 1402 683 1448 diffugia
709 1402 897 1446 moliantur,
919 1415 953 1437 se
976 1403 1062 1449 ipsos

310 1459 494 1497 partemque
515 1453 679 1485 adversam
699 1452 785 1486 vanis
807 1452 957 1498 expensis
973 1462 1002 1486 et
1022 1452 1060 1486 la-

310 1499 438 1534 boribus
470 1501 617 1547 nequiter
648 1500 835 1554 fatigand03
859 1514 917 1534 nos
952 1501 1059 1535 talium

309 1549 434 1584 obviare
457 1549 585 1584 malitiis
604 1550 781 1604 cupientes,
805 1550 1060 1585 vicecancellaiio

309 1607 339 1633 et
354 1599 526 1633 camerario
549 1600 675 1639 nostris,
698 1611 734 1634 ac
748 1599 900 1634 Cameiae
924 1609 1060 1639 nostrie,

311 1648 452 1694 utrisque
470 1648 668 1683 auditoribus
682 1661 848 1683 causarum
870 1649 973 1695 palatii
989 1662 1062 1696 apo—

309 1697 424 1738 stolici,
451 1698 503 1744 qui
531 1706 604 1732 sunt
631 1706 661 1732 ιι
685 1710 740 1743 pro
765 1706 905 1745 tempore
934 1698 1061 1741 luerint,

310 1755 417 1781 tenore
436 1748 648 1794 praesentium
672 1747 845 1782 districtius
868 1747 1061 1787 inhibemus

310 1810 348 1831 ne
377 1797 443 1843 ipse
467 1796 743 1831 vicecancellarius
764 1797 1059 1844 superliuiusinodi

310 1846 577 1893 appellationibus
600 1846 808 1892 interpositis,
836 1858 890 1880 seu
921 1846 1062 1892 interpo-

311 1895 424 1929 nendis
447 1908 462 1929 a
477 1895 732 1942 quibuscumque
751 1895 917 1929 sententiis
934 1896 978 1929 vel
995 1907 1062 1941 gra-

313 1945 490 1979 vaminibus
512 1945 692 1978 officialium
717 1958 771 1978 seu
798 1945 936 1978 iudicum
961 1944 1061 1979 dietae

311 1993 425 2028 Curiae
448 1994 610 2041 Capitolii,
634 2002 684 2027 aut
704 1994 875 2040 primarum
900 2003 927 2028 et
946 2005 1062 2028 secuu-

312 2043 422 2078 darum
445 2044 691 2090 appellationum
713 2043 946 2089 praedictorum
971 2043 1062 2078 audi-

313 2101 395 2127 tores
413 2093 486 2127 dare
504 2105 561 2127 nec
578 2093 636 2139 ipsi
653 2093 843 2126 camerarius
854 2101 883 2126 et
903 2093 1063 2127 auditores

313 2147 342 2180 in
367 2147 547 2181 huiusmodi
578 2147 682 2180 causis
708 2146 745 2181 ad
780 2160 834 2181 eos
865 2147 979 2181 delatis
1006 2159 1062 2180 seu

312 2201 491 2235 commissis
517 2201 634 2235 eisdem
658 2209 765 2235 contra
789 2200 904 2235 dictam
936 2200 1064 2235 ordina-

313 2255 429 2289 tionem
443 2255 482 2288 de
495 2263 618 2288 caetero
643 2254 813 2300 procedere
836 2254 1064 2300 quoquomodo

315 2316 533 2355 praesumant:
566 2308 620 2341 sed
658 2308 739 2353 ipsas
766 2321 876 2342 causas
902 2318 932 2342 et.
961 2316 1064 2354 partes

314 2375 418 2396 earum
442 2362 479 2396 ad
514 2363 633 2409 priores
662 2362 782 2396 iudices
798 2374 851 2396 seu
876 2362 1033 2403 olliciales,
1049 2375 1063 2395 a

314 2417 429 2463 quibus
451 2416 642 2462 appellatum
666 2416 785 2453 extitit,
817 2416 971 2449 remittere
1003 2428 1063 2449 non

316 2478 523 2517 postponant:
547 2482 582 2503 ac
609 2483 644 2504 ex
675 2483 757 2504 nunc
781 2470 899 2503 irritum
921 2470 1066 2504 decerni-

316 2537 385 2558 mus
408 2533 436 2557 et
462 2524 552 2558 inane
581 2524 732 2571 quidquid
761 2533 867 2559 contra
903 2524 1065 2558 inhibitio-

316 2590 386 2612 nem
417 2586 553 2612 uostram
579 2578 760 2612 huiusmodi
781 2579 946 2624 contigerit
964 2578 1067 2625 impo-

316 2642 434 2668 sterum
457 2633 611 2668 attentari.

1731 258 1799 289 597

1149 322 1169 367 5
1197 325 1229 354 ’5.
1253 320 1336 355 Nulli
1366 334 1441 365 evo
1469 323 1597 356 omniuo
1621 322 1785 356 liotninnm
1815 322 1852 355 li-

1100 383 1134 403 ce
1138 379 1167 403 ἰι
1196 370 1275 403 lianc
1305 372 1449 416 paginam
1480 379 1658 405 nostrorntn
1685 372 1852 407 voluntatis

1100 427 1130 453 et
1151 419 1265 453 decreti
1293 420 1475 465 inlringere
1491 429 1542 453 etc.

1150 467 1265 502 Datum
1293 469 1410 503 Pioniae
1433 469 1516 515 apud
1540 470 1692 503 Sanctum
1711 469 1852 512 Petrum,

1101 526 1212 564 quarto
1251 517 1400 552 kalendas
1427 518 1626 558 decembris,
1651 520 1854 565 pontificatus

1103 575 1198 601 nostri
1222 580 1304 601 anuo
1327 576 1445 602 octavo.

1116 629 1176 658 liat.
1193 630 1239 659 die
1255 629 1292 658 28
1310 629 1478 659 novembris
1500 630 1582 665 1383,
1600 635 1677 668 pont.
1694 640 1770 660 anno
1786 640 1843 660 vin.

1437 787 1519 822 xtv.

1103 870 1257 903 Institutio
1282 870 1491 902 Um'versitali's
1514 870 1619 901 Simiii
1639 870 1789 912 generalis
1815 871 1857 902 ad

1151 931 1294 951 normam
1323 920 1509 951 Academiae
1532 919 1719 951 Puri'si'ensis
1738 920 1770 951 in
1786 920 1858 952 urbe

1154 968 1330 1002 Coloniensi
1351 971 1406 1010 (t).

1370 1045 1584 1075 SUtttMAltttJtt

1104 1113 1291 1142 Prooemiuni.
1311 1129 1349 1133 —
1372 1112 1394 1141 l.
1412 1111 1633 1141 Coloniensiutn
1657 1121 1725 1149 erga
1754 1111 1859 1141 Roma-

1142 1166 1207 1186 nam
1234 1155 1396 1185 Ecclesiam
1421 1155 1534 1184 merita.
1557 1172 1596 1177 ·-
1613 1155 1641 1184 2.
1670 1155 1858 1184 Coloniensis

1143 1200 1317 1229 Academiae
1336 1199 1478 1229 institutio
1499 1209 1565 1228 cuni
1587 1199 1782 1238 applicatione
1800 1200 1857 1238 pri-

1146 1244 1317 1280 vilegiorum
1342 1243 1546 1273 Universitatis
1566 1243 1752 1273 parisiensis.
1771 1261 1809 1265 —
1831 1244 1857 1273 3.

1143 1287 1180 1316 ne
1199 1287 1380 1316 laureandis.
1402 1304 1440 1308 --
1462 1287 1490 1316 t.
1514 1287 1741 1317 Licentiatoruin
1766 1289 1857 1327 privi-

1144 1332 1229 1370 legia.
1254 1349 1291 1353 ——
1314 1332 1341 1360 5.
1360 1331 1527 1360 Clausulae.

1164 1409 1287 1437 urbanus
1305 1408 1448 1443 episcopus
1467 1413 1563 1435 servus
1586 1413 1727 1435 servorum
1740 1406 1796 1439 Dei,

1237 1457 1271 1485 ad
1302 1457 1463 1492 perpetuam
1486 1456 1528 1484 rei
1555 1457 1723 1484 memoriam.

1153 1524 1184 1557 lu
1210 1536 1378 1570 supremae
1392 1523 1553 1569 dignitatis
1576 1524 1769 1570 apostolicae
1792 1536 1861 1570 spe—

1102 1573 1172 1608 cula
1201 1574 1329 1620 superui
1353 1572 1589 1619 dispensatione
1618 1573 1764 1615 consilii,
1790 1573 1859 1607 licet

1104 1623 1262 1663 immeriti,
1288 1623 1463 1663 constituti,
1479 1622 1516 1657 ad
1543 1623 1705 1656 universas
1721 1622 1859 1656 fidelium

1103 1673 1249 1718 regiones
1277 1679 1403 1706 nostrae
1426 1671 1602 1718 vigilantiae
1630 1672 1784 1712 ereditas,
1808 1683 1862 1705 ea-

1103 1734 1238 1768 rumque
1266 1721 1426 1767 prol'cctus
1454 1730 1483 1755 et
1506 1721 1860 1767 comnioda,tamqiiam

1104 1771 1290 1805 universalis
1316 1771 1419 1816 gregis
1441 1770 1600 1805 Dominici
1630 1777 1734 1816 pastor
1766 1782 1861 1804 com—

1105 1821 1187 1854 missi
1214 1820 1317 1859 nobis‚
1347 1819 1575 1866 speculationis
1598 1820 1730 1866 apicem,
1766 1832 1862 1866 quan-

1104 1879 1168 1903 tum
1190 1870 1280 1904 nobis
1295 1883 1330 1904 ex
1346 1870 1408 1904 alto
1424 1869 1626 1916 permittitur,
1642 1868 1860 1909 extendentes,

1105 1919 1250 1953 fidelibus
1286 1919 1362 1966 ipsis
1401 1919 1437 1953 ad
1462 1919 1678 1965 quaerendum
1703 1919 1860 1952 literarum

1103 1968 1206 2002 studia
1230 1976 1260 2002 et
1287 1968 1438 2002 scientiae
1467 1968 1679 2014 margaritam,
1701 1968 1793 2002 cuius
1814 1980 1862 2001 ac-

1104 2018 1337 2064 quisitio,dum
1375 2018 1554 2060 invenitur,
1589 2017 1724 2063 gloriosa
1752 2026 1797 2052 est
1832 2026 1860 2051 et

1104 2068 1224 2101 fructus
1259 2068 1463 2106 suavissimi,
1501 2078 1555 2113 per
1576 2079 1670 2113 qnam
1701 2066 1863 2113 pelluntur

1105 2117 1298 2162 ignorantiae
1335 2117 1463 2160 nubila,
1498 2128 1533 2150 ac
1560 2117 1676 2151 erroris
1703 2117 1861 2150 eliminata

1104 2166 1252 2212 caligine,
1280 2166 1458 2200 mortalium
1487 2165 1609 2200 curiosa
1638 2166 1764 2200 solertia
1787 2177 1863 2199 suos

1104 2223 1192 2249 actus
1219 2224 1248 2249 et
1276 2227 1370 2261 opera
1394 2215 1533 2262 disponit
1555 2223 1584 2249 et
1606 2215 1733 2249 ordinat
1755 2215 1785 2248 in
1811 2214 1862 2247 lu-

1106 2265 1190 2298 mine
1219 2265 1375 2307 veritatis,
1418 2278 1472 2311 per
1510 2277 1604 2310 quam
1641 2265 1733 2298 etiam
1763 2264 1859 2297 divini

1104 2318 1249 2352 Nominis
1277 2318 1413 2364 fideique
1437 2317 1611 2352 catholicae
1647 2318 1750 2352 cultus
1780 2330 1860 2364 pro—

1107 2372 1262 2413 tenditur,
1296 2372 1409 2407 iustitia
1447 2371 1583 2411 colitur,
1621 2380 1681 2405 tarn
1725 2372 1861 2418 publica,

1106 2440 1197 2473 quam
1216 2427 1330 2474 privata
1348 2439 1395 2460 res
1410 2426 1530 2472 geritur
1547 2425 1675 2470 utiliter,
1690 2426 1862 2473 omnisque

1108 2481 1298 2528 prosperitas
1322 2481 1477 2514 liumanae
1500 2480 1689 2514 conditionis
1717 2487 1860 2526 augetur.

1155 2535 1205 2569 Oli
1230 2535 1286 2568 lioc
1302 2534 1395 2580 igitur
1410 2546 1535 2580 magno,
1559 2546 1616 2568 nec
1632 2534 1761 2577 mirum,
1780 2533 1861 2567 desi-

1143 2606 1181 2639 (1)
1202 2605 1240 2631 Ex
1261 2605 1343 2639 Oper.
1365 2604 1510 2639 Diplomat.
1539 2604 1627 2636 Mirai,
1649 2607 1715 2632 tom.
1742 2611 1779 2636 n,
1801 2611 1861 2640 pag.

1111 2645 1187 2672 1255.

1869 268 1915 292 Αῐι.
1936 268 1964 292 C.
1986 268 2052 293 ¹388

1899 333 2009 353 Clamanti»

1901 1540 2031 1561 Prooemium.
