2274 3265
120 294 168 320 An.
188 293 217 320 C.
238 295 303 320 ¹555

137 646 278 669 lurmnentum

116 680 141 699 de
152 686 193 699 non
207 680 301 699 alienan-

116 711 140 729 do
153 710 177 729 ab
189 711 298 731 abnuimus

115 743 259 762 annuendunr

128 1885 192 1906 Casus
202 1888 221 1905 et
233 1885 297 1905 torma

115 1917 228 1937 alienandi.

915 295 1110 317 Btzxtznttz'rtts
1132 294 1177 316 Xll
1206 295 1255 316 ΙΨ.

317 351 382 384 sive
405 351 486 385 alius
514 351 570 385 loci
599 350 727 385 alterius
755 350 983 389 conventualis
1005 350 1069 383 ad—

318 400 541 434 ministrationi
559 401 777 446 principaliter
793 399 976 446 praesidens
988 399 1068 432 eius-

316 448 387 483 dem
411 450 542 489 ordinis,
557 458 585 483 et
601 450 694 483 etiam
717 449 814 483 abbas
836 448 1066 488 cisterciensis,

316 499 370 544 qui
399 507 445 532 est
470 511 525 544 pro
552 506 705 545 tempore,
732 507 902 543 antequam
925 497 1066 531 abbatiae

317 560 392 581 suae
417 547 462 581 vel
498 547 779 582 administrationis
816 547 996 580 huiusmodi
1034 558 1066 580 se

318 597 503 636 immisceat,
515 598 725 631 iuramentum
741 603 898 642 praestare
907 595 943 629 ad
958 603 1065 629 sancta

317 646 373 680 Dei
398 646 566 692 Evangelia
605 653 757 683 teneatur,
786 645 916 690 quilibet
944 645 1065 679 scilicet

317 696 446 729 inferior
474 696 503 728 iu
529 694 672 728 manibus
694 693 827 738 abbatis,
849 694 902 741 qui
931 694 1066 728 electio-

317 756 387 778 nem
411 744 450 778 de
483 744 551 790 ipso
580 743 688 777 factam
713 743 900 777 confirmare
940 743 1067 777 babebit

314 794 397 827 etin
429 793 602 840 praesentia
631 793 678 826 sui
714 793 831 839 proprii
867 802 1065 835 conventus,

315 854 438 877 necnon
463 843 531 888 ipse
553 841 649 876 abbas
673 841 917 885 Cistereiensis,
940 843 993 888 qui
1019 851 1066 875 est

315 904 370 938 pro
386 899 540 936 tempore,
564 903 622 925 suo
644 893 814 925 conventui
837 900 866 924 et
892 893 1066 938 praenomi-

315 942 395 975 natis
425 941 535 980 tribus,
565 953 686 975 necnon
716 942 896 975 monasterii
919 941 958 975 de
983 941 1066 975 l‘on—

316 991 431 1024 tiniaeo
458 990 531 1023 dicti
565 989 686 1024 ordinis
699 990 972 1024 Antisiodorensis
985 991 1066 1023 dioe-

313 1040 394 1074 cesis
420 1039 600 1079 abbatibus,
635 1041 659 1073 si
698 1040 782 1086 apud
806 1039 924 1073 dictum
950 1052 1066 1074 mona-

312 1089 441 1122 sterium
458 1088 672 1123 Cisterciense
690 1097 870 1135 praesentes
889 1090 1066 1129 extiterint3

313 1137 396 1184 quod
421 1138 638 1183 possessiones
655 1139 698 1172 vel
724 1139 787 1172 iura
814 1138 852 1171 ad
881 1149 972 1172 suum
999 1151 1067 1171 ino-

314 1187 484 1222 nasterium
509 1188 553 1221 vel
580 1187 674 1221 alium
701 1186 940 1220 conventualem
962 1187 1065 1221 locum

312 1237 379 1271 eius
403 1237 598 1283 pertinentes
613 1248 666 1270 seu
691 1237 892 1283 pertinentia,
914 1248 975 1269 non
996 1248 1068 1270 ven-

312 1285 375 1326 det,
404 1297 462 1319 nec
491 1284 638 1319 alienabit
678 1297 780 1331 neque
816 1285 1040 1330 impignorabit
1058 1313 1066 1323 ,

313 1346 414 1381 neque
442 1333 481 1368 de
515 1346 595 1368 novo
624 1334 820 1377 infeudabit,
845 1346 902 1368 nec
931 1347 986 1380 per
1008 1335 1066 1369 ali-

312 1396 405 1430 quem
431 1383 559 1418 modum
589 1384 728 1422 donabit,
757 1384 816 1418 nisi
846 1396 902 1429 per
937 1383 1064 1417 modum

314 1432 445 1467 inferius
479 1432 690 1479 designatum.
720 1433 759 1467 Et
797 1433 855 1466 boe
884 1434 967 1467 idern
998 1433 1064 1473 illi,

312 1483 364 1529 qui
408 1495 492 1516 nunc
526 1492 601 1517 sunt
634 1482 763 1517 abbates
799 1483 1063 1518 monasteriorum

312 1544 366 1566 seu
381 1531 513 1566 aliorum
529 1533 669 1566 locorum
693 1533 947 1566 conventualium
966 1534 1065 1578 ipsius

312 1581 432 1615 ordinis
473 1581 615 1626 regimini
649 1582 875 1628 praesidentes,
900 1589 1066 1616 teneantur

313 1631 524 1666 iuramentum
549 1639 705 1677 praestare
729 1631 805 1664 insi-a
841 1644 896 1665 sex
927 1644 1064 1675 menses,

313 1687 478 1727 postquam
495 1688 646 1715 statutum
661 1689 692 1715 et
705 1681 860 1715 ordinatio
884 1681 1064 1715 huiusmodi

313 1729 469 1775 publicata
506 1730 647 1769 fuerint,
683 1731 712 1764 in
747 1731 890 1777 proximo
918 1740 1065 1765 secuturo

312 1779 448 1826 capitulo
474 1780 612 1825 generali
635 1780 778 1814 eiusdem
802 1780 934 1814 ordinis.

361 1829 381 1876 g
409 1831 441 1863 4.
475 1829 567 1871 Quod
597 1829 862 1876 quotiescumque
895 1829 1066 1864 alienatio-

314 1891 385 1913 nem
416 1878 460 1913 rei
497 1879 668 1913 immobilis
703 1879 748 1914 iel
785 1879 899 1913 iurium
932 1878 1067 1913 alicuius

313 1928 496 1963 monasterii
526 1928 571 1962 vel
599 1928 728 1962 alterius
760 1928 818 1962 loci
849 1928 1066 1962 conventualis

313 1977 386 2011 dicti
422 1977 543 2012 ordinis
572 1977 617 2012 vel
645 1978 886 2012 diminutionem
911 1989 1065 2012 censuum

313 2038 367 2061 seu
398 2026 587 2072 pensionum
612 2027 656 2061 vel
685 2027 816 2061 canonis
839 2035 892 2061 aut
921 2027 1067 2060 venditio-

314 2088 386 2110 nem
415 2075 562 2111 arborum
597 2077 752 2123 sylvarum
779 2088 840 2110 non
877 2076 1066 2110 caednarnm

314 2125 478 2159 imminere
511 2126 676 2170 contigerit
705 2125 889 2164 faciendas,
919 2133 1067 2160 tractatus

314 2175 450 2208 duorum
468 2175 590 2209 dierum
608 2175 655 2218 (ad
675 2175 790 2209 minus)
807 2175 1066 2222 interpolatorum

314 2223 452 2269 diligens
479 2232 509 2258 et
540 2233 682 2258 maturus
709 2224 898 2270 praecedere
932 2224 1067 2264 debeat,

315 2272 481 2307 habendus
519 2286 573 2319 per
607 2273 750 2307 abbatem
787 2274 968 2308 monasterii
1010 2286 1065 2308 seu

316 2322 545 2369 praesidentem
576 2323 719 2368 regimini
748 2323 879 2357 alterius
907 2322 965 2357 loci
989 2336 1069 2357 con-

316 2371 482 2410 ventualis,
507 2372 598 2405 cuius
620 2380 711 2406 erunt
739 2384 799 2411 res,
825 2373 903 2413 iura,
930 2385 1068 2412 census,

317 2422 511 2467 pensiones,
542 2433 642 2455 canon
677 2429 706 2455 et
728 2422 830 2467 sylvae
858 2422 1067 2465 huiusmodi,

316 2482 388 2504 cum
412 2482 470 2503 suo
493 2479 649 2504 conventu
665 2471 844 2504 monasterii
869 2483 923 2504 seu
940 2471 1067 2505 alterius

317 2519 373 2553 loci
402 2520 621 2554 conventualis
642 2520 782 2565 praefati.
806 2519 844 2554 Et
860 2519 1068 2554 nibilominus

315 2568 463 2602 alienatio
491 2580 544 2602 seu
580 2569 715 2603 venditio
743 2568 925 2602 huiusmodi
956 2568 1006 2603 fiat
1029 2569 1068 2603 de

316 2629 470 2651 consensu
501 2617 600 2664 ipsius
621 2625 797 2652 conventus
827 2618 871 2653 vel
896 2618 1024 2653 maioris
1037 2627 1067 2653 et

316 2666 450 2701 sanioris
477 2667 572 2714 partis
600 2666 758 2707 eiusdem3
787 2674 816 2701 et
834 2666 918 2714 quod
942 2666 981 2703 de
1005 2675 1067 2703 tra-

1745 286 1808 317 551

1111 356 1193 383 ctatu
1232 358 1261 383 et
1299 361 1454 383 consensu
1491 350 1549 384 iam
1578 350 1671 384 dictis
1709 352 1863 397 scriptura

1109 398 1296 432 conficiatur
1317 398 1508 442 antlteutica7
1537 400 1565 432 in
1595 412 1655 445 qua
1686 400 1810 433 nomina
1834 409 1863 433 et

1110 449 1299 492 cognomina
1325 449 1523 481 tractantium
1548 457 1575 481 et
1595 450 1861 483 consentientium

1109 505 1139 529 et
1161 496 1261 541 sigilla
1298 496 1421 531 abbatis
1451 498 1629 531 monasterii
1660 498 1705 530 vel
1742 500 1863 544 praesi—

1109 545 1212 579 dentis
1235 545 1380 589 regimini
1404 546 1534 580 alterius
1561 547 1618 580 loci
1647 549 1863 582 conventualis

1109 602 1137 628 et
1170 602 1344 628 conventus
1380 595 1559 628 monasterii
1585 608 1640 628 seu
1666 596 1724 629 loci
1754 597 1863 631 liuius-

1109 644 1192 677 modi
1213 652 1421 690 apponantur.
1445 643 1483 677 Et
1510 652 1679 690 antequam
1710 646 1863 690 proceda-

1108 701 1160 727 tur
1203 693 1240 726 ad
1277 693 1500 727 alienationem
1547 705 1602 727 seu
1649 693 1861 729 venditionem

1110 741 1222 787 ipsam,
1237 749 1360 787 petatur
1378 751 1406 776 et
1427 742 1605 776 obtineatur
1623 742 1746 776 licentia
1767 756 1864 788 super

1109 790 1168 824 boc
1203 791 1241 824 ab
1270 792 1370 837 ipsius
1392 791 1512 826 ordinis
1535 792 1673 838 capitulo
1699 793 1862 837 generali;

1108 848 1138 873 et
1153 839 1369 888 subsequatur
1383 841 1539 875 discussio
1561 853 1657 887 super
1675 842 1862 876 alienatione

1109 901 1164 923 seu
1196 891 1375 925 venditione
1411 891 1615 929 huiusmodi,
1639 891 1779 924 facienda
1810 904 1863 936 per

1109 939 1190 973 duos
1212 939 1342 974 abbates
1362 940 1512 986 praedicti
1536 940 1666 978 ordinis,
1690 940 1729 974 ab
1751 940 1861 975 eodem

1110 990 1302 1024 monasterio
1325 1003 1379 1024 seu
1404 990 1463 1023 alio
1486 989 1685 1024 conventuali
1711 990 1779 1023 loco
1801 1003 1861 1024 non

1110 1046 1259 1082 remotos,
1284 1051 1338 1085 per
1365 1039 1485 1073 (lictum
1509 1038 1655 1085 generale,
1685 1039 1860 1085 capitulum

1110 1087 1321 1133 deputandos⁷
1342 1096 1458 1122 etcum
1481 1088 1709 1134 approbatione
1732 1100 1785 1121 sen
1803 1101 1864 1122 au-

1109 1137 1252 1170 ctoritate
1287 1137 1420 1171 duorum
1451 1137 1599 1171 abbatum
1634 1136 1858 1184 praefatorum.

1109 1185 1269 1231 Quodque
1293 1194 1354 1220 tam
1378 1186 1475 1220 abbas
1497 1186 1678 1220 monasterii
1703 1198 1759 1220 seu
1777 1199 1862 1232 prae-

1110 1234 1220 1268 sidens
1256 1235 1315 1280 ipsi
1351 1235 1552 1270 conventuali
1577 1236 1657 1273 loco,
1677 1247 1771 1281 quarn
1800 1236 1863 1269 duo

1109 1282 1237 1317 abbates
1260 1284 1411 1330 praedicti
1435 1292 1465 1318 et
1486 1285 1579 1318 etiam
1600 1284 1697 1318 abbas
1719 1284 1860 1318 eiusdem

1110 1333 1290 1366 monasterii
1316 1333 1361 1367 vel
1379 1333 1550 1378 deputatus
1564 1333 1602 1367 ab
1625 1346 1673 1373 eo,
1697 1342 1862 1379 praesente

1109 1390 1265 1415 conventu
1296 1382 1395 1428 ipsius
1431 1382 1610 1417 monasterii
1647 1395 1702 1416 seu
1736 1383 1863 1418 alterius

1109 1431 1167 1464 loci
1185 1433 1415 1473 conventualis,
1439 1433 1530 1466 cuius
1559 1445 1618 1471 reS,
1638 1433 1716 1472 iura,
1736 1445 1862 1477 census,

1110 1482 1280 1526 pensiones
1321 1482 1365 1516 vel
1394 1494 1494 1517 canon
1511 1510 1519 1525 a
1542 1491 1594 1516 aut
1617 1482 1721 1530 sylvae
1744 1482 1862 1517 buius-

1109 1530 1192 1563 modi
1223 1531 1388 1566 alienanda
1424 1544 1479 1566 seu
1523 1532 1686 1566 vendenda
1720 1532 1862 1574 suerint„

1110 1579 1322 1615 iuramentum
1348 1589 1506 1627 praestent
1528 1590 1600 1616 ante
1627 1581 1861 1617 discussionem

1110 1629 1327 1675 praedictam,
1351 1631 1433 1676 quod
1466 1631 1495 1664 in
1525 1632 1707 1677 praemissis
1729 1631 1864 1666 fideliter

1108 1691 1140 1712 se
1164 1678 1337 1718 habebunt,
1358 1680 1442 1714 omni
1467 1680 1540 1714 dolo
1555 1690 1584 1714 et
1600 1680 1766 1715 affectione
1783 1681 1864 1716 inor-

1108 1728 1212 1762 dinata
1253 1730 1407 1770 remotis3
1436 1737 1465 1763 et
1496 1730 1579 1777 quod
1615 1731 1708 1764 etiam
1745 1731 1797 1765 fiat
1824 1731 1863 1765 de

1108 1779 1213 1813 causis
1231 1778 1432 1814 alienationis
1458 1791 1513 1813 seu
1544 1779 1735 1814 venditionis
1756 1780 1863 1815 liuius-

1110 1828 1193 1861 modi
1230 1836 1260 1862 et
1299 1828 1554 1863 solemnitatibus
1596 1829 1742 1875 praefatis
1759 1857 1766 1869 ,
1809 1842 1864 1876 per

1109 1885 1247 1923 quatuor
1268 1877 1397 1913 abbates
1422 1878 1598 1924 praedictos
1626 1886 1655 1913 et
1679 1878 1864 1925 praesiden-

1111 1936 1171 1961 tem
1212 1927 1271 1974 ipsi
1308 1928 1509 1962 conventuali
1540 1928 1632 1971 loco,
1660 1927 1719 1963 sub
1751 1940 1861 1963 eorum

1109 1976 1219 2022 sigillis
1243 1976 1333 2022 plena
1360 1985 1390 2011 et
1418 1977 1521 2011 fidelis
1545 1977 1653 2012 relatio
1672 1978 1700 2011 in
1719 1978 1863 2024 proximo

1110 2025 1315 2072 subsequenti
1349 2027 1488 2072 generali
1516 2027 1654 2073 capitulo
1680 2027 1863 2067 antedicto·,

1111 2083 1145 2109 ut
1180 2074 1321 2109 videatur
1338 2103 1346 2116 ‚
1369 2076 1392 2110 si
1417 2076 1500 2110 circa
1524 2076 1601 2110 haec
1623 2077 1727 2111 omnia
1756 2076 1863 2111 debite

1111 2133 1345 2171 processerunt.
1379 2124 1497 2159 Verum
1531 2138 1603 2160 cum
1637 2126 1862 2160 monasterium

1110 2186 1165 2208 seu
1202 2173 1283 2208 alius
1305 2174 1523 2208 conventualis
1560 2174 1672 2217 locus7
1703 2184 1863 2218 castrum,

1112 2224 1194 2267 villa,
1216 2224 1346 2269 grangia
1376 2224 1420 2258 vel
1451 2236 1499 2258 res
1521 2223 1579 2257 alia
1604 2224 1738 2258 multum
1768 2233 1864 2259 nota-

1110 2272 1195 2314 bitis,
1223 2272 1426 2307 alienandum
1451 2273 1496 2306 vel
1520 2272 1708 2307 alienandus
1724 2285 1779 2308 seu
1791 2273 1865 2307 alie-

1112 2322 1214 2356 nanda
1242 2321 1355 2366 fuerit7
1383 2322 1556 2367 capitulum
1585 2319 1734 2367 generale
1763 2323 1865 2369 ipsius

1111 2371 1231 2405 ordinis
1247 2371 1403 2406 alienandi
1424 2372 1579 2405 licentiam
1603 2371 1778 2406 concedere
1801 2384 1862 2406 non

1112 2429 1303 2467 praesumat,
1327 2433 1385 2455 nec
1409 2420 1596 2467 procedatur
1610 2419 1648 2455 ad
1671 2432 1738 2455 eam
1754 2421 1865 2468 quovis

1112 2470 1205 2504 modo
1232 2469 1406 2504 faciendam
1431 2470 1476 2503 vel
1500 2469 1776 2514 auctorizandam‚
1804 2471 1863 2504 nisi

1113 2519 1199 2565 prius
1229 2531 1284 2566 per
1312 2518 1395 2553 idem
1427 2519 1601 2565 capitulum
1630 2519 1775 2565 generale
1797 2518 1865 2553 Ro-

1113 2581 1204 2604 mano
1239 2568 1394 2603 Pontifice
1425 2568 1582 2611 consulto,
1597 2576 1627 2602 et
1644 2567 1684 2602 ab
1707 2580 1744 2603 eo
1767 2580 1864 2615 super

1112 2618 1170 2651 lioc
1205 2618 1299 2664 petita
1337 2617 1460 2652 licentia
1489 2625 1516 2650 et
1554 2617 1693 2651 obtenta.
1727 2616 1760 2651 Si
1791 2629 1863 2651 vero

1110 2667 1210 2708 aliter,
1238 2679 1331 2714 qnam
1356 2666 1564 2714 praemissum
1587 2674 1646 2707 est,
1668 2666 1783 2714 aliquis
1808 2666 1865 2701 ab-

1880 295 1930 322 An.
1951 294 1978 321 C.
1998 297 2063 322 t5325
