2274 3265
912 309 1011 332 limax
1039 310 1251 332 RUBRiCARUM

300 361 346 394 VI.
379 360 504 394 Erectio
538 361 697 394 Ecclesiae
735 361 845 394 Montis
879 361 989 395 Falisci
1020 363 1050 395 in

388 409 624 452 episcopatum.
653 409 703 442 cui
738 409 891 442 dioecesis
924 410 1051 443 termini

388 459 600 500 assignantur,
623 457 696 490 5⁶24.

406 507 572 539 Decretum
611 506 696 548 quod
735 507 929 542 oblationes,
970 517 1050 548 quae

387 554 596 587 obveniebant
633 554 784 596 episcopo
820 554 984 586 portuensi
1020 554 1050 586 in

387 602 514 635 basilica
531 602 560 634 S.
586 601 680 640 Petri,
704 606 931 634 convertantur
950 602 988 633 ab
1010 603 1051 634 al-

386 650 501 682 tarario
523 649 553 681 in
583 649 776 681 beneficium
800 649 949 687 fabricae,
973 650 1046 683 5:28,

300 508 358 540 Vll.

525 746 743 778 GREGORH'S
766 747 813 778 Xl.

299 846 318 878 1.
340 845 468 877 Beatum
492 844 668 876 Elzearium
689 844 726 876 dc
743 844 885 877 Sabrano
903 845 932 877 in
951 846 1048 878 Gallia

384 891 581 925 Narbonensi
610 897 792 924 sanctorum
828 894 1047 926 consessorum

383 941 496 973 canoni
518 951 574 983 per
595 940 758 973 Urbanum
780 941 836 973 ΡΡ.
858 941 891 978 V,
915 942 1047 984 praede-

385 999 542 1022 cessorem
559 999 666 1026 suum,
685 989 879 1031 adscriptum
893 989 987 1022 fuisse
997 990 1048 1023 de-

384 1037 527 1074 nunciat,
548 1033 623 1070 529.

294 1086 328 1118 Π.
354 1085 505 1118 Basilicae
535 1085 668 1117 Sancta(¹
704 1085 817 1117 Mariae
853 1086 976 1118 Maioris
1010 1087 1047 1119 de

382 1133 463 1166 Urbe
486 1144 565 1176 pene
583 1132 753 1165 collabenti
772 1144 829 1176 pro
847 1135 1047 1176 reparatione

385 1181 597 1224 impendenda
619 1180 786 1213 ecclesiam
808 1182 913 1214 Sancti
931 1183 1044 1221 Lucae,

386 1230 470 1262 iuxta
505 1229 621 1261 dictam
656 1228 819 1261 basilicam
846 1230 1044 1266 existentem,

384 1277 451 1310 unit
472 1282 501 1310 et
526 1277 678 1313 annectit,
701 1277 774 1310 532.

294 1326 342 1359 III.
367 1325 525 1359 Beneficia
547 1336 603 1368 per
622 1325 743 1358 obitum
780 1326 983 1359 lamiliarium
1013 1329 1042 1361 S.

384 1374 417 1406 R.
443 1374 475 1406 E.
505 1373 715 1406 cardinalium
738 1374 878 1406 vacantia
912 1380 939 1407 et
975 1375 1045 1417 qui-

383 1422 487 1455 busvis
508 1422 652 1465 personis
672 1423 797 1457 collata,
818 1422 876 1454 nisi
898 1423 927 1454 in
949 1423 1048 1455 literis

383 1470 571 1513 provisionis
604 1471 790 1503 eorumdem
819 1471 857 1503 de
882 1471 1045 1504 familiari-

382 1523 442 1552 tate
472 1519 657 1552 huiusmodi
686 1519 804 1551 mentio
836 1518 900 1555 siat,
937 1531 1046 1552 vacare

381 1567 535 1607 decernit,
559 1566 632 1601 533.

292 1616 337 1648 iv.
363 1615 452 1653 Quod
474 1616 614 1648 Ecclesia
635 1618 665 1649 S.
691 1616 815 1648 loannis
836 1616 866 1648 in
893 1617 1046 1649 Laterano

381 1664 418 1696 de
431 1664 513 1697 Urbe
526 1675 714 1707 supremum
725 1665 832 1697 Iocum
849 1669 932 1697 tenet
950 1675 1048 1707 super

381 1722 492 1744 omnes
512 1712 669 1745 Ecclesias
691 1712 782 1745 Urbis
798 1717 824 1745 et
848 1712 945 1751 orbis,
969 1712 1042 1746 534.

292 1761 323 1792 V.
348 1760 437 1799 Quod
460 1761 603 1803 praelati,
623 1761 751 1793 abbates
772 1761 869 1793 etalii
891 1761 1045 1793 beneficia

380 1809 593 1842 residentialia
623 1809 802 1842 obtinentes
832 1809 862 1841 in
898 1809 1047 1842 Ecclesiis

380 1868 492 1891 eorum
533 1858 736 1890 residentiam
777 1859 880 1890 facere
915 1858 1046 1890 omnino

380 1911 560 1945 teneantur,
588 1906 661 1940 535.

292 1955 338 1987 Vl.
363 1954 529 1988 Damnatio
556 1954 769 1996 quorumdam
802 1959 991 1987 statutorum
1014 1956 1045 1988 in

379 2014 478 2046 regno
508 2002 683 2045 Aragoniae
710 2014 766 2046 per
786 2014 867 2045 quae
889 2004 1045 2036 Ecclesia-

379 2064 451 2086 rum
473 2053 602 2086 libertas
622 2058 652 2085 et
671 2053 959 2086 ecclesiasticarum
978 2064 1046 2096 per-

378 2112 531 2134 sonarum
553 2101 637 2133 bona
657 2100 889 2139 afficiebantur,
912 2100 985 2134 536.

293 2150 351 2182 VII.
372 2150 495 2183 Literae
508 2160 688 2192 processus,
701 2160 755 2181 seu
769 2149 1044 2182 anathematizatio

379 2198 616 2231 haereticorum
651 2198 854 2241 aliorumque
876 2198 905 2230 S.
931 2199 965 2230 R.
986 2198 1043 2230 Ec-

381 2246 485 2279 clesiae
502 2246 742 2288 quomodolibet
754 2258 786 2278 se
797 2247 1042 2289 opponmitium.

379 2294 501 2338 quasin
514 2295 563 2327 die
574 2295 697 2328 Coenae
709 2295 768 2336 legi
780 2295 954 2331 consuevit,
967 2294 1040 2327 539.

394 2343 542 2376 Saraceni
564 2343 600 2375 ad
623 2343 827 2375 christianam
851 2343 944 2375 fidem
967 2353 1042 2375 con-

380 2391 457 2423 versi
479 2396 507 2423 et
529 2391 566 2423 ad
593 2401 704 2422 eorum
727 2395 842 2423 sectam
861 2392 1041 2425 redeuntes,

380 2445 408 2472 et
441 2439 606 2471 christiani
640 2439 678 2470 ad
709 2439 794 2470 illam
829 2443 1042 2475 transeuntes,

381 2498 559 2529 eorumque
576 2488 727 2523 fautores,
746 2487 784 2518 ab
802 2487 1045 2528 inquisitoribus

379 2531 557 2564 baereticae
578 2530 738 2573 pravitatis
758 2530 944 2572 puniantur.
968 2531 1039 2563 541.

290 2575 338 2607 IX.
363 2574 619 2613 Fraticellorum,
642 2574 849 2606 Dulcinorum
868 2579 897 2606 et
913 2574 951 2606 de
967 2574 1043 2606 Pau-

380 2628 453 2660 pere
487 2619 553 2650 Vita
587 2617 822 2650 haereticorum
858 2618 981 2650 cineres
1012 2618 1043 2650 in

376 2673 475 2705 regno
491 2662 615 2695 Siciliae
632 2662 784 2701 colentes,
801 2661 910 2705 eisque
929 2662 1042 2695 altaria

291 2343 363 2376 vill.

1732 304 1799 335 787

1186 373 1258 395 eum
1281 364 1495 397 luminaribus
1516 365 1684 407 erigentes,
1707 367 1849 400 anniver-

1184 411 1364 454 sariamque
1399 413 1481 445 diem
1522 413 1626 447 obitus
1659 415 1846 449 eorumdem

1183 460 1381 493 celebrantes
1397 462 1443 494 vel
1464 462 1541 494 alias
1561 462 1598 495 ad
1620 464 1755 503 cultum,
1778 465 1847 497 ab--

1182 519 1244 550 que
1265 508 1353 541 Sedis
1373 510 1572 552 Apostolicae
1593 511 1731 551 licentia,
1753 514 1847 545 extol-

1182 556 1293 595 lentes,
1316 556 1496 598 puniendos
1516 569 1583 591 esse
1603 559 1842 599 sancitur,54l.

1094 603 1128 635 X.
1153 603 1329 646 Collegium
1351 604 1382 637 in
1403 605 1526 638 civitate
1552 606 1755 647 Bononiensi,
1778 619 1795 639 a
1816 619 1846 639 »ν’

1181 651 1412 693 Gregorianum
1448 659 1683 697 nuncupatum,
1720 661 1843 691 excitat.

1181 699 1349 742 eidemque
1370 701 1475 734 dotem
1493 702 1642 745 assignat,
1666 709 1845 747 statutaqm

1180 752 1209 779 et
1242 748 1459 781 ordinationes
1491 761 1547 792 pro
1583 751 1666 783 bono
1692 752 1845 794 regimim

1181 796 1405 838 magistrorum
1427 802 1456 829 et
1476 798 1671 831 scholarium
1693 798 1770 832 inibi
1792 801 1845 830 dn-

1180 843 1322 885 gentium
1348 845 1503 885 decernit,
1526 846 1599 879 5402.

1093 893 1140 925 xl.
1183 892 1430 925 Humiliatorum
1469 894 1595 927 Ordinis
1634 903 1842 940 praepositos.

1179 940 1322 982 quamvis
1337 941 1376 974 ab
1397 942 1576 985 Apostolica
1598 943 1678 977 Sede
1698 944 1736 977 de
1758 956 1845 988 prae-

1180 988 1329 1031 posituris
1346 989 1498 1031 provisos,
1517 991 1710 1024 correctioni
1726 997 1756 1025 et
1772 993 1845 1026 obe-

1179 1036 1314 1069 dientiae
1350 1037 1490 1079 magistri
1523 1039 1682 1080 generalis
1701 1040 1843 1074 eiusdem

1179 1084 1305 1117 Ordinis
1325 1085 1484 1119 subiectos
1504 1087 1571 1119 sore
1591 1087 1741 1127 declarat,
1764 1089 1838 1122 560.

1177 1132 1342 1175 Exemptio
1362 1133 1488 1167 Ordinis
1513 1135 1646 1168 fratrum
1673 1136 1705 1169 B.
1730 1137 1843 1170 Mariae

1179 1180 1216 1213 de
1233 1181 1376 1214 Mercede
1385 1181 1625 1225 Redemptionis
1640 1184 1841 1227 Captivorum

1178 1242 1194 1263 a
1218 1230 1376 1263 solutione
1397 1231 1607 1271 decimarum,
1645 1233 1683 1265 de
1708 1244 1842 1276 proven-

1177 1279 1261 1312 tibus
1281 1284 1311 1311 et
1331 1279 1506 1312 redditibus
1527 1281 1763 1317 ecclesiasticis.
1787 1294 1844 1325 per

1178 1328 1291 1360 Sedeni
1313 1327 1525 1370 Apostolicam
1547 1329 1675 1371 regibus
1699 1334 1728 1362 et
1754 1340 1842 1373 prm—

1179 1375 1303 1419 cipibus
1342 1376 1400 1407 vel,
1421 1376 1508 1414 aliis,
1550 1387 1774 1410 concessarum
1815 1384 1842 1410 et

1177 1423 1469 1462 comedendarum,
1493 1424 1566 1457 561.

1090 1474 1165 1507 XIII.
1190 1472 1365 1505 Declaratio
1386 1478 1416 1504 et
1435 1473 1581 1506 limitatio
1601 1475 1799 1509 auctoritatis
1814 1482 1841 1509 et

1178 1521 1364 1554 facultatum
1399 1521 1569 1554 cardinalis
1608 1534 1665 1564 pro
1698 1528 1842 1567 tempore

1178 1569 1368 1613 protectoris
1387 1570 1522 1602 fratrum
1542 1570 1668 1603 Ordinis
1684 1571 1840 1604 Minorum

1178 1616 1283 1650 Sancti
1304 1616 1476 1655 Francisci,
1499 1617 1573 1651 562.

1191 1665 1281 1704 Quod
1313 1666 1465 1699 officiales
1494 1667 1598 1700 Status
1624 1668 1837 1703 Ecclesiasii·.·=j

1178 1714 1337 1747 neminem
1368 1719 1483 1757 cogant
1506 1715 1543 1747 ad
1573 1725 1725 1757 granum,
1756 1717 1840 1759 ligna

1177 1768 1207 1795 et
1239 1762 1371 1801 similia,
1411 1763 1531 1805 absque
1569 1763 1728 1797 solutione
1766 1766 1839 1797 iusti

1177 1811 1282 1854 pretii,
1309 1811 1368 1844 sibi
1388 1812 1611 1851 deferendum,
1630 1812 1703 1846 564.

1090 1859 1148 1892 XV.
1173 1860 1215 1893 De
1230 1860 1388 1903 scriptura
1409 1860 1574 1893 literarum
1591 1862 1838 1904 apostolicarum

1178 1918 1234 1951 per
1258 1908 1441 1951 scriptores,
1473 1908 1558 1941 iuxta
1583 1909 1839 1943 distributionem

1176 1956 1435 1995 secretariorum,
1463 1957 1524 1989 cito
1559 1957 1714 1995 facienda,
1741 1963 1771 1991 et
1792 1959 1839 1990 in-

1177 2005 1393 2038 obedientium
1416 2016 1529 2048 poena,
1552 2005 1626 2039 564.

1088 2053 1161 2085 XVI.
1180 2052 1329 2095 Religiosi
1345 2053 1580 2096 cuiuscumque
1595 2052 1733 2093 Ordinis,
1744 2055 1838 2087 etiam

1176 2100 1438 2140 Mendicantium,
1461 2101 1605 2144 quamvis
1637 2101 1727 2134 Sedis
1755 2103 1838 2145 Apo-

1175 2150 1303 2182 stolicae
1324 2150 1385 2182 sint
1404 2149 1596 2192 cappellani,
1615 2159 1726 2181 eorum
1748 2161 1839 2193 supe-

1176 2198 1315 2231 rioribus
1334 2197 1469 2231 subiecti
1489 2203 1687 2234 remaneant.
1710 2197 1783 2233 565.

1087 2247 1173 2279 xvn.
1199 2246 1288 2284 Quod
1312 2246 1525 2278 Ecclesiarum
1543 2246 1665 2288 praelati
1680 2257 1735 2280 seu
1751 2247 1838 2280 loco-

1175 2303 1245 2326 rum
1265 2293 1430 2333 ordinarii,
1448 2293 1617 2327 occasione
1627 2300 1841 2337 praesentatio-

1175 2352 1251 2374 num
1269 2347 1296 2374 et
1314 2342 1548 2374 institutionum
1570 2353 1627 2385 per
1651 2343 1838 2386 magistrum

1175 2394 1205 2421 et
1224 2390 1336 2422 fratres
1361 2389 1391 2423 S.
1415 2390 1542 2423 Ioannis
1561 2390 1838 2435 Hierosolymitam

1175 2437 1213 2469 de
1223 2438 1367 2480 personis
1377 2438 1499 2471 idoneis
1511 2438 1549 2470 ad
1562 2438 1717 2471 beneficia
1726 2449 1838 2472 curam

1175 2486 1354 2518 animarum
1376 2486 1526 2519 habentia
1541 2487 1709 2527 factarum,
1728 2487 1766 2520 ab
1782 2488 1839 2520 eis<

1175 2530 1246 2562 dem
1272 2530 1315 2562 nil
1336 2530 1464 2573 penitus
1483 2529 1608 2572 exigant
1632 2531 1678 2562 vel
1703 2531 1838 2564 audeant

1175 2578 1375 2616 extorquere,
1404 2573 1477 2607 566.

1086 2617 1185 2650 XVIII.
1210 2617 1252 2649 De
1272 2617 1460 2650 auctoritate
1481 2622 1511 2649 et
1531 2617 1733 2650 facultatibus
1767 2629 1838 2649 mu-

1173 2672 1313 2704 nereque
1330 2661 1472 2704 magistri
1488 2661 1645 2704 generalis
1662 2666 1692 2694 et
1700 2661 1837 2695 aliorum

1091 1132 1152 1164 Xll.

1088 1666 1162 1700 XIV.
