2274 3265
106 269 156 295 An.
170 269 197 295 C,
220 270 285 295 ¹350

114 525 172 551 Quat·
202 526 221 545 in
247 530 257 543 e.

102 588 178 607 tuenda
195 594 231 613 pro
252 588 284 607 [ιι-

103 621 148 636 turo
165 618 264 643 capitulov

108 1458 136 1479 De
147 1465 234 1479 numero
245 1464 280 1478 ve-

95 1491 196 1510 nientium
213 1491 236 1509 ad
247 1496 281 1510 ra—

94 1519 180 1545 pitnlum
196 1523 216 1540 et
227 1525 279 1539 eve-

93 1552 193 1570 ι-ιιιιιιιιιιιΔ

902 267 1051 290 BEN'EDHI'!
1062 268 1097 288 l'S

1121 268 1162 289 xii
1188 269 1235 289 ιψ.
1733 258 1795 289 451

301 322 385 357 tibus
399 322 872 369 opportuneprovidebuntilli,
889 323 1055 368 quisupei
1099 322 1135 355 tit
1176 322 1220 355 vel
1267 330 1462 368 sequutum,
1501 334 1622 357 necnon
1655 322 1851 370 quicumque

300 373 359 406 boc
387 384 442 418 per
468 372 582 406 Sedem
597 372 808 418 Apostolicam
832 371 969 418 deputati
993 372 1056 406 fuc-

300 422 361 455 rint
385 422 483 467 prima
508 422 583 455 vice.

346 470 366 517 g
396 472 451 504 15.
480 470 519 504 Et
554 479 587 504 ut
626 483 722 516 super
760 470 872 504 eodeni
913 469 1053 516 capitulo

190 557 192 559 ‚
261 527 329 553 η-ι·ῑ
357 531 412 566 per
434 519 509 554 illud
541 529 675 554 extunc
699 520 728 553 in
767 528 928 566 posterum
959 519 1053 553 ratio-

102 558 147 575 item
177 559 218 576 sint
241 560 286 576 sta-

300 568 414 603 nabilis
436 569 596 603 ordinatio
623 569 788 608 habeatur,
812 568 841 602 in
869 568 954 603 (licto
987 569 1052 614 pri-

299 618 394 652 mitus
420 618 623 657 celebrando,
651 627 680 652 et
714 618 743 651 in
768 618 836 652 aliis
868 618 961 652 etiam
999 630 1052 663 per

297 668 518 702 successiones
539 676 715 714 temporum
734 667 875 701 similiter
894 667 1053 701 celebran-

297 717 356 757 «lis,
381 716 598 762 praesidentes
626 717 745 750 eisdem
780 729 834 750 scu
859 729 930 763 pars
955 718 1052 751 maioi

295 778 404 800 eorum
430 766 614 812 provideam
649 774 680 799 et
702 766 847 799 ordinare
871 775 1050 812 procurent,

297 827 351 860 pei
374 827 467 862 quem
488 828 516 849 ιιι
534 815 678 862 sequenti
698 815 836 861 capitulo
851 828 955 849 sermo
972 816 1047 853 lieri

297 865 456 910 missaque
470 864 583 899 debeat
605 864 767 898 celebrati
785 864 853 910 Etig
845 874 906 899 -ιιιι
925 877 1051 911 quoque

297 921 357 948 tam
388 913 517 957 locum,
546 914 575 947 ιιι
610 926 672 960 quo
705 914 762 947 alia
803 914 868 947 vice
909 914 1050 960 proxima

296 962 480 997 huiusmodi
496 962 670 1008 capitulum
694 962 786 996 fuerit
810 962 1049 1007 celebrandum,

295 1023 389 1058 quam
420 1024 485 1053 eos,
507 1013 559 1058 qui
589 1012 803 1057 praesidentes
825 1024 893 1045 esse
915 1012 1050 1047 debeant

296 1062 326 1095 in
350 1061 472 1095 eodem.
497 1061 686 1095 provideant
706 1062 812 1101 etiam,
834 1062 886 1107 qui
909 1061 1050 1105 abbates,

295 1110 389 1157 quive
413 1111 583 1157 praepositi
611 1124 665 1145 seu
690 1110 739 1144 alii
763 1123 799 1144 ex
831 1111 895 1150 eis,
924 1111 976 1157 qui
1011 1111 1047 1145 ad

296 1160 398 1206 ipsum
427 1161 599 1206 capitulum
624 1160 731 1194 venire
754 1168 912 1199 tenentur,
941 1160 994 1206 qui
1019 1170 1048 1195 et

295 1217 371 1255 quot
404 1216 436 1243 et
474 1209 621 1256 quotiens
643 1209 803 1243 Ecclesias
830 1209 1048 1249 cathedrales,

295 1257 482 1292 monasteria
505 1267 535 1292 ct
557 1258 615 1292 alia
638 1258 702 1291 loca
728 1257 888 1302 religionis
906 1258 1048 1292 eiusdem

295 1307 430 1341 debeant
446 1319 546 1353 usque
561 1308 598 1341 ad
615 1306 700 1340 aliud
716 1308 895 1353 proximum
911 1319 1049 1353 sequens

296 1356 488 1403 provinciale
515 1356 689 1402 capitulum
719 1356 852 1389 xisitfflne

343 1404 363 1451 S
391 1406 447 1439 16
476 1404 648 1440 Caeterum
673 1404 901 1451 probibemus,
931 1417 969 1439 ne
994 1418 1048 1439 ve-

295 1454 416 1488 nientes
441 1454 479 1488 ad
503 1454 707 1501 provincialia
735 1466 790 1487 seu
814 1454 961 1488 annualia
993 1466 1048 1488 ca-

295 1503 391 1550 pitula
425 1515 533 1538 secum
553 1504 669 1538 ducant
692 1503 736 1537 vel
754 1503 825 1537 duci
844 1504 968 1546 faciant,
991 1516 1044 1537 seu

294 1553 475 1599 permittant
501 1553 682 1587 evectiones
716 1565 771 1587 seu
795 1552 964 1587 familiares
987 1566 1047 1587 nu-

293 1614 379 1637 mero
405 1601 583 1649 superfluos
604 1614 660 1636 seu
684 1601 924 1648 quomodolibet
943 1614 1047 1636 txces-

292 1652 389 1695 sivos,
411 1660 463 1686 aut
487 1652 572 1692 tales,
595 1651 634 1686 de
657 1652 773 1698 quibus
803 1653 962 1706 praesumi
994 1664 1047 1685 va-

291 1701 362 1745 leat,
385 1701 469 1748 quod
483 1701 577 1735 alicui
597 1700 656 1735 ad
653 1713 719 1747 ipsa
735 1701 871 1746 capitula
896 1701 1045 1745 venienti

290 1760 341 1784 aut
369 1751 399 1784 in
427 1763 472 1784 eis
488 1760 634 1794 moranti,
663 1750 709 1784 vel
737 1750 775 1784 (le
799 1750 859 1784 illis
888 1729 1045 1795 redeunti:

292 1809 344 1833 aut
370 1799 547 1840 Ecelesiis,
577 1800 801 1839 monasteriis,
831 1800 1044 1846 primatibus,

292 1849 336 1882 vel
360 1849 429 1883 aliis
452 1849 530 1883 locis
557 1861 668 1883 eorum
697 1848 830 1883 inferant
859 1861 914 1894 per
935 1861 968 1883 se
996 1849 1043 1883 vel

290 1898 379 1938 alios,
408 1899 439 1932 in
463 1898 604 1944 personis
627 1899 672 1932 vel
703 1897 808 1938 rebus,
837 1898 980 1932 iniuriam
999 1900 1043 1932 vel

290 1946 460 1987 offensam3
485 1947 531 1982 vel
563 1947 646 1993 quod
685 1947 715 1981 in
751 1947 857 1993 aliquo
884 1946 923 1980 de
962 1947 1044 1981 ‹licto

291 1997 426 2042 capitulo
448 2004 501 2030 aut
540 1997 569 2030 in
599 1996 740 2031 Ecclesia
775 1997 820 2030 vel
853 1997 1045 2031 monasterio

290 2046 355 2079 sive
379 2046 460 2085 loco,
486 2045 602 2092 quibus
625 2046 675 2080 illa
693 2046 862 2089 contigerit
880 2045 1044 2090 celebrari,

291 2095 475 2129 scandalum
519 2095 672 2129 suscitare
695 2122 703 2135 ,
746 2095 790 2128 vel
834 2094 1043 2129 turbationem

291 2144 403 2185 facere,
434 2156 488 2179 seu
518 2144 705 2178 discordiam
735 2144 780 2178 vel
810 2144 1042 2178 contentionem

292 2205 417 2228 movere
456 2193 670 2228 verisimiliter
706 2202 949 2240 praesumatur,
988 2193 1043 2228 sed

292 2255 425 2277 numero
439 2244 638 2277 evectionum
662 2251 691 2277 et
717 2242 915 2276 familiarium
950 2243 1043 2277 statui

291 2292 458 2326 cuiuslibet
485 2304 593 2326 eorum
622 2304 764 2338 congruo
797 2292 859 2326 sint
891 2292 1042 2326 contenti.

290 2341 322 2375 Si
345 2342 416 2387 quis
438 2350 541 2376 autem
566 2354 674 2375 eorum
702 2342 838 2375 scienter
868 2350 953 2375 etex
978 2354 1046 2388 pro-

293 2392 395 2437 posito
428 2391 554 2425 duxerit
582 2391 627 2425 vel
657 2392 793 2425 tenuerit
819 2391 957 2438 aliquem
996 2390 1043 2425 vel

291 2440 414 2486 aliquos
440 2441 477 2474 a<l
502 2440 699 2474 inferendum
724 2440 867 2474 iniuriam
885 2439 932 2474 vel
951 2440 1044 2474 oll'cn-

291 2502 356 2523 sam
386 2489 566 2523 huiusmodi
584 2498 616 2523 ut
632 2490 775 2523 turbetur
792 2489 836 2523 vel
854 2490 1045 2535 impediatur

292 2539 461 2573 imminens
501 2539 692 2585 capitulum,
735 2539 779 2572 vel
816 2538 952 2585 aliquem
989 2551 1042 2572 seu

292 2588 414 2634 aliquos
435 2588 473 2622 ad
508 2587 566 2622 boc
590 2589 824 2627 convocaverit,
855 2596 885 2621 et
912 2588 952 2622 ob
987 2588 1044 2622 lioc

292 2637 428 2672 turbatio
449 2650 504 2672 seu
529 2637 792 2684 impedimentum
821 2645 951 2684 sequuta
977 2638 1045 2670 fue-

1097 371 1177 404 alius
1199 371 1237 405 de
1261 384 1403 416 personis
1431 372 1591 418 religionis
1614 372 1756 406 eiusdem
1779 385 1853 407 con-

1096 421 1239 454 sentiens
1254 421 1283 453 in
1299 421 1479 466 praemissis
1497 421 1645 462 extiterit,
1663 422 1851 467 praestando

1095 470 1247 503 auxilium
1285 470 1330 503 vel
1372 470 1533 514 favorem,
1567 471 1704 504 scienter
1744 479 1775 505 et
1812 483 1849 506 ex

1096 519 1270 573 proposito,
1295 527 1327 553 ut
1350 520 1559 565 piaemissum
1588 527 1646 559 est,
1663 531 1849 555 excommu-

1097 581 1146 601 ιιι(
1149 568 1263 602 ιιῑιοιιι5
1292 568 1430 602 incurrat
1448 569 1636 603 sententiam
1666 569 1735 615 ipso
1757 569 1847 604 facto.

1143 620 1163 661 ,ξ’
1197 620 1248 651 17.
1288 617 1441 651 Eamdem
1471 631 1598 672 quoque
1625 619 1848 653 excommnni-

1094 667 1227 701 cationis
1248 667 1437 702 sententiam
1457 679 1651 714 quicumque
1687 668 1847 712 religionis

1095 717 1249 763 pratl'atae
1286 728 1342 772 per
1368 729 1400 750 se
1430 718 1474 751 vel
1516 716 1612 751 alium
1651 715 1848 762 impediverit

1095 766 1260 809 malitiose,
1288 767 1422 801 scienter
1449 774 1479 800 et
1505 778 1543 799 ex
1571 765 1730 812 proposito
1760 778 1846 812 quo-

1095 816 1199 850 minus
1214 815 1297 850 dicta
1312 816 1462 862 capitula,
1486 815 1678 862 provinciale
1702 815 1847 850 videlicet

1093 873 1123 899 et
1150 866 1308 906 annuale,
1337 873 1367 899 et
1393 877 1502 900 eorum
1536 864 1699 911 quodlibet
1726 865 1848 899 valcant

1093 914 1266 953 celebrari,
1305 923 1358 949 aut
1395 922 1561 962 propterea
1601 915 1847 961 praesumpserit

1093 972 1204 998 cuntes
1225 964 1263 998 ad
1291 964 1362 1007 illa,
1408 965 1452 999 vel
1483 963 1610 1009 aliquod
1639 963 1847 1007 eorumdem,

1095 1013 1139 1047 vel
1157 1014 1186 1047 in
1204 1014 1249 1048 eis
1265 1022 1436 1053 morantes,
1452 1025 1508 1047 seu
1524 1012 1563 1047 de
1574 1013 1650 1059 ipsis
1667 1012 1848 1057 redeuntes,

1093 1075 1207 1108 capere
1233 1075 1289 1097 seu
1317 1063 1384 1108 capi
1408 1062 1522 1105 facere,
1552 1075 1608 1097 seu
1647 1070 1756 1109 captos
1790 1062 1848 1097 de-

1093 1112 1191 1146 tinere
1225 1121 1278 1146 aut
1308 1112 1471 1158 impedire,
1500 1113 1548 1147 vel
1575 1112 1620 1146 eis
1653 1119 1708 1146 aut
1735 1124 1845 1146 eorum

1092 1161 1299 1195 familiaribus
1322 1161 1351 1194 in
1383 1163 1526 1208 personis
1542 1161 1588 1196 vel
1613 1160 1708 1195 rebus
1733 1160 1846 1195 inferre

1092 1209 1218 1253 damna,
1247 1210 1378 1244 iniurias
1402 1211 1447 1244 vel
1470 1210 1618 1250 offensas,
1638 1221 1761 1244 necnon
1781 1211 1847 1257 qui-

1092 1271 1229 1304 cumque
1257 1259 1356 1304 ipsius
1384 1258 1558 1305 religionis,
1585 1259 1638 1306 qui
1662 1258 1700 1293 ad
1725 1259 1784 1293 boc
1807 1271 1846 1293 ne

1092 1307 1143 1342 fiai
1170 1316 1222 1342 aut
1257 1307 1447 1354 impediatur
1474 1308 1609 1343 visitatio
1640 1307 1794 1343 malitiose
1818 1317 1847 1342 et

1090 1368 1128 1390 ex
1165 1357 1326 1403 proposito
1378 1356 1536 1402 praedicta
1570 1357 1616 1391 vel
1648 1369 1759 1390 eorum
1794 1357 1848 1391 ali-

1090 1406 1173 1452 quod
1200 1418 1255 1452 per
1289 1418 1321 1439 sc
1358 1406 1403 1439 vcl
1431 1406 1527 1440 alium
1566 1406 1762 1440 commiserit
1816 1406 1845 1440 ιιι

1091 1467 1241 1500 personas
1262 1455 1436 1495 abbatum,
1477 1456 1616 1501 priorum
1641 1454 1687 1489 vel
1712 1454 1845 1489 aliorum

1091 1504 1234 1550 proprios
1248 1504 1407 1539 subiectos
1429 1504 1636 1544 visitantium,
1661 1504 1709 1538 vel
1726 1505 1755 1538 in
1781 1516 1848 1550 per-

1089 1566 1183 1587 sonas
1212 1553 1418 1593 visitatorum,
1442 1555 1493 1600 qui
1527 1554 1556 1588 ιιι
1599 1553 1847 1601 provincialibus

1090 1603 1237 1648 capitulis
1264 1611 1316 1636 aut
1357 1615 1411 1649 per
1448 1603 1579 1638 abbates
1606 1615 1662 1637 seu
1691 1602 1846 1649 praelatos

1088 1652 1167 1686 alios
1194 1652 1308 1686 suerint
1330 1652 1484 1698 deputati,
1501 1653 1548 1687 vel
1572 1652 1774 1686 familiarium
1790 1664 1845 1686 eo-

1090 1702 1245 1741 iumdem,
1273 1701 1370 1735 autin
1396 1701 1486 1736 bonis
1504 1714 1627 1745 eorum,
1650 1701 1724 1735 dum
1740 1710 1842 1735 tamen

1090 1760 1217 1796 propter
1258 1750 1317 1785 lioc
1352 1750 1485 1786 visitatio
1527 1750 1709 1785 huiusmodi
1751 1750 1843 1785 fuerit

1089 1800 1249 1846 impedita,
1266 1800 1333 1846 ipso
1355 1799 1435 1834 facto
1453 1801 1599 1834 incurrat.
1624 1799 1845 1834 Praesidentes

1087 1858 1191 1883 autem
1217 1849 1462 1895 provincialibus
1489 1859 1517 1884 et
1540 1848 1733 1885 annualibus
1754 1849 1844 1895 capi-

1088 1898 1161 1932 tulis
1190 1898 1378 1944 praelibatis,
1405 1907 1562 1933 eteorum
1589 1897 1732 1945 quilibet,
1756 1907 1845 1945 post-

1087 1959 1187 2002 quam
1219 1948 1406 1994 simpliciter
1439 1956 1468 1982 ct
1493 1948 1531 1982 de
1560 1948 1652 1994 plano
1687 1948 1734 1982 eis
1765 1959 1844 1982 con-

1087 1997 1214 2036 stiterit,
1241 1997 1378 2044 aliquem
1408 2009 1445 2031 ex
1478 1996 1645 2052 praedictis
1672 1996 1842 2043 praefatam

1087 2046 1426 2080 excommunicationis
1447 2047 1635 2081 sententiam
1661 2045 1842 2089 iucurrisse,

1089 2096 1190 2141 ipsum
1215 2096 1524 2129 excommunicatum
1548 2108 1605 2142 pei
1627 2095 1733 2129 omnia
1755 2095 1843 2129 eius-

1087 2144 1158 2178 dem
1183 2145 1346 2190 religionis
1374 2144 1453 2188 loca,
1476 2145 1514 2179 de
1536 2144 1652 2192 quibus
1680 2145 1726 2178 eis
1754 2144 1842 2177 vide-

1088 2194 1193 2236 bitur,
1235 2194 1352 2228 tamdiu
1389 2194 1575 2228 solemniter
1612 2193 1777 2240 publicent
1812 2201 1841 2227 et

1088 2243 1202 2277 faciant
1246 2243 1286 2277 ab
1324 2243 1394 2277 aliis
1439 2243 1624 2277 auctoritate
1667 2242 1840 2289 apostolica

1088 2292 1253 2339 publicari,
1281 2304 1335 2327 eos
1357 2292 1393 2326 ad
1422 2292 1482 2327 boc
1510 2304 1565 2339 per
1591 2304 1759 2326 censuram
1787 2303 1841 2326 ec-

1086 2342 1305 2381 clesiasticam,
1332 2341 1541 2388 appellatione
1559 2341 1742 2388 postposita,
1757 2352 1842 2374 eom-

1088 2391 1245 2437 pcllendo,
1274 2391 1375 2424 donee
1405 2391 1698 2425 excommunicatus
1728 2390 1840 2424 huius-

1088 2440 1170 2474 modi
1188 2440 1376 2486 cnndignam
1393 2452 1489 2487 super
1505 2441 1563 2474 boc
1591 2439 1838 2474 satisfactionem

1088 2489 1292 2535 impenderit,
1333 2497 1363 2523 et
1400 2489 1608 2524 absolutionis
1649 2488 1837 2523 beneficium

1089 2539 1235 2573 meruerit
1256 2539 1406 2572 obtinere.
1424 2538 1549 2573 Possint
1562 2546 1666 2572 autem
1682 2538 1720 2572 ab
1734 2538 1839 2572 buius-

1088 2589 1173 2623 modi
1196 2588 1535 2623 excommunicationis
1565 2588 1732 2626 sententia,
1762 2599 1840 2621 con-

1087 2650 1163 2683 grua
1192 2637 1403 2671 satisl'actione
1426 2637 1614 2684 praemissa,
1641 2636 1760 2671 absolvi
1784 2648 1840 2683 per

1869 267 1906 292 ,ln
1939 268 1957 293 C
1984 268 2050 294 ¹330
