2274 3265
467 273 537 305 4:⁵5ss

420 338 509 372 l'uerit
542 333 786 370 misericorditer
808 332 1039 379 dispensatum.
1076 330 1113 364 Et
1140 330 1164 364 si

419 386 628 435 praesidentis
650 383 805 423 eiusdem,
827 381 878 429 qui
905 389 1007 415 tamen
1036 379 1166 414 antistes

419 449 480 471 non
508 435 622 477 fuerit,
645 433 736 480 culpa
759 432 896 467 extiterit
914 430 1088 473 manifesta,
1112 441 1167 474 per

420 485 634 533 praesidentes
668 484 697 517 in
735 480 914 529 provinciali
947 479 1096 526 capitulo,
1121 478 1164 510 rel

420 536 592 570 visitatores
615 546 669 580 per
692 531 774 566 idem
798 529 969 578 capitulum
987 530 1165 574 deputatos,

421 597 540 633 poenae
566 583 697 630 graviori
726 580 890 615 subdatur.

469 635 565 682 551.
600 633 772 667 Hortamur
795 630 994 677 praepositos
1011 654 1018 666 ,
1048 627 1169 673 priores

230 690 406 740 *fh's¹·¹‘t·¹'·¹¹¹⁰]¹⁴¹?⁸
421 694 451 720 et
473 683 756 724 administratores,
779 680 984 725 singulosque
999 676 1169 710 canonicos

223 727 408 777 s„⁴11'..¹''„1-.¹'‚'21
422 735 524 770 dictae
546 731 707 779 religionis
724 731 753 764 in
773 728 949 763 sacerdotio
970 725 1169 767 constitutos,

223 785 320 803 “’”“““”““’
423 785 452 819 in
476 783 651 821 Ecelesiis,
675 778 875 814 monasteriis
902 785 932 810 et
958 776 1028 810 aliis
1060 786 1168 808 eornm

422 834 499 869 locis
534 829 795 868 conventualibus
828 826 1027 867 residentes,
1063 831 1095 857 ut
1117 826 1131 869 ⁴(
1144 823 1168 857 si

424 896 485 918 non
500 881 716 929 frequentius)
739 878 849 912 saltem
875 876 923 909 bis
939 875 967 908 in
982 874 1170 921 septimana,

423 933 595 968 residentes
617 937 720 964 autem
755 928 784 960 in
821 924 1011 973 prioratibus
1033 923 1081 956 vel
1104 922 1172 956 aliis

423 983 500 1017 locis
521 977 795 1017 conventualibus,
815 975 923 1010 saltem
941 973 1037 1008 semel
1055 973 1083 1005 in
1100 971 1173 1005 lieb-

422 1031 555 1066 domada
572 1058 579 1069 ,
608 1030 637 1063 in
664 1027 783 1061 scliolis
811 1037 883 1058 vero
915 1023 960 1057 vot
984 1023 1056 1057 alibi
1083 1033 1173 1055 com-

423 1089 604 1119 morantes,
632 1078 709 1111 infra
745 1074 927 1122 quindecim
963 1073 1029 1107 dies
1063 1072 1171 1105 saltem

422 1131 532 1169 semel,
547 1129 628 1163 salva
646 1127 808 1161 honestate
823 1133 852 1157 et
869 1123 972 1157 debita
993 1121 1173 1160 devotione,

424 1181 536 1215 missas
561 1177 709 1213 studeant
737 1174 906 1208 celebrare.

472 1230 492 1278 S
513 1231 570 1264 5⁶2.
594 1227 654 1261 Atii
680 1237 751 1259 vero
778 1222 921 1258 canonici
946 1234 1007 1255 uon
1033 1219 1173 1254 sacerdo-

240 1289 261 1309 b'·
292 1290 411 1320 ³⁴¹⁴·¹'⁸··¹⁰¹,¹·
426 1288 471 1314 tes
498 1277 629 1313 ubilibet
651 1273 827 1312 constituti,
855 1273 885 1306 in
914 1270 1053 1318 qualibet
1080 1270 1175 1316 quin-

227 1326 308 1371 ¹1¹,¹-',.'l¹.'.'..2
330 1317 411 1368 {ini-¹:221
426 1330 505 1364 dena
520 1328 629 1362 saltem
646 1324 743 1360 semel
759 1322 968 1357 confiteantur
989 1328 1019 1353 et
1034 1318 1175 1366 quolibet

229 1382 341 1432 ”{¹··[¹*¹⁵“⁰
375 1384 411 1404 ΡΝ
427 1391 536 1414 mense
565 1381 743 1411 reverenter
760 1372 934 1418 suscipiant
957 1368 1176 1404 Eucharistiae

229 1422 278 1433 ‘¹
426 1430 678 1464 Sacramentum,
701 1423 760 1457 nisi
789 1423 866 1456 forte
888 1420 927 1454 de
951 1419 1068 1466 proprii
1095 1429 1174 1451 con-

429 1477 555 1513 fessoris
577 1474 723 1517 consili0,
745 1472 785 1506 ob
806 1471 943 1517 aliquam
961 1466 1175 1503 rationabilem

428 1539 576 1564 causam,
598 1525 635 1559 ad
665 1532 789 1569 tempus
816 1520 855 1554 ab
881 1520 950 1553 eius
976 1518 1178 1566 perceptione

428 1588 536 1612 eorum
564 1574 678 1621 aliquis
700 1571 827 1606 duxerit
859 1568 1094 1604 abstinendum.
1120 1566 1179 1599 Per

430 1628 488 1661 boc
510 1633 628 1663 autem,
643 1621 777 1660 statutis,
806 1617 1104 1658 consuetudinibus,
1127 1628 1180 1649 ot·-

429 1674 646 1710 dinationibus
657 1684 711 1705 seu
728 1668 937 1705 observantiis
953 1666 1179 1704 Ecclesiarum,

429 1723 689 1760 monasteriorum
706 1732 761 1755 sen
778 1719 918 1754 locorum
935 1716 1180 1764 praedictorum,

431 1775 547 1822 quibus
566 1772 763 1819 frequentius
787 1780 842 1816 pro
865 1769 960 1801 certis
981 1766 1094 1800 diebus
1109 1776 1181 1799 con-

433 1825 523 1868 literi,
542 1821 775 1858 communicare
798 1819 844 1853 vel
860 1817 1019 1852 celebrare
1034 1815 1181 1850 debeant.

433 1875 478 1909 vel
514 1872 641 1919 saepius
678 1867 868 1905 celebrando
911 1868 1049 1901 locorum
1087 1875 1182 1898 onera

433 1930 629 1971 supportare,
654 1921 684 1954 in
703 1920 811 1965 aliquo
835 1929 895 1951 non
922 1915 1115 1950 intendimus
1133 1914 1185 1947 de-

434 1985 560 2019 rogare:
586 1970 770 2005 adiicientes
792 1967 877 2014 quod
893 1966 1032 2005 abbateS,
1049 1975 1185 2011 praepo-

434 2023 484 2057 siti
510 2034 566 2056 seu
590 2021 709 2068 priores
736 2017 850 2053 caeteri
880 2016 956 2051 locis
983 2021 1185 2049 conventua—

436 2073 519 2107 libus
541 2070 769 2118 praesidentes,
796 2067 848 2101 die
865 2065 1017 2113 qualibet,
1041 2063 1186 2098 rationa—

438 2123 488 2157 bili
511 2133 602 2156 cansa
625 2126 780 2157 cessante,
796 2117 925 2151 missam
948 2113 1109 2149 celebrent
1140 2111 1186 2145 vel

437 2172 575 2209 audiant,
588 2167 834 2203 etuiliilominus
847 2166 876 2200 in
891 2163 1085 2200 solemnibus
1101 2162 1188 2196 festis

439 2223 470 2256 in
498 2221 564 2256 suis
591 2217 791 2254 monasteriis
812 2217 877 2251 sive.
902 2214 980 2249 locis
998 2214 1111 2248 missas
1134 2224 1190 2246 so-

441 2272 561 2306 lemnes
585 2269 731 2304 studeant
753 2266 922 2301 celebrare.

490 2321 510 2368 g
537 2322 593 2354 55.
620 2318 793 2352 Hortamur
819 2316 924 2359 etiam,
951 2313 1035 2361 quod
1064 2313 1094 2346 iu
1121 2311 1192 2346 Ec·-

261 2380 287 2399 1’e
304 2379 428 2399 ¹v⁴‘⁴¹‹«¹i⁰n0
442 2370 557 2409 clesiis,
573 2368 770 2403 monasteriis
791 2366 855 2400 sive
872 2364 948 2399 locis
971 2363 1039 2398 aliis
1061 2373 1191 2397 conven-

247 2411 343 2430 ¹¹⁰''‘'¹¹''¹
364 2416 429 2429 ‘¹⁰⁰⁰‘
443 2420 592 2462 tualibus,
612 2431 683 2452 cum
712 2417 875 2455 modestia,
898 2413 1060 2449 humiliter
1087 2418 1118 2444 et
1135 2410 1193 2444 de—

446 2477 514 2503 vote
538 2470 623 2503 boris
646 2467 808 2502 nocturnis
830 2474 860 2500 et
882 2464 1005 2498 diurnis
1024 2463 1060 2497 ad
1090 2461 1192 2494 divina

446 2519 546 2553 oflicia
575 2518 712 2553 universi
741 2526 770 2550 et
804 2515 919 2561 singuli
947 2513 1091 2548 canonici
1128 2520 1195 2544 stu-

447 2569 539 2603 deant
566 2568 756 2607 convenire,
780 2567 908 2613 ipsaque
943 2576 1004 2598 non
1033 2571 1195 2597 transcur-

449 2618 545 2652 rendo
581 2626 631 2652 aut
668 2616 894 2664 syncopando,
923 2614 978 2648 sed
1011 2613 1133 2647 tractim
1167 2619 1195 2644 et

450 2668 595 2701 distincte
632 2667 773 2714 psallant,
818 2675 845 2698 et
887 2664 1043 2699 celebrent
1073 2662 1195 2695 devoto.

223 287 269 311 An,
285 285 313 310 C,
337 283 401 310 1359

994 275 1180 299 BULLMUUM
1204 273 1364 297 ROMANUM

1982 270 2024 295 ln,
2040 269 2067 293 Γ..
2091 268 2155 293 1350

1207 330 1290 362 Saue
1315 328 1344 360 in
1374 326 1522 360 lici-lesus
1543 325 1787 368 cathedralibus,
1804 332 1959 359 monaste-

1209 378 1261 412 riis
1277 385 1305 410 et
1323 376 1399 410 locis
1419 375 1487 409 aliis
1510 374 1774 409 conventualibus
1798 373 1959 420 religionis

1208 427 1361 466 eiusdem,
1382 425 1474 459 missa
1505 425 1602 458 maior
1619 436 1672 470 per
1695 424 1882 458 canonicum
1905 435 1958 457 ce-

1209 476 1355 510 lebretur.
1386 475 1425 509 Et
1452 475 1476 508 si
1514 473 1590 508 inibi
1614 486 1749 520 magnus
1777 480 1807 506 et
1836 473 1872 507 ad
1903 473 1961 506 boc

1208 526 1368 560 sullis-iens
1391 523 1723 558 t'u‹·ritcanonicormn
1749 534 1914 562 numerus,
1930 523 1960 556 in

1209 575 1319 609 officiis
1343 574 1528 608 diaconatus
1553 582 1583 607 et
1617 573 1864 608 subdiaconatus
1896 571 1963 606 mi—

1211 626 1341 659 nistrent
1369 623 1548 658 liuiusrnodi
1571 623 1754 666 celebranti,
1769 630 1799 655 et
1815 622 1867 669 qni
1885 621 1963 655 heb-

1210 674 1414 709 domadarius
1429 673 1521 708 fuerit
1540 673 1653 707 missae
1668 672 1805 710 maioris,
1819 679 1963 706 cessante

1212 724 1440 770 impedimento
1468 723 1631 769 legitimo,
1668 723 1761 757 boras
1797 721 1964 755 canonicas

1213 774 1341 821 incipiat
1355 781 1384 807 et
1399 773 1547 807 collectas
1569 773 1726 807 orationes
1745 772 1838 805 dicat.
1852 771 1965 804 Trans-

1211 835 1374 869 gressores
1394 835 1466 857 vero
1491 823 1733 870 praemissorum
1748 821 1873 855 debitae
1886 819 1964 854 sub-

1213 874 1331 908 iaceant
1354 872 1547 918 disciplinae.

1261 923 1281 970 g
1304 925 1360 957 54.
1388 922 1534 969 Denique
1561 921 1675 956 soliciti
1700 921 1759 955 sint
1788 919 1963 957 antistites,

1213 972 1364 1015 abbates,
1389 971 1572 1018 praepositi,
1601 971 1730 1018 priores,
1759 970 1909 1003 sacristae
1936 977 1965 1002 et

1213 1022 1485 1056 administratores
1522 1021 1572 1055 alii
1608 1019 1770 1066 religionis
1796 1017 1966 1066 praefatae,

1214 1083 1417 1118 quocumque
1451 1070 1578 1105 nomine
1611 1076 1822 1108 censeantur,
1849 1067 1968 1115 quibus

1216 1122 1369 1155 incumbit
1394 1120 1562 1163 Ecclesias,
1585 1119 1731 1161 oratoria,
1754 1117 1873 1157 altaria,
1893 1117 1967 1151 reli-

1215 1171 1316 1218 quias,
1340 1182 1422 1212 vasa,
1445 1170 1632 1216 corporalia,
1661 1169 1843 1203 vestimenta
1862 1174 1891 1200 et
1911 1166 1968 1199 alia

1216 1228 1398 1255 ornamenta
1434 1219 1645 1253 ecclesiastica
1671 1217 1786 1252 munda
1817 1224 1849 1251 et
1871 1215 1969 1250 nitida

1216 1282 1420 1314 conservare,
1443 1278 1469 1303 et
1496 1269 1597 1303 facere
1620 1267 1659 1302 ab
1681 1267 1749 1302 aliis
1768 1265 1945 1301 conservari
1963 1278 1970 1303 ;

1217 1319 1256 1353 de
1279 1319 1439 1354 breviariis
1461 1330 1600 1365 qnoque,
1624 1316 1820 1359 missalibus,
1835 1316 1968 1362 aliisque

1219 1369 1304 1403 libris
1319 1378 1348 1403 et
1365 1369 1562 1403 vestimentis
1577 1380 1612 1402 ac
1634 1366 1829 1401 ornamentis
1844 1365 1972 1412 quibus-

1219 1418 1291 1452 libet
1317 1419 1514 1457 necessariis,
1543 1417 1627 1451 iuxta
1651 1415 1815 1450 facultates
1847 1423 1875 1448 et
1899 1414 1972 1449 exi—

1218 1468 1356 1514 gentiam
1394 1469 1534 1503 locornm
1569 1478 1726 1504 suorum,
1756 1464 1909 1499 Ecclesiis
1944 1472 1971 1497 et

1221 1518 1297 1552 locis
1319 1518 1440 1553 eisdem
1469 1517 1599 1551 omnino
1623 1514 1817 1563 provideant,
1847 1526 1902 1548 seu
1923 1512 1974 1547 sa-

1220 1567 1303 1602 ciant
1340 1567 1512 1615 provideri:
1536 1566 1619 1612 quod
1648 1565 1673 1600 si
1710 1564 1884 1611 praemissa
1920 1574 1976 1609 pro

1223 1629 1314 1664 posse
1337 1617 1508 1664 adimplere
1534 1615 1744 1661 neglexerint,
1768 1613 1806 1648 ad
1825 1625 1861 1647 ea
1888 1624 1978 1647 com-

1222 1666 1334 1713 plenda
1371 1665 1626 1713 competentibus
1660 1662 1808 1698 remediis
1835 1661 1978 1709 compel-

1223 1716 1335 1755 lantur,
1359 1727 1388 1752 et
1411 1718 1435 1751 si
1456 1728 1538 1763 opus
1552 1714 1657 1752 fuerit,
1673 1726 1744 1762 pars
1767 1720 1977 1759 proventuum

1222 1765 1450 1801 beneficiorum
1486 1777 1595 1799 eorum
1625 1777 1682 1811 per
1709 1763 1892 1810 superiores
1930 1773 1978 1795 re-

1224 1816 1354 1863 cipiatur
1373 1816 1514 1859 eosdem,
1528 1822 1559 1849 et
1575 1815 1604 1848 in
1623 1813 1853 1861 praedictorum
1873 1812 1978 1859 provi-

1224 1867 1344 1901 sionem
1366 1879 1421 1914 por
1438 1866 1573 1912 aliquem
1591 1864 1740 1898 idoneum
1765 1869 1976 1896 convertatur.

1274 1916 1374 1963 555.
1403 1915 1437 1950 ln
1467 1916 1604 1950 savorem
1630 1913 1792 1960 religionis
1823 1911 1978 1958 praefatae

1227 1966 1446 2013 probibemus,
1470 1977 1508 1999 ne
1541 1964 1700 1998 antistites
1733 1970 1761 1996 et
1791 1961 1842 1996 alii
1876 1960 1998 1995 eccle-⁸
2162 1990 2180 2002 ‚a

1227 2016 1342 2050 siastici
1379 2015 1500 2050 iudices
1536 2013 1658 2048 trahant
1689 2012 1883 2060 professores
1907 2011 2179 2052 rvti-nv=i=¹=¹v===¹====

1228 2066 1330 2112 giouis
1352 2065 1493 2100 eiusdem
1519 2064 1547 2097 iu
1572 2064 1677 2098 causis
1704 2061 1922 2096 criminalibus
1941 2059 1978 2093 ad
1996 2055 2005 2068 ⁰
2021 2054 2075 2067 ''¹''''⁴
2135 2052 2148 2064 ²

1229 2128 1337 2150 eornm
1357 2114 1577 2149 consistorium
1593 2125 1646 2147 seu
1664 2111 1809 2145 tuith—iate
1829 2109 1980 2149 tribunal,

1231 2164 1282 2199 ubi
1317 2177 1431 2200 causae
1469 2163 1681 2198 communiter
1703 2161 1896 2199 audiuntur:
1924 2159 1979 2193 sed

1230 2215 1302 2249 alibi
1338 2214 1469 2249 audiant
1509 2213 1610 2247 dictas
1647 2223 1779 2251 causas;
1810 2210 1868 2243 nisi
1905 2208 1982 2243 l'orte

1232 2264 1372 2298 criminis
1390 2263 1544 2298 manifesti
1562 2262 1732 2296 enormitas
1750 2259 1834 2294 aliud
1848 2258 1980 2294 suaserit

1234 2314 1424 2348 faciendum.

1282 2364 1302 2410 ἓ
1325 2366 1381 2398 56.
1406 2363 1502 2398 Porro
1526 2375 1540 2396 a
1566 2360 1784 2396 venationibus
1800 2367 1828 2393 et
1845 2370 1986 2405 ancupa-
2014 2366 2125 2400 Venanvu‘·
2152 2364 2186 2384 vel

1236 2413 1378 2448 tionibus
1400 2412 1543 2447 canonici
1571 2412 1674 2446 dictae
1702 2409 1866 2456 religionis
1888 2400 2185 2449 31811-ξ’,ζ’ζι“,“,“,’,ῗ,“ζ“,ζζ“;““““’“

1237 2472 1326 2498 neaut
1344 2492 1351 2504 ,
1384 2475 1440 2497 nec
1469 2464 1514 2497 eis
1539 2463 1714 2504 interesse,
1742 2467 1795 2493 aut.
1829 2470 1924 2493 canes
1947 2457 1983 2491 ad

1236 2526 1317 2561 opus
1332 2513 1463 2547 venandi
1480 2513 1524 2546 vel
1542 2525 1636 2547 aures
1650 2513 1693 2554 (ll
1713 2510 1869 2543 venaticas
1886 2521 1940 2555 per
1955 2501 1987 2540 se

1239 2566 1283 2598 vel
1307 2564 1384 2597 alios
1406 2572 1512 2597 tenere
1542 2568 1757 2609 praesumant,
1781 2571 1836 2593 nec
1864 2571 1878 2592 a
1897 2558 1987 2592 l'ami-

1240 2614 1365 2648 liaribus
1387 2625 1494 2647 secum
1520 2611 1714 2646 morantibus
1743 2609 1838 2643 teneri
1864 2607 1989 2655 permit-

1280 2672 1320 2705 (1)
1342 2672 1438 2697 Forsan
1457 2678 1521 2695 ores.

1994 918 2020 937 Du
2035 918 2165 937 irritamentis
