2274 3265
124 284 172 309 Αιι.
194 282 220 308 C.
239 282 305 308 isso

148 875 278 895 Prooenilnm.

134 2208 219 2227 Ordinis
246 2208 306 2227 liuius

121 2239 198 2259 tratres
209 2245 308 2266 quoi-nni-

122 2276 161 2297 qu?
185 2271 256 2292 datio,
286 2274 307 2290 vt

122 2302 214 2328 qualibet
250 2303 307 2322 nuth

122 2333 175 2352 narii
221 2334 308 2353 iutissdi«

122 2365 192 2384 ctione
210 2365 270 2384 titii-ri
288 2368 307 2383 et

123 2399 221 2421 exempti·

956 281 1099 303 UtitiANt‘s
1122 280 1151 301 t't
1177 280 1225 301 Pl).

362 334 489 365 dictione
514 335 596 365 liberi
623 340 651 365 et
682 336 817 374 exempti,
840 352 877 356 -—
900 334 968 364 Sedi
993 335 1071 373 Apo-

361 379 482 409 stolicae
502 380 669 409 immediate
698 379 833 408 subiecti.
856 396 894 400 —
926 378 952 408 ⁶2.
982 378 1073 407 Secus

360 427 421 452 acta
443 424 484 452 vel
514 424 705 462 imposterum
727 424 895 453 intentanda
924 422 1002 452 nulla
1023 423 1074 451 dc-

359 468 508 497 clarantnr
526 473 554 497 et
573 469 663 498 irrita.
681 485 720 490 —
738 470 764 497 3.
783 468 950 498 Clausulae.

319 543 440 571 urbanus
463 543 605 579 episcopus
624 550 720 572 servus
744 549 885 572 servornm
917 543 972 575 Dei.
1005 542 1073 570 dile-

363 593 418 621 ctis
450 593 516 621 filiis
539 593 657 621 Andreae
679 593 767 628 priori
790 591 922 628 generali,
954 591 983 620 et
1014 591 1072 618 uni·

363 643 452 671 versis
471 642 609 671 fratribus
629 643 772 671 Servorum
792 642 817 670 S.
846 641 948 669 Mariae
967 640 1073 669 ordinis

362 692 388 718 S.
407 691 562 726 Augustini,
581 692 773 727 praesentibus
802 693 831 720 et
860 691 978 723 futuris.
999 690 1072 718 satu-

363 742 420 769 tem
439 742 469 769 et
488 740 667 776 apostoticam
683 741 906 769 benedictionem.

370 812 576 847 sacrosancta
615 812 758 846 Romana
795 813 938 847 Ecclesia
973 820 1073 847 mater

320 870 508 896 cunctorum
524 861 789 896 Cbristilidelium
819 871 850 897 et
870 863 1017 907 magistra
1042 863 1070 895 in

319 923 394 957 agro
417 912 567 945 virtutum
589 912 681 945 vestri
710 911 853 955 Ordinis,
875 912 924 946 cui
954 912 1073 946 altissi-

320 973 391 995 mus
413 960 570 995 Dominus
595 960 769 1004 benedixit,
792 962 866 995 etin
884 960 1000 995 decore
1015 973 1072 995 sa-

318 1022 389 1044 crae
422 1010 604 1056 religionis,
633 1010 692 1044 sul)
714 1023 773 1057 qua
802 1011 904 1044 eidem
934 1010 1072 1044 Domino

318 1060 454 1106 eiusque
486 1059 639 1094 Genitrici
673 1059 821 1094 devotum
859 1060 1016 1094 exhibetis
1043 1068 1072 1094 et

318 1108 466 1143 sedulum
495 1109 683 1143 famulatum
701 1136 708 1148 ι
731 1109 849 1143 exultat
873 1117 902 1144 et
938 1109 1070 1143 iubilat:

320 1159 502 1205 praesertim
531 1158 606 1193 dum
641 1158 811 1204 prospicit,
839 1158 923 1204 quod
953 1171 1007 1192 vos
1033 1158 1071 1192 ad

317 1209 375 1242 alta
401 1209 550 1242 virtutum
579 1208 731 1253 gradatim
750 1220 805 1254 per
825 1208 977 1242 bonorum
995 1219 1073 1254 ope-

318 1270 387 1291 rum
411 1258 620 1300 exercitium,
647 1265 677 1292 et
701 1257 860 1304 praeclara
896 1257 1072 1291 sanctitatis

319 1307 427 1341 merita
456 1307 720 1345 conscendentes,
743 1306 867 1340 trahitis
889 1306 925 1339 ad
948 1306 1072 1340 divinae

319 1357 489 1390 maiestatis
521 1356 710 1402 obsequium
742 1355 842 1392 alios,
874 1367 935 1388 non
967 1355 1070 1389 solum

318 1417 374 1451 per
392 1405 554 1440 doctrinae
582 1404 687 1447 verba,
709 1404 764 1438 sed
785 1404 878 1438 etiam
900 1416 955 1451 per
969 1416 1073 1438 exeni-

319 1454 380 1501 pla,
405 1456 496 1489 vitam
525 1454 673 1488 ducendo
697 1454 914 1500 purissimam,
937 1461 966 1487 et
985 1453 1070 1487 verbi

319 1503 606 1551 praedicationibus
644 1504 843 1542 insistendo,
876 1515 911 1536 ac
946 1503 1073 1537 divinae

318 1553 420 1588 laudis
461 1553 669 1600 frequentiae,
708 1553 907 1598 celebrisque
943 1565 1073 1586 venera-

319 1604 413 1637 tionis
447 1603 629 1646 instantiae,
665 1615 702 1636 ex
731 1615 790 1649 qua
821 1603 919 1648 gloria
943 1602 1070 1636 divinat

318 1653 487 1687 maiestatis
521 1652 699 1694 attollitur,
730 1652 934 1686 devotissime
971 1651 1072 1698 persi-

318 1703 452 1736 stendo:
478 1711 605 1749 propter
639 1714 720 1748 quae
756 1714 812 1735 nos
849 1710 878 1735 et
915 1701 1070 1748 praedicta

318 1752 470 1791 Ecclesia,
499 1764 553 1786 vos
575 1761 604 1786 et
633 1759 771 1785 vestrum
801 1751 955 1785 Ordinem
981 1762 1073 1797 prae-

317 1802 449 1841 dictum,
472 1805 567 1848 quem
596 1813 668 1847 erga
694 1813 750 1834 nos
778 1809 807 1834 et
830 1801 972 1835 eamdem
1002 1800 1072 1834 Ec-

317 1851 444 1885 clesiam
462 1851 629 1884 devotione
645 1850 827 1897 praelucere.
845 1850 1072 1896 conspicimus,

319 1901 397 1934 infra
419 1901 554 1934 claustra
579 1901 676 1933 noun
707 1900 844 1945 pectoris
869 1900 1005 1945 paternis
1027 1899 1072 1933 af-

319 1949 453 1983 fectibus
468 1949 709 1995 amplectentes,
725 1949 804 1983 eirca
817 1949 934 1982 bonnm
955 1956 1071 1982 statum

320 2007 459 2032 testi-um
489 1999 562 2032 totis
589 1998 703 2032 studiis
728 1999 906 2044 vigilamus,
932 2007 976 2036 ιιι
1004 1997 1071 2031 Deo

321 2049 467 2095 propitio,
491 2060 504 2080 a
529 2048 633 2081 noxiis
661 2048 882 2094 protegamini
911 2055 940 2080 et
970 2048 1073 2081 susci-

322 2098 412 2145 piatis
434 2109 561 2144 semper
581 2096 716 2130 salubria
742 2097 945 2131 incr·.tmenta

370 2151 384 2190 g
413 2150 439 2180 Ι.
460 2146 611 2181 Volentes
640 2147 735 2192 igitur
763 2146 1008 2193 praemissorum
1029 2147 1074 2180 in-

322 2197 401 2231 tuitu
420 2224 428 2238 ,
468 2209 521 2230 vos
548 2209 582 2229 ac
612 2196 677 2230 loca
707 2205 807 2230 vestra
838 2196 1014 2242 praesentia
1043 2204 1074 2229 et

323 2247 424 2280 sutura
466 2246 678 2293 praerogativa
711 2245 858 2292 specialis
897 2245 1011 2279 favoris
1043 2254 1072 2279 et

322 2296 439 2341 gratiae
468 2295 641 2341 insignire,
664 2307 699 2328 ae
726 2295 877 2341 singulari
908 2294 1073 2341 privilegio

323 2347 491 2387 decorare,
520 2346 629 2378 vestris
657 2345 686 2378 in
716 2344 773 2379 bac
798 2352 884 2391 parte
911 2344 1074 2391 supplica-

324 2395 462 2429 tionibus
487 2394 639 2437 inclinati,
659 2406 712 2428 vos
728 2402 908 2441 vestrasque
924 2405 1073 2440 personas

323 2457 356 2478 ac
380 2445 484 2478 omnia
501 2444 565 2478 loca
590 2451 688 2477 vestra
707 2452 766 2478 tam
788 2443 963 2490 praesentia
980 2455 1072 2489 qnam

323 2494 425 2528 sutura
448 2494 533 2527 omni
559 2493 794 2531 iurisdictione,
827 2500 991 2539 potestate,
1015 2493 1074 2526 do-

323 2549 435 2591 minio,
458 2548 646 2591 visitatione,
669 2547 820 2581 caritativi
845 2546 978 2580 subsidii
996 2546 1074 2580 sub-

323 2603 505 2637 ventionum
549 2610 576 2635 et
618 2603 819 2636 exactionum
860 2601 1074 2648 quorumlibet

322 2658 546 2705 praestatione,
566 2669 689 2690 necnon
714 2669 729 2691 a
759 2656 916 2703 synodalis
944 2664 973 2690 et
989 2655 1074 2689 alte—

1747 269 1816 301 5385

1117 335 1182 368 rius
1220 335 1361 369 cuiusvis
1396 334 1648 379 congregationis
1685 335 1868 369 evocatione

1115 385 1257 417 omnium
1287 391 1316 417 et
1353 383 1550 429 singulorum
1593 383 1866 430 patriarcharum,

1115 433 1442 479 areliicpiscoporum,
1471 433 1692 479 cpiscoporum
1716 442 1745 467 ct
1786 446 1866 479 ‹pio-

1116 482 1264 516 rumlibet
1285 483 1420 516 aliorum
1445 482 1585 515 iudicum
1610 482 1842 517 ordinariorum
1858 510 1866 526 ,

1115 531 1155 566 de
1181 532 1313 578 speciali
1341 531 1426 566 dono
1448 531 1565 577 gratiae
1590 531 1730 578 plenarie
1752 532 1867 565 eximi-

1116 595 1187 615 inus
1224 591 1253 615 et
1281 582 1417 615 totaliter
1454 580 1644 618 liberamus,
1680 594 1795 627 vosque
1831 595 1867 615 ac

1117 643 1266 677 personas
1288 639 1317 664 et
1333 631 1398 665 loca
1423 631 1487 676 ipsa
1517 630 1546 663 in
1565 630 1613 664 ius
1636 638 1665 664 et
1689 630 1866 676 proprieta-

1116 689 1176 714 tem
1212 680 1248 714 B.
1279 680 1361 714 Petri
1390 688 1419 713 et
1450 679 1546 713 Sedis
1571 680 1800 726 Apostolicae,
1835 688 1865 714 et

1115 731 1174 765 sub
1202 742 1312 764 eorum
1332 737 1362 763 et
1390 737 1493 764 nostra
1518 729 1711 776 protectione
1734 729 1864 775 speciali

1115 789 1144 814 et
1182 779 1360 814 immediata
1402 779 1633 825 suscipientes,
1667 778 1867 812 decernimus

1116 843 1169 864 vos
1196 842 1231 864 ac
1259 841 1411 877 personas
1438 837 1468 863 et
1491 829 1556 863 loca
1586 827 1743 875 praedicta
1761 827 1818 862 soli
1836 837 1866 862 et

1116 879 1297 914 immediate
1324 877 1399 913 Sedi
1427 878 1604 925 praedictae
1628 877 1803 912 subiacere:
1821 890 1868 911 v·o

1116 929 1215 964 lentes
1242 928 1328 976 quod
1355 928 1498 962 locorum
1527 927 1720 970 dioecesani,
1743 927 1789 961 vel
1808 926 1867 961 alia

1115 978 1244 1025 quaevis
1278 990 1412 1025 persona
1437 989 1490 1012 vos
1518 977 1564 1012 vel
1593 977 1658 1011 loca
1688 954 1867 1022 piaedicta,

1117 1036 1223 1075 utpote
1257 1040 1385 1074 prorsus
1419 1035 1563 1073 eximpta
1600 1034 1629 1061 et
1664 1026 1765 1061 dictae
1792 1025 1867 1060 Sedi

1115 1077 1294 1112 immediate
1307 1076 1461 1120 subiecta,
1475 1089 1535 1110 non
1550 1076 1669 1123 possint
1683 1076 1868 1110 auctoritate

1114 1127 1272 1161 ordinaria
1295 1126 1636 1160 excommunicationis
1652 1153 1659 1165 ,
1682 1125 1868 1172 suspensio-

1116 1176 1163 1211 nis
1205 1175 1251 1210 vel
1289 1175 1470 1213 interdicti,
1497 1183 1551 1209 aut
1585 1175 1662 1209 alias
1697 1174 1868 1209 sententias

1113 1225 1294 1271 specialiter
1317 1224 1363 1259 vel
1380 1224 1571 1269 generaliter
1591 1223 1802 1271 promulgare,
1822 1223 1868 1257 vel

1113 1275 1190 1309 alias
1223 1275 1318 1308 etiam
1344 1274 1464 1307 ratione
1486 1273 1658 1308 cuiuslibet
1680 1273 1786 1307 delicti
1813 1285 1868 1307 seu

1114 1332 1309 1366 contractus,
1332 1331 1386 1356 aut
1410 1322 1466 1362 rei,
1489 1322 1527 1356 de
1543 1336 1602 1369 qua
1623 1330 1771 1369 ageretur
1796 1322 1870 1356 ubi-

1114 1385 1253 1419 cumque
1288 1372 1496 1407 committitur
1531 1372 1707 1415 delictnm,
1747 1372 1870 1405 ineatur

1114 1431 1296 1457 contractus
1316 1430 1369 1455 aut
1393 1433 1441 1455 res
1465 1421 1530 1468 ipsa
1546 1421 1709 1460 consistat,
1731 1429 1870 1467 potesta-

1115 1480 1189 1513 tem,
1203 1471 1378 1506 dominium
1393 1479 1447 1505 aut
1462 1471 1710 1505 iurisdietionem
1731 1470 1868 1517 aliquam

1114 1521 1354 1568 quomodolibet
1381 1532 1539 1555 exercere..

1163 1571 1183 1618 g
1210 1573 1243 1604 ΕΞ.
1272 1570 1387 1604 Felicis
1422 1570 1653 1604 reeordationis
1692 1568 1868 1603 innocentii

1116 1620 1219 1667 Papae
1232 1620 1274 1654 IV
1287 1620 1541 1675 praedecessoris
1556 1620 1652 1653 nostri
1669 1619 1750 1652 circa
1766 1630 1870 1653 exem-

1116 1679 1195 1716 ptos,
1223 1682 1304 1717 quae
1328 1669 1454 1716 incipit.
1479 1670 1632 1712 Dolentes,
1656 1677 1685 1703 et
1708 1668 1776 1702 aliis
1790 1680 1868 1702 con-

1115 1719 1335 1754 stitutionibus
1380 1718 1564 1766 apostolicis
1605 1718 1634 1752 in
1673 1717 1867 1752 contrarium

1114 1769 1208 1803 editis
1248 1781 1310 1803 non
1358 1768 1559 1803 obstantibus
1600 1767 1867 1815 quibuscumque.

1115 1818 1179 1853 Nos
1202 1819 1284 1852 enim
1305 1818 1463 1865 quaslibet
1489 1817 1869 1859 excommunicationum,

1115 1868 1376 1915 suspensionum,
1393 1867 1551 1901 interdicti
1569 1867 1741 1901 sententias
1754 1874 1783 1901 et
1796 1878 1870 1913 quo-

1117 1929 1249 1963 rumque
1279 1929 1456 1963 processus,
1472 1917 1598 1963 quasvis
1618 1928 1736 1963 ‘inertas
1755 1925 1784 1950 et
1801 1927 1871 1949 sen-

1116 1967 1228 2001 tentias
1250 1967 1414 2012 generales
1444 1968 1488 1999 vel
1517 1966 1673 2012 speciales
1700 1966 1870 2000 continen-

1116 2025 1174 2056 tes,
1202 2028 1281 2062 quas
1296 2028 1351 2049 seu
1370 2028 1450 2062 qnos
1465 2024 1572 2049 eontra
1590 2028 1642 2049 vos
1659 2027 1714 2049 seu
1730 2014 1869 2062 aliquem

1117 2074 1253 2100 vestrum
1272 2065 1317 2099 vel
1339 2065 1494 2111 praedicta
1512 2064 1578 2099 loca
1601 2073 1710 2099 eontra
1728 2073 1869 2099 tenorem

1115 2123 1145 2149 et
1163 2115 1293 2149 sormam
1315 2115 1529 2161 praesentium
1549 2113 1788 2161 quomodolibet
1803 2127 1869 2160 pro-

1117 2170 1247 2215 mulgari
1279 2170 1323 2203 vel
1354 2169 1458 2203 baberi
1487 2169 1666 2213 contigerit,
1693 2170 1796 2203 irritas
1811 2168 1870 2202 de-

1115 2224 1278 2257 cernimus
1313 2231 1342 2256 et
1373 2223 1491 2256 inanes.

1165 2280 1185 2323 ᾗ
1213 2281 1244 2310 5.
1270 2276 1351 2310 Nulli
1375 2290 1449 2322 ergo
1472 2277 1603 2311 omnino
1627 2276 1793 2310 bominum
1823 2275 1869 2310 li-

1116 2340 1183 2365 ceat
1208 2331 1287 2365 lianc
1311 2332 1455 2376 paginam
1487 2339 1610 2364 nostrae
1632 2331 1845 2376 exemptionis
1860 2358 1869 2374 ,

1118 2385 1558 2431 liberationis,suspensionis
1579 2392 1608 2418 et
1632 2383 1870 2418 constitutionis

1118 2439 1303 2485 infringere,
1326 2446 1378 2472 ete.

1166 2492 1281 2527 Datum
1319 2493 1438 2527 Romae
1470 2492 1552 2539 apud
1581 2492 1615 2526 S.
1642 2492 1769 2526 Petrum
1787 2519 1795 2532 ,
1824 2503 1870 2526 vn

1119 2546 1188 2581 idus
1211 2547 1337 2594 aprilis,
1362 2546 1565 2593 pontificatus
1588 2546 1685 2580 nostri
1709 2557 1792 2580 anno
1820 2557 1870 2579 se—

1117 2601 1233 2635 cundo.

1158 2663 1217 2692 [tat.
1243 2664 1289 2691 die
1311 2664 1323 2692 ἰ
1349 2663 1451 2701 aprilis
1476 2663 1560 2697 1380,
1580 2662 1682 2701 pontif.
1707 2670 1831 2691 annon.

1884 280 1932 305 An.
1952 281 2064 306 (2138ss

1892 690 1941 709 Scin
1961 691 2067 715 Apostoli-

1880 727 1903 740 [a
1893 728 1917 741 σε
1946 723 2066 741 immediate

1880 753 1970 771 subieri·

1897 1571 1962 1592 Serus
1979 1576 2024 1593 aeta
2036 1579 2060 1593 ve

1884 1604 2020 1629 iinposterum
2036 1606 2069 1624 in-

1884 1636 1984 1654 tentanda
2013 1636 2069 1655 nutta

1884 1666 2019 1686 declarantur
2049 1670 2069 1686 et

1884 1698 1951 1716 irritas

1916 2283 2034 2305 clausulae.
