2274 3265
119 286 169 313 An.
187 285 215 312 C.
235 285 300 312 ¹335

128 789 295 810 eonsuetudines

113 822 231 840 rontrariae
248 823 295 840 irri-

114 854 190 871 tantur.

123 1833 228 1854 normani
244 1838 275 1853 mo

108 1927 147 1946 rint

913 281 1105 305 BENEutCTUs
1127 282 1170 303 ΧΙΙ
1195 281 1239 303 ΙΨ.

314 337 475 377 advocare,
504 338 651 384 ipsosque
674 350 779 372 secum
804 338 833 371 in
861 349 981 371 camera
1001 347 1054 370 sua

315 387 426 421 melius
456 398 484 421 et
509 388 632 433 plenius
654 387 810 422 exhibere.
833 386 971 421 Abbates
997 398 1055 419 au-

315 445 374 470 tem
407 445 437 471 et
469 437 547 471 aliae
582 437 734 471 notabiles
775 448 925 482 personae
955 436 1054 482 ipsius

313 486 433 520 ordinis
465 486 502 521 ad
541 486 724 521 monasteria
761 486 978 524 declinantes,
1015 483 1053 518 de

312 535 434 570 abbatis
462 536 519 575 vel,
552 548 589 570 eo
621 536 762 574 absente,
785 534 823 568 de
847 534 1054 581 praesidentis

313 586 454 631 regimini
488 584 628 619 eiusdem
661 584 838 618 monasterii
873 584 994 618 licentia
1023 583 1052 616 in

312 647 432 669 camera
461 635 559 681 ipsius
592 633 711 668 abbatis
748 633 793 667 vel
830 634 859 667 in
893 632 1052 667 communi

314 683 511 718 infirmitorio
535 682 682 717 carnibus
705 683 748 717 uti
776 683 904 730 possint.

359 734 379 780 S
401 737 457 769 32.
480 733 519 767 Et
543 733 689 779 quoniam
713 733 807 780 aliqui
837 732 956 766 monaci
980 731 1052 766 dicti

311 783 431 817 ordinis
454 784 483 816 in
509 782 667 816 nonnullis
690 782 884 816 monasteriis
900 790 928 816 et
944 781 1054 816 studiis

311 832 367 866 sibi
399 841 515 867 temere
538 831 702 866 vendicare
731 840 947 878 praesumunt,
970 831 1051 878 qnod

310 883 402 917 certis
443 882 556 915 diebus
584 881 722 928 qnalibet
761 882 932 928 septimana
968 882 1051 915 iuxta

309 932 520 966 observantias
536 944 591 965 seu
606 932 851 966 consuetudines
868 930 913 965 vel
927 939 1052 971 statuta,

309 993 387 1028 quae
413 995 510 1027 snper
541 981 599 1015 boc
626 982 783 1027 allegant,
812 981 914 1015 minus
949 989 1051 1015 tamen

309 1031 512 1069 rationabilia,
535 1033 579 1065 eis
595 1043 704 1065 carnes
722 1030 855 1065 debeant
871 1030 1051 1069 ministrari;

309 1093 364 1115 nos
406 1081 587 1115 huiusmodi
625 1081 781 1124 abusum,
813 1080 1050 1123 observantias,

308 1130 551 1165 consuetudines
573 1143 628 1165 seu
651 1138 763 1164 statuta
788 1129 979 1173 huiusmodi,
1003 1138 1052 1163 ut-

310 1188 380 1226 pote
400 1180 555 1226 vergentia
580 1180 608 1213 in
626 1192 733 1214 eorum
759 1179 915 1225 religionis
934 1191 1051 1225 oppro-

307 1230 420 1274 brium,
436 1239 465 1264 et
476 1229 654 1276 exemplum
674 1238 702 1263 et
718 1229 889 1274 perniciem
906 1228 1050 1267 elion-nm,

307 1280 431 1325 penitus
466 1278 688 1325 reprobantes,
717 1279 899 1312 auctoritate
923 1277 1050 1311 ordina-

307 1341 374 1363 mus
396 1328 516 1366 eadem,
537 1328 620 1374 qnod
637 1327 743 1361 nullus
766 1327 872 1370 abbas,
896 1328 1049 1373 provisor,

306 1379 401 1425 prior,
429 1377 607 1412 cellerarius
630 1376 676 1410 vel
694 1377 774 1411 alius
796 1377 945 1421 deinceps
973 1376 1050 1411 llaec

304 1428 501 1474 aliquatenus
538 1427 701 1461 observare
742 1433 920 1472 praesumat
941 1454 949 1465 ,
992 1439 1048 1460 nec

305 1478 395 1512 etiam
423 1477 580 1511 observari
606 1477 776 1524 permittat,
799 1485 851 1511 ant
871 1477 1048 1510 ministrare

306 1527 351 1562 vel
375 1527 541 1561 ministrari
570 1527 670 1561 facere
694 1527 857 1561 occasione
885 1526 1049 1560 observan-

305 1578 416 1612 tiarum
436 1604 443 1616 ,
471 1576 737 1611 consuetudinum
766 1588 821 1610 seu
860 1583 1046 1610 statutorum

306 1627 535 1673 praedictorum
564 1639 673 1661 carnes
696 1626 792 1661 alicui
817 1625 967 1673 praedicti
996 1638 1048 1660 or-

304 1677 396 1715 dinis
420 1684 635 1731 praeterquam
656 1677 686 1710 in
710 1676 780 1710 aliis
807 1675 931 1710 casibus
956 1675 1048 1709 licitis

304 1734 334 1761 et
362 1738 533 1771 permissis.

352 1777 372 1824 g
389 1779 445 1811 55.
462 1776 608 1823 Cumque
620 1784 679 1810 tam
697 1775 870 1810 secundum
886 1775 1047 1815 canonica,

150 1865 161 1884 h
279 1839 396 1873 -quam
421 1826 573 1872 regularia
594 1826 746 1868 instituta,
770 1826 799 1859 in
825 1837 920 1859 unum
944 1824 1046 1859 locum

108 1870 169 1915 ibaueui¹
186 1869 289 1915 ᾞπιξιῒιῗῐῐὲἡ

304 1876 438 1911 dormire
454 1876 587 1910 debeant
614 1877 733 1910 monaci
755 1875 901 1919 universi,
917 1883 946 1909 et
960 1886 1047 1921 prae-

305 1933 389 1961 textu
412 1938 605 1960 camerarum
642 1926 853 1959 seiunctarnm
871 1952 879 1968 ,
910 1936 990 1971 quae
1018 1924 1046 1957 in

303 1974 459 2022 aliquibus
506 1975 702 2010 monasteriis
738 1983 821 2009 extra
853 1974 1046 2008 infirmitoria

306 2033 433 2072 propter
463 2024 575 2067 cellas,
598 2037 679 2070 quae
707 2025 735 2057 in
759 2024 951 2058 dormitoriis
973 2032 1047 2057 sunt

305 2082 523 2111 constructae,
548 2074 662 2108 multae
688 2082 761 2109 sunt
784 2073 996 2108 inhonestates
1018 2081 1048 2107 et

305 2124 528 2158 dissolutiones
563 2123 733 2163 inductae3
775 2136 832 2157 nos
868 2135 963 2169 super
999 2123 1047 2156 his

305 2174 486 2220 expressius
508 2181 537 2207 et
550 2172 705 2208 salubrius
722 2172 884 2220 providere
897 2172 1046 2211 volentes,

304 2224 472 2257 statuimus
500 2231 528 2256 et
554 2222 747 2261 ordinamus,
775 2222 859 2268 quod
888 2222 992 2256 nullus
1008 2221 1046 2255 de

304 2281 426 2307 caetero
449 2284 648 2307 monacorum
675 2273 703 2306 in
727 2272 858 2307 cameris
880 2273 981 2306 iacere
995 2284 1048 2305 an-

305 2322 386 2361 deat,
415 2322 470 2356 nisi
493 2321 691 2356 solummodo
720 2330 846 2369 propter
868 2321 1047 2356 invalitudi-

304 2384 374 2406 nem
399 2371 592 2418 corporalem
627 2374 667 2413 (et
695 2380 768 2406 tunc
791 2372 819 2405 in
843 2371 974 2406 cameris
996 2371 1047 2405 in—
1072 2409 1075 2414 y

305 2421 457 2456 firmitorii
485 2421 667 2463 dumtaxat),
690 2422 742 2454 sed
771 2433 881 2454 omncs
910 2421 938 2454 in
967 2422 1046 2454 dor-

304 2471 426 2505 mitorio
453 2470 583 2510 iaceant,
607 2470 664 2504 nisi
692 2468 768 2504 forte
790 2469 828 2504 ab
851 2470 909 2504 hoc
934 2470 1047 2517 aliquis

306 2528 432 2567 propter
454 2519 592 2554 officium
614 2527 797 2559 excusetur3
819 2526 849 2554 et
863 2528 937 2554 tunc
951 2520 1046 2565 possit

303 2570 397 2610 alibi,
433 2570 457 2603 si
492 2569 580 2603 aliter
607 2568 771 2603 commode
806 2569 835 2602 in
864 2568 1046 2604 dormitorio

304 2620 404 2654 iacere
432 2631 492 2653 non
517 2618 622 2653 valeat.

352 2668 371 2715 S
398 2671 454 2703 54.
486 2668 532 2702 Ad
558 2668 615 2702 boc
639 2668 730 2702 etiam
756 2667 923 2702 statuendo
945 2675 974 2702 et
994 2680 1047 2702 or-

1722 270 1790 303 339

1097 335 1234 368 dinando
1257 333 1432 376 adiicimns,
1459 334 1542 381 quod
1566 333 1715 381 deinceps
1743 333 1838 368 cellae

1097 384 1125 417 in
1146 383 1330 417 dormitorio
1359 384 1538 418 nullatenus
1554 392 1786 422 construantur,
1809 393 1837 418 et

1095 434 1204 480 siquae
1239 433 1296 467 iam
1328 442 1524 467 constructae
1552 433 1682 473 suerint
1710 434 1838 468 omnino

1097 495 1150 528 per
1171 482 1299 517 abbates
1319 482 1364 516 vel
1389 483 1577 529 principales
1597 461 1751 529 praelatos
1773 494 1840 528 pro

1097 532 1180 578 prios
1203 531 1280 566 infra
1293 540 1354 566 tres
1368 544 1490 567 menses
1504 545 1518 566 a
1536 541 1686 577 tempore,
1701 544 1764 578 quo
1781 532 1838 566 hoc

1095 589 1244 616 statutum
1268 589 1297 615 et
1329 581 1483 615 ordinatio
1517 581 1553 615 ad
1577 593 1631 616 eos
1650 582 1837 628 pervenerit,

1096 639 1125 665 et
1159 632 1205 665 eis
1233 630 1463 676 negligentibus
1486 644 1539 664 scu
1564 643 1624 665 non
1655 630 1838 675 valentibus,

1098 693 1152 727 per
1167 681 1353 719 visitatores,
1377 680 1405 713 in
1431 680 1528 726 prima
1551 680 1728 714 visitatione
1746 693 1837 727 quam

1096 730 1305 776 impendent,
1348 730 1530 764 auctoritate
1573 730 1740 776 apostolica
1778 730 1838 763 de-

1095 787 1276 820 struantur;
1299 787 1329 814 et
1351 780 1434 826 quod
1458 792 1552 825 snper
1575 780 1622 813 liis
1658 780 1840 814 resistentes

1095 830 1213 864 eisdem
1239 829 1283 864 vel
1308 830 1568 875 impedimentum
1597 829 1724 876 aliquod
1749 841 1839 876 prae—

1094 888 1212 914 stantes
1247 892 1300 914 sen
1331 880 1478 926 praestari
1509 887 1710 926 procurantes
1743 888 1773 915 et
1800 879 1837 914 ad

1096 930 1152 964 boc
1180 929 1289 964 dantes
1315 929 1462 964 auxilium
1479 957 1487 967 ,
1515 929 1681 963 consilium
1717 929 1763 964 vel
1786 928 1837 963 fa—

1096 992 1197 1014 vorem
1223 979 1346 1034 publice
1370 979 1415 1013 vel
1444 979 1576 1019 occulte,
1597 980 1755 1013 incurrant
1783 991 1838 1014 ex-

1094 1029 1389 1064 communicationis
1421 1029 1607 1063 sententiam
1642 1029 1707 1075 ipso
1745 1029 1836 1064 facto

1093 1078 1119 1112 Α
1155 1090 1214 1133 qua
1242 1078 1372 1126 quidem
1406 1079 1557 1112 sententia
1592 1088 1747 1125 nequeant
1778 1079 1836 1112 nisi

1095 1141 1148 1182 per
1183 1128 1357 1162 visitatores
1388 1127 1510 1161 absolvi
1553 1127 1729 1182 praefatos
1757 1140 1837 1175 quos

1093 1178 1183 1212 etiam
1223 1177 1280 1224 ipsi
1312 1177 1485 1212 visitatores
1520 1189 1574 1224 per
1612 1177 1669 1211 alia
1699 1178 1773 1212 iuris
1807 1186 1837 1211 et

1092 1235 1279 1261 statutorum
1304 1227 1444 1261 eiusdem
1468 1227 1589 1261 ordinis
1612 1225 1748 1261 remedia
1777 1239 1838 1261 va-

1092 1275 1176 1310 leant
1204 1288 1362 1310 coercere.
1384 1275 1511 1310 Priores
1534 1284 1636 1310 tamen
1654 1275 1837 1310 claustrales

1092 1334 1121 1360 et
1161 1325 1343 1372 superiores
1375 1326 1495 1371 possint
1522 1326 1604 1359 iuxta
1640 1324 1763 1360 abbatis
1791 1325 1837 1359 vel

1093 1375 1218 1420 praelati
1244 1375 1427 1421 principalis
1448 1374 1626 1417 arbitrium,
1648 1375 1757 1409 cellam
1787 1375 1839 1409 ha—

1092 1425 1164 1460 bere
1214 1424 1290 1458 inl'ra
1339 1424 1557 1459 dormitorium
1595 1432 1836 1472 competentem.

1090 1475 1173 1510 Dicti
1196 1483 1299 1509 antem
1325 1475 1519 1519 visitatores,
1541 1475 1625 1521 qnod
1659 1487 1754 1522 super
1790 1474 1838 1509 his

1091 1525 1265 1559 invenerint
1289 1525 1334 1559 vel
1360 1525 1506 1567 fecerint,
1531 1524 1663 1559 referant
1688 1526 1777 1572 plene
1799 1537 1835 1560 ac

1091 1575 1222 1609 fideliter
1244 1574 1273 1608 in
1298 1575 1396 1620 ipsius
1418 1574 1537 1609 ordinis
1558 1574 1764 1622 subsequenti
1784 1587 1835 1609 ca-

1090 1625 1187 1672 pitulo
1210 1624 1358 1669 generali.

1138 1674 1158 1722 g
1185 1676 1242 1709 55.
1274 1673 1355 1716 Quia
1383 1686 1454 1707 vero
1478 1674 1506 1707 in
1535 1674 1696 1709 nonnullis
1726 1687 1835 1709 mona-

1089 1725 1193 1759 steriis
1219 1732 1249 1759 et
1271 1724 1340 1758 aliis
1372 1724 1447 1758 locis
1474 1723 1734 1758 conventualibus
1761 1723 1833 1758 dicti

1090 1774 1208 1808 ordinis
1227 1774 1341 1808 servari
1359 1773 1475 1808 dicitur
1497 1773 1636 1809 abusive.
1659 1773 1743 1821 quod
1762 1774 1835 1821 qui-

1091 1824 1164 1858 libet
1187 1823 1359 1858 monacbus
1381 1831 1495 1857 certam
1525 1822 1620 1863 bladi,
1643 1823 1744 1870 panis,
1769 1823 1833 1857 vini

1091 1874 1136 1908 vel
1160 1873 1312 1920 pecuniae
1328 1873 1453 1919 recipiat
1478 1873 1665 1918 portionem,
1679 1885 1736 1907 nos
1751 1886 1836 1919 pror·

1089 1936 1143 1958 sus
1153 1923 1286 1958 abusum
1302 1922 1481 1958 huiusmodi
1493 1922 1683 1958 detestantes
1698 1932 1727 1958 et
1742 1923 1831 1957 etiam

1089 1973 1259 2013 abolentes,
1282 1985 1317 2008 ac
1336 1972 1475 2007 volentes
1494 1973 1523 2006 in
1539 1972 1596 2007 hac
1617 1981 1701 2019 parte
1719 1972 1836 2007 utiliter

1091 2023 1274 2069 providere,
1301 2023 1486 2057 auctoritate
1519 2021 1673 2067 praedicta
1706 2022 1836 2057 firmiter

1091 2072 1307 2117 probibemus,
1319 2072 1402 2119 qnod
1420 2072 1572 2118 deinceps
1589 2072 1618 2106 in
1636 2071 1720 2106 nullo
1736 2072 1835 2119 ipsius

1089 2121 1211 2156 ordinis
1234 2123 1422 2156 monasterio
1458 2121 1532 2156 fiant
1555 2122 1732 2156 huiusmodi
1762 2134 1836 2169 por-

1089 2172 1199 2206 tiones.
1216 2171 1277 2206 Sed
1301 2172 1516 2206 ministrentur
1538 2171 1720 2218 unicuique,
1744 2179 1835 2217 prout

1089 2223 1301 2256 communitas
1334 2221 1475 2256 eiusdem
1504 2220 1623 2255 ordinis
1659 2220 1835 2256 observavit

1090 2271 1241 2306 hactenus
1263 2279 1354 2318 atque
1381 2279 1490 2305 servat.

1136 2320 1156 2368 ἓ
1179 2323 1235 2355 56.
1251 2320 1444 2355 Adlicientes
1459 2332 1493 2355 ac
1513 2319 1715 2367 prohibentes
1727 2320 1832 2360 etiam,

1088 2370 1170 2418 quod
1192 2370 1265 2404 nulli
1290 2382 1420 2404 monaco
1442 2370 1515 2404 certi
1545 2368 1749 2404 redditnsant
1765 2382 1834 2416 pro-

1088 2428 1200 2454 ventus
1214 2432 1268 2454 seu
1285 2432 1355 2466 pars
1371 2419 1549 2454 reddituum
1565 2419 1609 2453 vet
1623 2428 1832 2467 proventuum

1088 2477 1139 2503 aut
1166 2469 1267 2516 aliqua
1297 2469 1407 2516 pensio
1435 2481 1490 2515 pro
1520 2469 1600 2503 victu
1637 2469 1682 2503 vel
1719 2469 1831 2503 vestitu

1087 2531 1142 2553 seu
1174 2531 1211 2552 ex
1246 2530 1442 2565 quacumque
1469 2518 1525 2552 alia
1553 2530 1656 2557 causa,
1693 2517 1732 2552 de
1755 2529 1832 2553 cae-

1088 2577 1154 2603 tero
1181 2567 1393 2602 concedantur
1420 2566 1464 2601 vel
1492 2567 1584 2601 alicui
1608 2567 1831 2614 assignentur,

1088 2625 1139 2652 ant
1160 2617 1252 2651 alicui
1281 2617 1326 2651 vel
1354 2617 1511 2665 aliquibus
1544 2618 1684 2652 monacis
1706 2616 1745 2651 ab
1771 2629 1832 2652 ex-

1089 2668 1202 2702 traneis
1229 2667 1369 2701 concessi
1393 2666 1436 2701 vel
1471 2666 1575 2701 donati
1613 2667 1833 2714 permittantur

1854 278 1904 306 An
1922 280 2035 306 (1.1555

1866 340 1935 361 Cellae
1952 342 1971 361 in
1990 342 2038 361 dur-

1853 374 1920 393 mltor·
1925 378 1936 392 o
1991 378 2031 392 non

1853 406 1923 424 constr
1916 409 1951 423 rua
1954 406 2008 426 ntur
2016 407 2036 423 et

1852 437 1951 455 construe
1954 436 1987 454 tu
1997 435 2038 455 de-

1852 468 1958 486 struantur

1863 1679 1933 1701 Portio
1975 1682 2034 1700 certa

1828 1725 1833 1730 -
1850 1717 1887 1737 por
1917 1711 2032 1732 monachos

1850 1748 1891 1763 nun
1902 1743 2033 1770 recipienda.

1856 2319 1970 2340 Concessio
1977 2321 2032 2340 corti

1847 2351 1941 2371 redditus
1958 2350 2031 2371 nimtlt-

1847 2384 1880 2402 ter
1890 2381 2029 2402 interdicitur.
