2274 3265
209 274 254 298 An.
274 273 292 296 (ἶ
324 271 388 297 1430

224 1267 246 1287 Et
256 1267 331 1287 tratres
342 1266 390 1285 indii

211 1300 327 1318 existente<
343 1303 391 1316 eus—

210 1330 255 1348 dem
306 1333 373 1347 serv-ii
381 1332 390 1346 e

210 1360 356 1385 promiserunt.

231 2271 281 2291 Hinc
297 2272 398 2297 publii—nin

219 2303 312 2322 instrum.
347 2307 398 2321 von-

218 2332 305 2353 fectum:

454 261 521 293 744

404 326 584 361 auctoritate
605 325 773 371 apostolica
798 325 892 359 factas
913 333 942 358 et
975 325 1146 364 ordinatas,

405 376 462 409 :ulta
478 383 506 409 et
523 374 708 420 intelligibili
727 385 811 414 voce,
831 375 860 408 in
885 373 977 420 pleno
999 375 1146 420 capitulo,

405 424 441 457 ad
469 436 582 458 sonum
611 435 797 469 campanae,
822 431 852 457 ut
877 423 970 457 moris
992 432 1050 467 est,
1072 436 1148 457 con-

405 482 543 519 gregam,
570 484 673 507 coram
699 472 897 506 multitudine
926 473 1050 519 copiosa
1088 473 1148 506 fra-

406 531 486 556 trum
515 521 655 556 eiusdem
683 520 812 555 Ordinis
841 530 1003 568 propterea
1031 521 1146 555 ibidem

404 571 616 615 existentium,
639 571 676 605 dc
700 570 792 604 verbo
806 571 841 604 ad
867 571 1004 610 verbum,
1029 583 1082 617 per
1103 582 1150 604 or·

404 633 518 667 ganum
543 619 728 655 venerabilis
750 628 779 654 et
808 620 942 665 religiosi
967 620 1021 654 viri
1052 619 1150 653 fratris

406 671 530 705 loannis
564 669 603 704 de
629 669 828 716 Capistrano,
850 670 993 705 eiusdem
1021 668 1150 703 Ordinis

407 720 601 765 professoris,
621 719 679 765 legi
707 728 736 753 et
761 718 911 765 publicari
940 719 1082 761 fecimus,
1109 725 1150 762 et,

404 771 440 803 ad
465 777 643 816 perpetuam
673 768 714 802 rei
746 768 925 802 memoriam
941 795 949 811 ‚
974 780 1028 815 per
1048 780 1150 813 gene-

405 819 498 853 ralem
521 827 551 852 et
571 817 776 864 provinciales
795 818 965 857 ministros,
992 816 1150 859 custodes,

404 869 554 902 discretos
575 875 604 901 et
620 879 731 901 omnes
752 879 787 901 ac
810 878 1028 913 quoscumque
1042 866 1151 900 fratres

405 926 431 950 et
473 917 634 962 religiosos
673 915 747 950 dicti
784 915 912 949 Ordinis
946 924 1127 962 praesentes
1142 942 1151 959 ‚

405 967 549 1000 absentes
571 974 601 999 et
623 965 756 1007 futuros,
785 965 813 998 iu
848 964 996 998 omnibus
1036 973 1065 999 et
1099 976 1153 1011 per

405 1015 520 1055 oninia,
549 1023 640 1061 prout
662 1014 806 1061 superius
830 1014 889 1048 late
906 1015 1040 1061 scriptae
1062 1022 1151 1053 sunt,

405 1064 462 1097 sub
491 1064 599 1111 poenis
627 1064 655 1097 in
688 1063 805 1097 eisdem
839 1064 994 1097 contentis
1022 1063 1153 1097 inviola-

406 1114 505 1147 biliter
527 1113 623 1147 teneri
648 1121 677 1147 et
699 1112 854 1147 observari
873 1113 1100 1150 mandavimus,
1123 1121 1151 1146 et

407 1176 461 1210 per
484 1170 662 1209 praesentes
691 1162 886 1196 mandamus.

455 1212 529 1246 Post
550 1222 683 1258 quarum
707 1211 834 1259 quidem
868 1212 1125 1246 constitutionum
1145 1239 1152 1250 ,

408 1261 661 1296 reformationum
695 1269 725 1295 et
751 1261 985 1295 ordinationum
1010 1260 1153 1308 publica-

407 1312 522 1346 tionem
546 1321 575 1345 et
598 1311 761 1351 lecturam,
785 1323 895 1344 omnes
912 1319 941 1344 et
960 1310 1074 1356 singuli
1099 1310 1154 1343 mi-

407 1361 506 1400 nistri,
528 1360 685 1400 custodes,
707 1360 873 1393 custodum
902 1359 1027 1394 disereti
1051 1369 1081 1394 et
1103 1359 1151 1393 alii

408 1412 436 1443 iu
460 1410 542 1444 dicto
567 1410 702 1456 capitulo
729 1409 907 1447 existentes,
936 1417 996 1442 tam
1021 1409 1153 1442 nomini-

407 1459 465 1492 bus
480 1459 544 1493 suis
566 1459 700 1506 propriis
719 1485 726 1498 ,
754 1470 846 1505 quam
866 1470 993 1492 suorum
1016 1470 1154 1492 conveu-

407 1517 494 1542 tnum
523 1518 552 1542 et
575 1508 703 1542 fratrum
729 1508 940 1554 praesentium
972 1515 1001 1541 et
1033 1507 1154 1541 futuro-

409 1570 489 1598 rum,
517 1557 609 1592 dictis
631 1557 920 1597 constitutionibus,
943 1556 1152 1591 ordinationi—

409 1608 466 1641 bus·
480 1615 509 1640 et
525 1606 808 1648 reformationibus,
831 1614 988 1653 tamquam
1007 1606 1154 1652 legitime,

407 1664 524 1696 sancte,
548 1656 627 1691 iuste
644 1655 733 1690 factis
747 1664 777 1690 et
798 1655 958 1696 ordinatis,
982 1667 1043 1689 non
1058 1655 1154 1690 coacti

410 1718 466 1740 nec
493 1705 722 1748 circumventi,
750 1704 848 1739 libere
876 1712 906 1739 et
927 1712 1050 1751 sponte,
1087 1704 1154 1738 sine

409 1754 655 1790 contradictione
690 1755 806 1802 aliqua,
833 1754 862 1788 in
893 1754 986 1801 pleno
1019 1754 1155 1801 capitulo

409 1805 642 1851 acquieverunt,
665 1805 740 1839 etin
765 1804 881 1838 eisdem
904 1812 933 1838 et
956 1816 1063 1838 eorum
1095 1804 1152 1837 sin·

411 1854 508 1900 gulis,
534 1855 563 1888 in
587 1854 733 1888 omuibus
756 1862 785 1887 et
806 1866 859 1900 per
882 1853 998 1894 omnia,
1021 1865 1156 1887 consen-

410 1911 527 1946 serunt⁷
542 1904 600 1938 alta
615 1912 644 1938 et
666 1903 850 1948 intelligibili
874 1914 947 1936 voce
971 1903 1157 1936 unanimiter

411 1953 572 1987 clamando
594 1961 623 1987 et
645 1952 795 1987 dicendo:
810 1951 1036 1986 Consentimus
1051 1952 1080 1986 iu
1096 1954 1158 1987 eis-

411 2002 481 2036 dem
511 2003 538 2036 in
567 2002 713 2036 omnibus
731 2010 760 2036 et
784 2014 840 2050 per
866 2002 981 2045 omnia,
1009 2010 1039 2035 et
1067 2002 1157 2036 volu-

413 2065 482 2086 mus
504 2061 596 2092 stare‚
613 2052 713 2086 vivere
736 2061 766 2086 et
796 2053 871 2086 mori
906 2052 935 2085 in
959 2052 1017 2085 isto
1039 2050 1158 2086 Ordine

412 2115 528 2146 sancte,
556 2105 771 2149 fraternaliter,
801 2105 974 2139 secundum
1006 2106 1159 2140 constitu-

414 2161 512 2194 tiones
537 2168 567 2194 et
590 2159 826 2194 reformationes
848 2160 1030 2207 praedictas.

463 2214 494 2248 ln
517 2226 649 2261 quorum
673 2215 813 2248 omnium
841 2223 870 2248 et
892 2215 1088 2260 singulorum
1123 2214 1159 2248 fi-

414 2268 483 2303 dem
507 2277 536 2302 et
559 2269 772 2303 testimouium
795 2269 1055 2316 praemissorum,
1079 2281 1161 2315 prae-

415 2332 519 2357 sentes
546 2331 665 2357 nostras
685 2323 810 2363 literas,
844 2323 908 2357 sive
930 2335 1080 2370 praesens
1108 2337 1162 2369 pu-

416 2378 529 2411 blicum
560 2377 803 2411 instrumentum
831 2378 1094 2416 constitutiones,
1119 2390 1162 2410 rv-

417 2431 617 2465 formatioues
638 2440 666 2464 et
690 2430 903 2465 ordinationes
931 2431 1109 2464 huiusmodi
1133 2431 1160 2463 in

416 2498 449 2517 se
477 2485 683 2526 continentes,
717 2485 781 2519 sive
823 2486 1013 2528 continens,
1052 2484 1163 2519 exinde

418 2539 534 2577 lieri,et
550 2551 604 2586 per
617 2540 819 2573 secretarium
836 2547 989 2578 nostrum,
1007 2539 1162 2572 notarium

420 2593 578 2638 publicum
609 2592 850 2640 infrascriptum,
878 2593 1032 2627 subscribi
1061 2602 1090 2626 et
1122 2593 1164 2625 si-

419 2647 502 2691 gnari
532 2647 767 2687 mandavimus,
792 2647 950 2694 nostrique
987 2646 1078 2692 sigilli
1102 2658 1165 2680 rar-

996 270 1093 292 nullm
1100 270 1179 292 uttttu
1208 269 1368 291 ttotttANttm

1189 324 1344 357 dinalatus
1367 323 1518 357 iussimus
1540 330 1568 354 et
1593 322 1725 355 ferimus
1743 322 1935 368 appensione

1189 385 1385 407 communiri.

1240 421 1349 455 Lectae
1371 429 1400 454 rt
1423 421 1452 454 in
1480 420 1606 467 scriptis
1623 419 1796 467 publicatae
1811 419 1934 455 fuerunt

1192 471 1246 505 liae
1279 470 1538 509 constitutiones,
1563 469 1797 503 reformationes
1823 477 1853 503 et
1882 482 1935 503 or—

1191 520 1367 553 dinationes
1389 519 1585 565 supradictae
1621 531 1674 564 per
1703 530 1758 552 nos
1779 518 1818 552 de
1847 530 1935 552 man-

1191 569 1261 603 dato
1291 577 1408 612 nostro⁷
1431 568 1525 603 inodo
1552 568 1743 614 supradicto,
1764 568 1889 608 Assisfi,
1905 568 1935 602 in

1193 619 1383 652 monasterio
1424 617 1553 652 fratrum
1595 617 1766 655 Minorum,
1797 625 1936 664 tempore

1191 667 1343 713 generalis
1361 667 1487 714 capituli
1510 668 1539 701 in
1565 667 1655 713 pleno
1677 666 1825 712 capitulo,
1849 665 1938 700 nobis

1193 717 1306 751 ibidem
1335 717 1374 750 de
1409 717 1536 763 praefati
1566 716 1603 750 D.
1632 715 1669 749 N.
1706 715 1767 750 PP.
1794 715 1938 750 mandato

1194 766 1457 812 praesidentibus.
1500 765 1568 800 Sub
1606 777 1687 799 anno
1727 777 1742 798 a
1782 765 1939 799 nativitate

1196 816 1319 849 Domini
1337 817 1441 859 1450,
1457 815 1564 849 indict.
1581 819 1614 858 8,
1636 814 1686 848 die
1706 826 1779 849 vero
1794 814 1938 848 Mercurii

1193 866 1232 898 2!
1263 865 1379 899 mensis
1402 865 1488 903 iunii,
1524 864 1724 911 pontificatus
1752 863 1876 910 praefati
1903 862 1939 896 D.

1193 913 1230 948 N.
1267 913 1434 948 PP.'anuo
1473 916 1534 956 15,
1571 913 1787 960 praesentibus
1824 912 1939 946 ibidem

1195 963 1365 997 reverendo
1385 971 1470 1009 patre
1493 962 1622 997 domino
1645 962 1804 997 Ber-nardo
1827 961 1942 996 Montis

1194 1012 1382 1047 Albanensis
1405 1014 1568 1059 episcopo,
1591 1020 1619 1046 et
1643 1012 1813 1046 Gnilielmo
1841 1011 1942 1045 Panze

1193 1070 1223 1096 et
1234 1061 1350 1096 Ioanne
1363 1062 1556 1108 Abgeroloes
1571 1065 1597 1105 (t
1607 1066 1627 1104 ),
1639 1062 1713 1095 alias
1727 1060 1875 1100 Frances,
1890 1071 1944 1094 no-

1195 1112 1280 1145 tariis
1313 1112 1492 1158 apostolicis
1526 1110 1731 1145 familiaribus
1766 1110 1891 1149 nostris,
1914 1118 1943 1142 et

1195 1160 1336 1207 pluribus
1363 1160 1451 1199 aliis,
1480 1169 1541 1195 tam
1581 1160 1702 1194 clericis
1728 1172 1820 1206 quam
1845 1158 1943 1198 laicis,

1194 1224 1288 1257 quain
1313 1210 1459 1245 fratribus
1485 1209 1558 1244 dicti
1581 1209 1710 1243 Ordinis
1733 1209 1879 1248 testibus,
1907 1208 1944 1241 ad

1196 1259 1363 1307 praemissa
1393 1261 1508 1294 vocatis
1534 1258 1710 1306 specialiter
1736 1266 1764 1293 et
1794 1258 1919 1304 rogatis.

1244 1310 1283 1343 Et
1305 1321 1363 1354 ego
1390 1309 1566 1343 Rodericus
1592 1307 1776 1342 Gundisalvi
1801 1306 1840 1341 de
1874 1305 1945 1340 Mo-

1196 1359 1328 1398 culeos,
1363 1357 1496 1392 clericus
1535 1358 1730 1404 Bagauensis
1767 1356 1946 1398 dioecesis,

1197 1408 1343 1455 publicus
1369 1408 1552 1442 auctoritate
1579 1407 1752 1454 apostolica
1787 1406 1946 1449 notarius,

1196 1457 1336 1504 dictique
1365 1456 1614 1491 reverendissimi
1639 1457 1668 1489 in
1697 1456 1823 1489 Christo
1852 1454 1946 1501 patris

1196 1516 1226 1541 et
1248 1506 1367 1540 domini
1393 1507 1452 1540 mei
1479 1506 1596 1540 domini
1627 1505 1752 1539 loannis
1777 1503 1947 1538 cardinalis

1197 1556 1288 1602 legati
1313 1565 1341 1589 et
1370 1554 1584 1589 reformatoris
1599 1554 1741 1601 praefati,
1766 1553 1947 1600 praemissis

1196 1614 1249 1639 etc.
1279 1605 1393 1639 Amen.

1522 1749 1622 1784 XXV.

1201 1825 1377 1857 Declaratt'o
1410 1831 1435 1856 et
1469 1823 1657 1869 modificatio
1696 1822 1944 1855 constitutionum

1249 1885 1344 1918 nuper
1364 1874 1515 1906 editarum
1542 1884 1630 1916 super
1648 1873 1863 1916 reformatione
1880 1872 1951 1915 [να-

1249 1931 1329 1957 ιιάιη
1368 1923 1526 1955 Minorum
1558 1922 1810 1955 Convencuatae'um
1844 1921 1953 1953 Sancti

1250 1973 1416 2006 Francv'sei.

1467 2040 1681 2071 SUatttARttut

1202 2104 1389 2133 Prooemium.
1407 2120 1446 2125 —
1463 2104 1487 2132 t.
1508 2103 1609 2132 Factas
1632 2112 1646 2131 a
1666 2102 1808 2131 cardinali
1827 2101 1858 2130 S.
1875 2102 1952 2131 Petri

1243 2145 1276 2173 ad
1294 2143 1414 2173 Vini-ula
1434 2144 1528 2179 legato
1548 2143 1599 2181 Ap.
1619 2142 1648 2172 S.
1665 2142 1891 2171 reformationes
1915 2158 1954 2163 —

1242 2184 1269 2213 72.
1288 2184 1445 2213 Confirmat
1465 2183 1516 2212 l'P.
1536 2188 1563 2211 et
1581 2182 1730 2211 modificat
1759 2199 1798 2204 —
1820 2182 1846 2211 3.
1869 2181 1951 2211 Circa

1244 2224 1415 2253 monialium
1432 2232 1545 2259 curam,
1559 2239 1597 2243 —
1611 2223 1639 2251 4.
1659 2222 1901 2260 Prohibitumque
1917 2223 1952 2250 ad

1244 2273 1294 2293 eas
1314 2265 1490 2302 ingressum:
1510 2280 1549 2285 —
1575 2263 1601 2291 ἶ).
1621 2261 1712 2291 Divini
1732 2261 1825 2291 Officii
1850 2262 1954 2291 recita-

1244 2305 1362 2334 tionem:
1391 2321 1429 2325 —
1453 2305 1480 2332 6.
1504 2302 1606 2333 Socios
1635 2302 1763 2331 ministri
1798 2302 1952 2339 generalis:

1243 2361 1282 2366 -—
1315 2344 1341 2373 7.
1366 2343 1541 2372 potestatem
1575 2342 1709 2371 eiusdem
1741 2342 1888 2379 generalis
1922 2342 1954 2370 ti-

1245 2383 1392 2413 centiandi
1423 2383 1526 2412 fratres
1549 2383 1584 2412 ad
1615 2382 1829 2419 magisterium:
1857 2399 1896 2403 —
1926 2383 1954 2410 8.

1245 2424 1452 2462 Eleemosynas
1475 2423 1618 2461 exigendi:
1641 2440 1679 2444 —
1701 2423 1728 2451 9.
1752 2422 1884 2452 Fratrum
1909 2431 1953 2451 ve-

1247 2465 1393 2493 stimenta:
1410 2480 1449 2485 —
1468 2464 1513 2492 to.
1541 2462 1726 2492 Exactionem
1750 2462 1887 2501 praelatis
1912 2462 1954 2491 in-

1247 2505 1417 2533 terdictam:
1436 2520 1474 2525 —
1497 2503 1542 2532 ll.
1567 2503 1764 2532 luramentum
1788 2512 1801 2531 a
1826 2502 1953 2540 generali

1242 2553 1280 2586 (t)
1302 2552 1412 2578 Nomina
1426 2552 1488 2577 haec
1499 2551 1666 2586 Waddingus
1678 2551 1714 2577 sic
1726 2551 1799 2585 legit:
1814 2553 1954 2578 Bet-nardo

1208 2589 1300 2613 ‚tronus
1313 2590 1408 2613 Albani
1419 2590 1505 2619 epam,
1518 2588 1657 2613 Gnilielmo
1671 2588 1760 2612 pactze
1771 2590 1794 2612 e!
1807 2586 1884 2612 loun.
1902 2587 1954 2612 Me-

1207 2626 1291 2655 rnlesg
1324 2628 1347 2649 et
1361 2622 1441 2649 iufra:
1464 2624 1590 2648 Romi—tus
1607 2624 1759 2648 Giinaetisatci
1769 2624 1799 2648 de
1819 2623 1954 2648 Mocuellos

1207 2660 1324 2687 ctericus,
1344 2659 1457 2689 Burqrn.
1475 2660 1602 2690 ‹liner-ests,
1620 2663 1671 2684 etv.

1948 465 2037 486 lineatae
2079 471 2132 485 roi)-

1951 269 2000 293 An.
2019 268 2047 292 C.
2066 267 2130 293 tti30

1961 430 1984 451 1³1
2000 432 2076 451 effidem
2093 437 2131 457 pn-

1950 497 2078 516 stitutionem
