2274 3265
236 278 282 304 Αιι.
303 278 329 303 C.
352 277 417 303 1315

249 877 379 895 f*b«tsii·=um
392 876 424 896 dee

483 263 552 296 :268

435 338 570 365 restrum
600 340 630 362 in
655 326 834 373 praemissis
855 324 1004 359 omuibus
1026 332 1056 358 ct
1071 335 1180 358 eorum

434 377 581 425 singulis,
597 376 691 411 etiam
709 387 769 409 non
784 374 903 421 caeptis
919 372 1138 420 praesentibus
1153 379 1181 406 et

436 427 568 469 tuturis,
596 433 746 473 perpetua
777 430 913 469 potestas
946 430 976 457 et
1012 421 1185 456 iurisdictio

435 475 597 518 attributa,
631 483 664 509 ut
689 485 727 509 eo
759 473 884 519 vigore,
912 484 1013 519 eaque
1040 470 1185 505 firmitate

438 525 566 572 possitis
592 524 621 558 in
643 522 837 572 praemissis,
859 522 952 556 etiam
975 533 1036 555 non
1065 519 1185 565 caeptis

439 573 656 621 praesentibus
680 581 710 607 et
738 572 862 611 suturis,
881 578 989 605 contra
1013 568 1188 616 praedictos

439 623 622 670 procedere,
645 634 680 657 ac
696 621 720 656 si
738 619 910 655 iurisdictio
925 626 1024 653 vestra
1039 626 1069 652 et
1082 617 1188 651 cuius-

439 673 515 708 libet
548 680 684 707 restrum
717 670 746 704 in
783 668 950 715 praedictis
983 666 1133 701 omnibus
1160 673 1189 700 et

438 722 573 768 singulis
596 733 649 767 per
665 719 843 754 citationem
871 717 916 751 vel
940 716 1067 750 modun]
1091 715 1188 749 alium

440 778 621 817 perpetuata
645 768 817 815 legitimum
841 765 1005 799 extitisset.

487 820 577 867 552.
592 819 660 853 Non
680 815 878 852 obstantibus
892 817 936 858 (l)
948 814 986 849 de
999 813 1122 848 duabus
1130 812 1191 847 die-

441 870 490 909 tis,
507 869 588 903 edita
609 868 638 901 in
662 865 797 901 concilio
819 863 970 909 generali,
997 871 1028 897 et
1050 862 1101 897 sel.
1127 873 1191 896 rec.

441 917 593 952 Bonilacii
607 916 710 962 Papae
723 913 793 948 Vlll
810 912 1061 959 praedecessoris
1084 910 1192 950 nostri,

444 979 497 1012 per
529 978 608 1012 quas
630 973 691 998 tam
716 962 846 1005 iudices,
873 974 968 1007 quam
992 967 1194 996 conservato—

444 1028 493 1049 res
518 1027 534 1049 a
562 1013 645 1049 Sede
665 1011 805 1058 deputati
830 1010 1008 1057 praedicta,
1036 1017 1122 1044 extra
1146 1009 1194 1043 ci-

444 1065 553 1098 vitates
579 1071 610 1098 et
636 1062 735 1097 dioec.
761 1061 791 1094 in
815 1059 930 1106 quibus
961 1059 1100 1105 deputati
1126 1058 1194 1092 sue-

445 1114 518 1157 rint,
542 1111 712 1158 procedere
733 1118 764 1144 et
786 1109 870 1143 vices
891 1120 964 1142 suas
987 1108 1196 1151 committere,

444 1171 497 1197 aut
517 1161 640 1208 aliquos
667 1160 747 1193 ultra
772 1170 864 1193 unarn
894 1157 1010 1192 dietam
1038 1169 1054 1191 a
1082 1156 1197 1191 linibus

445 1224 520 1246 suae
543 1210 645 1244 dioec.
677 1208 800 1243 trabere
825 1206 1049 1253 probibentur,
1076 1215 1106 1241 et
1128 1205 1197 1240 aliis

446 1259 610 1295 contrariis
625 1256 906 1293 constitutionibus
927 1255 1198 1302 quibuscumque,

447 1321 502 1344 seu
544 1308 567 1342 si
609 1307 770 1354 aliquibus
796 1305 836 1339 sit
871 1305 1027 1339 indultum
1066 1316 1083 1338 a
1116 1303 1199 1338 Sede

448 1357 619 1405 praedicta,
646 1356 730 1403 quod
755 1354 1041 1393 excommunicari,
1063 1365 1200 1400 suspen-

449 1408 498 1447 di,
534 1406 580 1440 vel
617 1404 783 1447 interdici,
818 1411 870 1437 aut
906 1411 991 1437 extra
1019 1411 1104 1437 certa
1133 1402 1200 1436 loca

451 1456 543 1499 trabi⁷
571 1455 617 1490 vel
639 1454 675 1489 ad
700 1453 850 1488 iudicium
872 1452 992 1486 evocari
1026 1464 1088 1486 non
1121 1463 1201 1498 pos-

450 1505 511 1540 sint
535 1516 590 1550 per
612 1504 719 1538 literas
746 1501 936 1549 apostolicas
965 1513 1026 1535 non
1051 1500 1202 1534 facientes

450 1566 652 1600 expressam,
676 1564 712 1586 ac
746 1551 785 1585 de
817 1550 916 1585 verbo
946 1549 984 1584 ad
1010 1549 1139 1584 verbum
1163 1549 1202 1583 de

452 1602 574 1636 indulto
603 1600 798 1644 huiusmodi,
820 1612 855 1634 ae
877 1611 986 1633 eorum
1011 1598 1155 1645 personis
1174 1607 1203 1632 et

451 1651 540 1693 locis,
564 1650 748 1685 nominibus
783 1648 918 1696 propriis
952 1647 999 1682 vel
1039 1647 1205 1682 ordinibus

453 1700 665 1739 mentionem,
698 1699 763 1733 sive
792 1698 850 1732 alia
878 1696 1074 1742 indulgentia
1103 1696 1205 1730 dictae

452 1749 544 1784 Sedis
571 1748 708 1795 generali
743 1747 789 1781 rel
824 1745 951 1793 speciali
975 1746 1205 1792 cuiuscumque

454 1798 571 1833 tenoris
593 1798 717 1840 existat,
746 1809 800 1842 per
822 1808 916 1842 quain
941 1803 1059 1830 vestrae
1083 1794 1208 1829 iurisdi-

454 1848 568 1882 ctionis
591 1846 760 1893 explicatio
781 1845 877 1879 valeat
900 1844 930 1878 in
950 1845 1008 1879 bac
1032 1852 1117 1890 parte
1132 1856 1209 1890 quo-

455 1896 630 1931 modolibet
653 1895 809 1942 impediri,
833 1902 863 1928 ct
890 1894 928 1927 de
953 1907 1026 1940 qua,
1051 1894 1208 1939 cuiusque

455 1955 519 1982 toto
547 1956 655 1981 tenore
678 1945 822 1980 habenda
850 1945 889 1978 sit
916 1944 944 1978 in
975 1944 1090 1978 nostris
1113 1943 1209 1977 literis

456 1998 577 2032 mentio
604 1996 759 2043 specialis.

505 2048 575 2082 Dat.
605 2046 759 2081 Avinione
780 2058 800 2079 x
820 2045 921 2079 kalen.
947 2044 1110 2087 februarii7
1134 2056 1211 2090 pon-

457 2097 592 2131 tificatus
615 2096 712 2130 nostri
740 2107 824 2129 anno
853 2107 887 2128 ιι.

507 2150 567 2180 Dat.
584 2150 630 2179 die
647 2150 685 2179 23
701 2149 826 2179 ianuarii
848 2149 930 2184 1318,
950 2151 1027 2186 pont.
1045 2156 1121 2176 anno
1138 2156 1166 2176 n.

794 2241 878 2276 XIV.

461 2318 584 2350 Erectio
623 2316 828 2349 Ecclesiarum
853 2315 985 2348 Electen.
1002 2341 1010 2350 ,

512 2367 617 2399 Pontii
643 2366 874 2398 'l‘hermotarum
903 2376 939 2397 ac
961 2362 1131 2407 suppressio
1152 2362 1216 2405 epi-

509 2423 648 2461 scopatus
672 2417 819 2449 Lu'mosen.
840 2416 895 2456 βλ).

732 2470 947 2501 SUMMARlUM

464 2528 631 2557 Exordium.
650 2543 688 2549 -
709 2527 731 2555 l.
750 2524 879 2554 Ecclesia
904 2524 1052 2554 Liinosina
1073 2531 1167 2560 nuper
1183 2521 1218 2550 ab

506 2568 558 2596 bot·
592 2566 731 2595 Pomitice
760 2566 786 2594 iu
820 2565 1022 2603 episcopatum
1053 2567 1158 2592 erecta.
1183 2578 1221 2583 —

503 2616 543 2649 (1)
564 2616 643 2641 Deest
662 2615 748 2641 forsan
766 2614 1007 2639 constitutionibus.
1047 2611 1087 2645 (⁶2)
1114 2611 1150 2636 Ex
1170 2611 1221 2636 lle-

468 2654 534 2684 gost.
553 2651 576 2676 iu
596 2650 704 2677 Archiv,
728 2649 811 2676 Vane.

1047 2320 1071 2345 et
1108 2311 1218 2345 Sancti

1030 268 1217 292 uenantum
1245 264 1405 289 ROMANUM

1264 320 1290 349 ⁵2.
1315 318 1429 355 Quibus
1452 317 1487 347 de
1510 315 1608 345 causis
1627 314 1663 344 ab
1686 314 1788 343 eodem
1807 313 1975 352 supprima-

1266 368 1320 393 tur:
1342 378 1380 384 —
1401 361 1441 390 Ac
1465 368 1556 389 novae
1575 358 1725 396 erigantur
1749 355 1910 387 Ecclesiae.
1940 373 1978 378 ——

1267 409 1293 437 3.
1309 405 1496 437 Obstantium
1516 402 1675 440 derogatio.
1691 417 1728 423 -—
1749 400 1890 430 Redditus
1909 401 1979 429 utri-

1267 461 1324 491 que
1345 449 1497 480 Ecclesiae
1516 445 1668 485 assignati.

1295 528 1407 556 loannes
1422 525 1563 561 episcopus
1578 528 1674 551 servus
1693 527 1833 550 servorum
1857 520 1913 553 Dei,

1364 575 1398 603 ad
1425 574 1589 610 perpetuam
1607 571 1649 600 rei
1679 569 1847 599 memoriam.

1280 638 1370 672 Alma
1394 644 1492 671 mater
1514 634 1668 674 Ecclesia,
1695 644 1775 680 quae
1794 643 1890 679 super
1912 644 1983 666 om-

1233 699 1289 721 nes
1310 687 1386 721 alias
1410 685 1539 733 plenum
1576 682 1755 718 dominium
1791 681 1907 715 babere
1933 680 1984 715 di-

1232 736 1412 781 gnoscitur,
1439 733 1589 769 nonnulla
1625 732 1815 780 plerumque
1847 730 1985 764 rationa-

1235 785 1338 818 biliter
1360 783 1501 822 ordinat,
1536 794 1617 829 qnae
1645 780 1847 829 postmodum
1870 778 1986 813 elarius

1235 834 1373 880 inspecta
1396 832 1526 866 veritate
1557 831 1710 877 ipsorum,
1747 837 1839 876 prout
1873 828 1987 862 consi-

1235 883 1339 929 derata
1367 882 1466 915 maior
1503 880 1614 914 suadet
1652 879 1784 919 utilitas,
1821 877 1987 923 minorque

1237 932 1331 966 laesio
1355 929 1509 978 provenit,
1538 929 1567 963 iu
1592 928 1705 963 melius
1735 926 1879 962 consulta
1906 925 1987 960 deli-

1238 980 1398 1015 beratione
1424 985 1608 1013 commutat.

1285 1030 1305 1076 g
1340 1031 1370 1062 l.
1405 1027 1489 1062 Sane
1527 1027 1647 1061 dudum
1683 1025 1719 1059 ad
1755 1024 1850 1060 divini
1884 1024 1990 1059 cultus

1237 1085 1466 1124 augumentum
1489 1083 1520 1110 et
1541 1076 1578 1110 ad
1598 1075 1729 1110 salutem
1751 1073 1873 1121 populi,
1895 1085 1988 1120 quem

1239 1128 1269 1161 in
1291 1127 1414 1162 civitate
1437 1125 1618 1160 ctdioecesi
1640 1123 1834 1164 Narbonem,
1849 1122 1894 1157 sic
1914 1121 1991 1156 mul-

1240 1177 1395 1224 tiplicarat
1412 1175 1604 1219 Altissimus‚
1626 1172 1710 1220 quod
1731 1173 1869 1220 ipsorum
1887 1171 1994 1206 vultus

1242 1225 1404 1273 nequibat,
1427 1232 1462 1258 ut
1488 1223 1656 1266 condecet,
1678 1222 1794 1256 unicus
1817 1229 1923 1268 pastor
1945 1220 1995 1253 iu-

1241 1276 1382 1322 spicere,
1418 1281 1470 1307 aut
1505 1272 1580 1307 alias
1613 1279 1716 1319 partes
1751 1270 1825 1305 boni
1861 1269 1995 1317 pastoris

1243 1324 1394 1371 implere,
1429 1334 1490 1357 non
1522 1321 1590 1356 sine
1623 1320 1799 1355 animarum
1829 1317 1996 1365 dispendio

1244 1384 1451 1419 personarum
1480 1370 1665 1417 degentium
1702 1370 1732 1403 in
1768 1368 1901 1411 eisdem,
1941 1380 1997 1414 pa-

1244 1423 1341 1457 ternis
1387 1420 1501 1455 studiis
1548 1418 1748 1454 intendentes
1767 1431 1774 1459 ;
1828 1425 1998 1464 pensantes

1244 1472 1350 1511 etiam,
1383 1470 1467 1517 quod
1500 1469 1640 1503 Ecclesia
1675 1466 1856 1501 Narboueu.
1890 1466 1936 1501 sic
1967 1466 1997 1499 in

1247 1520 1451 1567 proventibus
1474 1527 1505 1552 et
1524 1516 1702 1552 redditibus
1724 1516 1887 1550 affluenter
1902 1514 2000 1549 abun-

1245 1570 1318 1604 dare
1341 1568 1531 1603 noscebatur
1549 1575 1577 1601 et
1601 1566 1755 1610 noscitur,
1779 1563 1864 1611 quod
1887 1563 1927 1599 de
1948 1564 1999 1610 ip-

1247 1631 1352 1653 sorum
1374 1616 1580 1651 multitudiue
1603 1615 1729 1661 eopiosa
1748 1613 1927 1648 reddituum
1950 1625 1998 1646 ne-

1247 1668 1323 1702 dum
1364 1667 1419 1701 uni
1461 1665 1514 1700 sed
1552 1664 1696 1711 pluribus
1723 1662 1887 1710 praelatis,
1916 1661 2000 1696 iuxta

1248 1717 1478 1762 cuiuscumque
1497 1722 1596 1748 status
1611 1711 2002 1755 decentiam‚sufficien1er

1250 1773 1370 1813 poterat
1397 1764 1573 1812 provideri3
1611 1775 1669 1797 nos
1695 1761 1732 1796 ad
1769 1761 1869 1808 ipsius
1904 1760 2000 1794 divini

1250 1815 1354 1850 cultus
1381 1820 1611 1860 augumentum
1648 1820 1675 1845 et
1704 1810 1899 1858 spiritualem
1927 1810 2002 1844 ani-

1251 1876 1373 1898 marum
1408 1863 1582 1909 {zu-otectum
1618 1860 1802 1895 anhelantes
1824 1872 1860 1893 ex
1884 1858 2001 1896 animo,

1252 1913 1433 1961 praemissis
1455 1919 1485 1946 et
1501 1911 1569 1945 aliis
1590 1909 1799 1945 suadentibus
1821 1909 1912 1943 iustis
1929 1920 2004 1942 eau—

1252 1963 1294 1997 sis
1309 1970 1424 1997 attente
1440 1962 1588 2009 pensatis,
1603 1960 1705 1995 villam
1722 1959 1760 1993 de
1776 1957 2005 2002 Liinos0‚inl'1·a

1253 2014 1368 2048 dictam
1391 2012 1572 2047 Narbouen.
1596 2010 1766 2045 dioecesim
1791 2008 2005 2046 constitutam,

1254 2064 1293 2098 de
1326 2063 1455 2097 fratrum
1480 2069 1660 2095 nostrorum
1694 2058 1828 2093 consilio
1865 2066 1895 2092 et
1930 2070 2007 2104 apo-

1255 2113 1384 2148 stolicae
1420 2110 1616 2157 plenitudiue
1650 2108 1821 2156 potestatis,
1843 2107 1873 2141 in
1897 2106 2007 2141 civita-

1257 2171 1317 2197 tem
1341 2161 1555 2200 ereximus,et
1572 2160 1670 2206 ipsam
1694 2158 1850 2192 voluimus
1873 2156 2008 2191 civitatis

1258 2210 1410 2245 vocabulo
1452 2209 1626 2255 insignire:
1673 2207 1880 2242 decernentes
1923 2205 2007 2252 quod

1259 2259 1445 2308 parochialis
1471 2258 1600 2294 ecclesia
1625 2257 1730 2291 Sancti
1758 2255 1884 2290 Martini
1907 2254 2010 2289 dictae

1260 2310 1348 2343 villae
1372 2309 1411 2343 de
1441 2308 1569 2342 Linioso
1606 2315 1687 2342 esset
1723 2315 1753 2341 et
1783 2305 1951 2339 baberetur
1973 2316 2009 2338 ex

1260 2368 1335 2393 tunc
1359 2358 1498 2392 Ecclesia
1522 2356 1729 2397 cathedralis,
1752 2368 1788 2390 ac
1816 2355 1913 2401 ipsam
1937 2366 2009 2388 cum

1262 2412 1419 2460 praedicta
1443 2411 1525 2452 villa,
1549 2410 1689 2458 capitulo
1715 2418 1745 2444 et
1764 2408 1903 2444 dioecesi
1927 2408 2011 2442 limi-

1262 2467 1386 2502 landam
1411 2466 1449 2500 ab
1464 2466 1550 2500 omui
1568 2464 1796 2507 iurisdictione,
1819 2463 1961 2497 dominio
1982 2469 2008 2496 et

1264 2529 1414 2569 potestate
1449 2519 1696 2566 archiepiscopi,
1729 2516 1857 2565 capituli
1885 2524 1915 2550 et
1950 2517 2012 2550 Ec-

1263 2576 1376 2611 clesiae
1399 2574 1591 2617 Narbonem,
1618 2572 1736 2620 quibus
1761 2571 1893 2606 subesse
1922 2579 2012 2605 antea

1265 2630 1469 2668 noscebatur:
1498 2627 1671 2663 maior-itate
1694 2634 1812 2661 tantum
1841 2637 1895 2661 seu
1917 2636 2014 2672 snpe-

1993 258 2040 284 Αη.
2058 257 2086 283 C.
2105 256 2174 283 ¹518

2030 643 2146 662 Emi-dium,

2014 1035 2109 1055 Ecclesia
2123 1033 2190 1054 Limo-

2006 1067 2051 1086 sina
2071 1071 2138 1091 nuper
2164 1065 2188 1084 ab

2006 1097 2044 1116 tmae
2056 1096 2158 1116 Puntitice
2168 1102 2188 1115 ιιι

2006 1129 2150 1153 episcopatum
2166 1132 2190 1146 ε-

2007 1161 2072 1179 rect-i.
