2274 3265
217 284 266 311 An.
287 285 314 311 C.
331 286 396 311 ¹326

215 346 288 399 nfesta
324 348 396 367 tum

266 382 342 399 ,5111111111
350 383 369 398 ta
360 386 382 399 ’111

215 385 255 429 trim
271 415 315 430 sm
315 416 345 430 cn
335 413 363 429 n.t

225 840 298 860 Diebus
319 842 391 861 inridi-

287 873 393 899 obsequiis

209 903 391 923 rardrnaliumnon

210 933 337 953 incumbant.

220 1283 272 1304 ’111111
303 1291 313 1303 a
337 1290 389 1310 quo*

207 1322 265 1341 qnam
279 1318 379 1341 resipiant

207 1350 226 1365 et
245 1348 387 1366 maurinorum

207 1378 294 1397 ‘unsilia
306 1381 390 1398 »cereta

207 1413 291 1428 servem
303 1409 339 1428 sub
349 1412 390 1428 sta-

206 1442 255 1461 tutis
272 1442 353 1466 poenis.

231 2138 370 2159 iuramentum

209 2171 261 2196 quod

211 2203 285 2228 singuli
303 2202 322 2221 S,
336 2202 359 2222 R.
372 2202 392 2222 E.

210 2238 254 2253 vice
267 2234 393 2254 tancettarin

211 2268 326 2291 praestate.

316 2169 392 2189 dehent
422 2178 427 2183 ·

460 277 528 307 318

412 340 450 375 de
471 339 616 374 mandato
640 348 746 374 nostro
769 352 821 385 per
843 340 1032 375 audientiam
1053 342 1154 376 liter-a

413 402 480 424 rum
504 396 679 423 nostrarum
703 389 787 436 ipsos
809 390 923 425 servari
944 390 1059 425 debere
1087 400 1150 426 sta-

412 447 474 473 tuta
499 438 592 473 fuisse
616 447 805 479 noscuntur,
829 447 858 474 ct
879 440 961 486 quod
978 440 1015 475 dc
1030 449 1151 476 caetero

409 488 467 523 alia
491 488 565 522 festa
593 501 647 523 seu
672 489 740 523 dies
766 489 843 524 alios
864 501 900 523 ex
930 502 963 525 se
1001 490 1076 536 ipsis
1105 491 1150 525 vel

408 537 484 572 alias
498 545 634 573 statuere
645 538 692 573 vel
703 538 867 573 observare
877 550 937 574 non
951 548 1151 586 praesumant

407 587 621 635 aliquatenus3
643 587 698 622 sed
726 587 837 623 diebus
866 588 933 623 aliis
960 588 1005 624 sic
1029 598 1151 634 paratos

407 650 439 671 se
473 646 502 670 et
537 637 687 672 sollicitos
716 637 883 671 exhibeant
917 638 945 671 in
974 637 1150 672 exbibenda

407 687 524 721 iustitia
549 687 688 734 partibus
709 686 904 733 litigantibus
935 699 1039 721 coram
1063 687 1149 734 ipsis,

406 736 488 783 quod
503 749 539 771 ex
561 737 619 772 boc
635 736 746 771 merito
768 736 901 770 debcant
922 737 1148 771 commendari.

454 791 469 830 ἓ
496 788 529 821 5.
552 786 627 821 Item
651 785 733 833 quod
758 785 799 820 1111
822 797 859 820 ex
886 785 1004 820 eisdem
1026 786 1149 821 audito-

407 835 506 876 ribus,
528 836 581 883 qui
618 836 746 870 fratrum
776 845 953 869 nostrorum
982 835 1015 869 S.
1045 835 1083 869 P..
1111 836 1147 870 E.

407 885 611 920 cardinalium
645 884 811 919 familiares
845 884 1004 923 existunt,
1037 884 1150 920 diebus

407 935 548 969 iuridicis
569 943 598 968 et
628 934 724 973 lroris,
746 933 860 980 quibus
889 945 1002 968 causae
1030 943 1149 968 tracta-

406 983 532 1027 buntur,
550 983 723 1018 cardinales
746 996 806 1017 nou
835 992 1006 1030 sequantur
1021 983 1147 1018 eosdem

406 1046 463 1068 uec
489 1033 560 1068 alibi
596 1045 628 1067 se
661 1040 828 1079 occupent,
857 1033 916 1067 uisi
941 1046 955 1067 a
989 1033 1079 1067 uobis
1102 1033 1148 1068 vel

404 1096 419 1117 a
447 1083 537 1118 dictis
563 1082 786 1125 cardinalibus,
803 1095 936 1129 quorum
966 1082 1148 1124 familiares,

406 1141 438 1166 ut
462 1132 645 1179 praefertur,
672 1132 823 1172 existunt,
850 1132 1030 1179 specialiter
1059 1145 1149 1167 voca-

405 1191 524 1217 rentur.

452 1235 521 1275 §6.
550 1230 626 1265 Item
655 1230 738 1277 quod
767 1230 925 1265 auditores
954 1243 1008 1277 per
1034 1243 1067 1265 se
1103 1232 1147 1266 rel

404 1281 498 1315 alium
526 1293 580 1315 seu
616 1280 693 1315 alios
728 1293 744 1315 a
781 1280 941 1327 partibuS,
977 1293 1081 1314 coram
1104 1282 1149 1315 eis

405 1343 515 1366 causas
543 1329 740 1370 habentibus,
775 1342 829 1363 seu
866 1343 881 1364 a
918 1331 982 1364 suis
1022 1331 1149 1365 notariis

404 1380 618 1415 scribentibus
655 1392 759 1414 coram
784 1379 860 1426 ipsis
884 1380 929 1414 rel
964 1380 1056 1423 aliis,
1094 1393 1149 1426 pro

403 1430 522 1464 eisdem
546 1443 600 1464 sen
623 1441 732 1464 eorum
754 1429 891 1468 nornine,
908 1429 983 1463 1111111
997 1442 1055 1464 nec
1071 1442 1148 1474 rem,

404 1492 461 1514 nec
487 1479 710 1526 obligationem
746 1479 791 1513 rel
820 1479 1061 1534 promissionem
1099 1493 1150 1514 re-

403 1530 545 1576 cipiant·
574 1541 631 1563 uec
663 1529 754 1562 etiam
784 1541 839 1575 pro
873 1529 1011 1576 1[)5οι’11111
1047 1529 1150 1574 sigillo

403 1587 456 1613 aut
480 1591 534 1625 pro
562 1578 719 1621 rubricis,
743 1578 770 1611 in
800 1590 927 1617 causis
964 1579 993 1612 in
1034 1564 1150 1625 quibus

403 1628 562 1663 auditores
582 1635 655 1662 suut
671 1628 715 1661 vel
736 1626 850 1661 fuerint
864 1627 1016 1674 deputati,
1028 1628 1072 1662 vel
1089 1628 1150 1663 alio

403 1678 546 1725 quaesito
560 1677 664 1712 colore
687 1689 905 1724 quocumque:
928 1686 957 1711 et
979 1678 1063 1725 quod
1079 1691 1151 1712 con-

404 1728 472 1762 silia
494 1727 711 1762 coauditorum
735 1736 854 1761 secrete
881 1735 987 1761 tenere
1015 1727 1151 1762 debeant

405 1789 504 1825 usque
518 1785 586 1824 post
600 1784 786 1811 sententiam
812 1777 1062 1824 promulgatam,
1079 1790 1151 1812 con-

405 1827 534 1862 trau-ium
559 1839 631 1861 vero
653 1826 801 1862 ficientes
816 1838 991 1873 perunum
1009 1839 1150 1862 mensem

405 1877 465 1912 ab
460 1889 602 1924 ingressu
625 1876 766 1911 eiusdem
785 1877 887 1922 palatii
904 1877 1149 1923 suspendantur.

405 1927 438 1962 Si
461 1935 564 1962 autern
594 1927 702 1961 iterato
730 1926 760 1961 in
783 1926 925 1961 eamdem
953 1927 1076 1973 culpam
1101 1927 1151 1961 in-

405 1976 548 2015 ciderint,
565 1976 727 2024 priventur
741 1984 894 2023 perpetuo
922 1989 1030 2011 eorum
1049 1977 1152 2012 officio

405 2026 583 2062 audientiae
604 2039 768 2061 causarum
793 2026 894 2073 palatii
920 2027 1090 2073 praelibati.

455 2077 475 2124 ἓ
503 2080 533 2110 7.
570 2076 647 2111 Item
675 2075 759 2123 quod
786 2076 945 2111 auditores
974 2077 1151 2123 praedicti,

407 2135 590 2175 praesentes
617 2126 772 2165 videlicet,
795 2125 897 2160 statim
918 2135 986 2172 post
1009 2127 1152 2173 publica-

408 2186 523 2213 tionem
565 2176 737 2223 praesentis
777 2175 1007 2217 ordinationis,
1037 2177 1150 2223 posteri

410 2239 482 2262 vero
503 2234 668 2273 antequam
698 2226 734 2260 ad
762 2226 898 2260 ollicinm
926 2226 1151 2268 admittantur,

409 2278 438 2311 in
463 2276 607 2311 manibus
627 2276 868 2310 vicecancellarii
888 2276 1021 2310 Sanctae
1036 2276 1153 2311 Roma-

409 2339 466 2361 nae
488 2325 662 2365 Ecclesiae,
688 2335 793 2360 nostro
815 2333 846 2359 et
873 2326 974 2372 ipsius
990 2326 1153 2361 Ecclesiae

410 2377 547 2415 nomine,
577 2375 786 2410 iuramentum
816 2383 973 2422 praestent
997 2376 1152 2416 informa,

409 2438 488 2474 quae
510 2425 664 2471 sequitur,
694 2438 749 2472 per
772 2425 846 2459 baec
870 2426 978 2460 rerba:

459 2480 473 2519 ξ
495 2477 527 2510 8.
555 2475 624 2520 Ego
648 2475 686 2509 N.
715 2475 840 2510 auditor
861 2475 900 2509 ab
923 2476 979 2510 hac
1013 2476 1087 2510 liora
1123 2475 1152 2508 in

410 2534 498 2560 antea
532 2524 632 2559 fidelis
664 2537 717 2560 ero
752 2525 788 2559 Β.
808 2525 914 2568 Petro,
935 2525 969 2560 S.
995 2525 1034 2559 R.
1059 2525 1094 2558 E.
1123 2532 1154 2559 ct

411 2575 539 2609 domino
562 2587 631 2609 meo
653 2574 691 2609 D.
715 2575 752 2609 N.
775 2583 803 2609 et
831 2575 970 2610 eiusdem
994 2587 1155 2610 successo-

412 2624 496 2659 ribus
517 2625 671 2659 canonicc
702 2624 899 2660 intrantibus.
931 2625 999 2659 Non
1034 2636 1087 2659 ero
1125 2624 1153 2658 in

413 2674 502 2720 facto,
526 2674 656 2709 consilio
684 2675 729 2709 vel
758 2687 927 2720 consensu,
955 2674 1037 2723 quod
1062 2674 1153 2708 vitam

980 288 1058 310 nttLL
1062 288 1165 311 UUUM
1188 288 1256 311 ROM
1261 287 1348 310 ANUM

1194 341 1336 389 perdant,
1359 348 1410 376 aut
1427 339 1602 374 membrum
1621 339 1666 374 vel
1678 348 1840 386 capiantur
1854 340 1933 375 mala

1192 391 1352 438 captione:
1376 390 1542 425 consilium
1565 388 1646 435 quod
1666 401 1718 435 per
1734 401 1767 423 se
1780 389 1825 424 vel
1839 389 1932 424 atium

1193 454 1342 475 rruncmrn
1365 453 1457 474 51111111
1481 451 1538 473 seu
1567 438 1671 473 literas
1694 437 1770 473 mibi
1786 437 1932 474 credituri

1192 499 1276 533 sunt,
1305 490 1406 535 signo,
1433 488 1525 523 verbo
1554 488 1599 522 vel
1624 495 1713 531 nutu,
1737 500 1784 522 me
1807 488 1934 531 sciente,

1192 540 1227 574 111
1251 552 1359 574 eorum
1388 538 1537 573 damnum
1557 550 1610 572 seu
1637 536 1862 582 praeiudicium
1879 550 1935 571 ne-

1193 589 1266 623 mini
1304 588 1460 636 pandam:
1488 597 1517 622 et
1550 586 1736 633 simpliciter
1771 587 1816 621 sic
1855 599 1934 630 sua,

1191 651 1270 685 quae
1298 646 1416 673 secreta
1436 650 1505 672 esse
1528 649 1716 683 cognovero
1736 635 1868 671 servabo
1882 648 1935 671 se-

1191 696 1285 731 crete,
1312 687 1396 734 qnod
1421 687 1496 721 nulli
1524 699 1686 734 persorrre,
1709 685 1748 720 dc
1775 698 1836 733 qua
1859 698 1934 720 cre—

1191 737 1260 771 dam
1281 737 1338 771 sibi
1368 736 1544 782 displicere,
1567 737 1592 770 si
1614 736 1641 769 ei
1666 735 1875 775 revelarem,
1870 748 1933 782 ipsa

1192 785 1396 821 manifestabo
1418 787 1563 820 scienter.
1586 786 1618 819 Si
1642 786 1791 819 damnum
1823 797 1933 819 eorum

1192 836 1311 870 tractari
1339 835 1470 874 scivero,
1488 848 1542 882 pro
1565 848 1655 882 posse
1671 847 1739 869 meo
1755 835 1935 880 impediam,

1191 898 1228 919 ue
1254 886 1304 919 frat
1326 884 1457 919 eisdem.
1485 885 1518 919 Si
1543 898 1597 931 per
1619 897 1668 920 me
1695 884 1848 931 impedire
1872 897 1933 919 non

1192 947 1326 980 possem,
1350 946 1406 981 per
1431 934 1581 969 nuncium
1615 934 1660 968 vel
1689 934 1791 969 literas
1813 934 1859 969 eis
1885 935 1933 968 51-

1189 984 1336 1029 guificare
1364 984 1491 1023 curabo,
1516 984 1561 1018 vel
1586 983 1640 1021 illi,
1665 996 1826 1030 perquem
1843 984 1935 1018 citius

1190 1033 1226 1067 ad
1263 1046 1371 1068 eorum
1408 1033 1546 1068 notitiam
1576 1033 1759 1067 deducatur.
1783 1033 1933 1079 papatum

1192 1095 1354 1117 romanum
1383 1090 1414 1116 et
1451 1082 1563 1127 regalia
1592 1082 1628 1116 B.
1657 1082 1742 1116 Petri
1769 1091 1800 1116 et
1831 1085 1934 1117 omnia

1191 1132 1255 1166 iura
1278 1132 1440 1167 Romanae
1468 1132 1640 1175 Ecclesiae,
1660 1144 1738 1178 qnae
1762 1131 1854 1166 babet
1870 1132 1934 1166 ubi-

1190 1194 1338 1229 cumque,
1363 1181 1574 1216 manutenebo
1603 1183 1676 1216 10115
1699 1181 1815 1215 viribus
1829 1189 1859 1215 et
1873 1181 1935 1216 de—

1191 1231 1327 1266 fendam.
1352 1232 1482 1277 Negotia
1499 1240 1529 1265 ct
1543 1231 1655 1271 officia,
1671 1231 1747 1265 milii
1765 1244 1779 1264 a
1795 1230 1833 1265 D.
1851 1231 1933 1278 Papa

1191 1281 1238 1315 vel
1261 1281 1390 1316 domino
1412 1282 1445 1315 S.
1464 1281 1500 1314 R.
1518 1281 1552 1315 E.
1578 1280 1831 1316 vicecancellario
1847 1293 1935 1315 eom-

1191 1331 1282 1365 missa
1313 1331 1357 1365 vel
1393 1330 1629 1370 committenda,
1664 1330 1795 1365 fideliter
1828 1342 1933 1376 geram

1191 1389 1221 1414 et
1247 1381 1378 1415 sollicite
1406 1382 1579 1421 exercelm,
1604 1389 1632 1414 et
1665 1379 1840 1426 specialiter
1867 1379 1935 1413 uffi-

1190 1431 1270 1465 cium
1291 1430 1469 1464 auditorum
1498 1430 1583 1464 Sacri
1621 1429 1750 1473 Palatii,
1775 1429 1935 1464 reddendo

1192 1480 1338 1514 iustitiam
1373 1480 1555 1526 unicuique.
1593 1479 1681 1513 Dona
1722 1478 1768 1512 vel
1807 1491 1934 1513 munera

1191 1542 1245 1564 seu
1269 1530 1358 1563 xenia
1387 1538 1438 1563 aut
1465 1529 1689 1575 obligationem
1718 1528 1765 1562 vel
1801 1529 1935 1575 promis-

1191 1580 1310 1613 sionem
1334 1592 1428 1625 super
1451 1579 1523 1618 illis,
1548 1591 1601 1624 per
1623 1592 1672 1613 me
1701 1578 1746 1612 vel
1769 1578 1863 1612 alium
1880 1591 1933 1613 seu

1191 1629 1268 1663 alios
1290 1642 1304 1663 a
1336 1628 1487 1675 partibus,
1503 1641 1606 1663 coram
1632 1641 1680 1662 me
1694 1640 1803 1663 causas
1817 1627 1935 1662 baben-

1192 1679 1276 1713 tibus
1303 1690 1358 1712 sen
1382 1690 1489 1712 earum
1506 1678 1620 1725 aliqua,
1638 1678 1681 1712 vel
1704 1691 1718 1712 a
1736 1678 1864 1712 notariis
1879 1678 1936 1712 de-

1193 1728 1305 1775 putatis
1327 1728 1364 1763 ad
1388 1727 1591 1761 scribendum
1611 1740 1714 1762 coram
1740 1740 1788 1762 me
1811 1736 1876 1762 acta
1893 1727 1936 1761 di-

1192 1787 1310 1813 ctarum
1353 1790 1518 1812 causarum
1549 1777 1594 1811 vel
1627 1777 1697 1811 aliis
1732 1790 1788 1824 pro
1816 1777 1934 1812 eisdem

1191 1840 1247 1862 seu
1271 1840 1378 1862 eorum
1408 1828 1534 1862 nomine
1571 1839 1632 1861 non
1656 1827 1821 1873 recipiam;
1841 1827 1935 1874 quiu-

1193 1878 1254 1912 imo
1288 1890 1397 1912 01111115
1428 1877 1594 1912 familiares
1620 1884 1650 1911 et
1675 1876 1823 1912 officiales
1851 1890 1937 1912 meos

1192 1928 1276 1962 omni
1300 1927 1550 1974 diligentia,qua
1575 1935 1702 1974 potero,
1731 1926 1839 1961 faciam
1863 1926 1937 1961 abs-

1194 1978 1302 2012 tinere.
1328 1977 1391 2011 Nec
1423 1978 1517 2012 etiam
1552 1989 1607 2023 pro
1630 1976 1734 2022 sigillo
1772 1989 1853 2020 meo,
1881 1989 1938 2011 nec

1195 2040 1249 2074 pro
1273 2027 1405 2061 rubricis
1428 2026 1578 2061 faciendis
1596 2027 1625 2061 in
1647 2027 1763 2070 causis,
1778 2027 1806 2060 in
1823 2026 1939 2073 quibus

1193 2090 1262 2112 sum
1288 2077 1333 2111 rel
1353 2077 1440 2111 fuero
1463 2077 1630 2122 deputatus
1646 2076 1782 2116 auditor,
1807 2089 1864 2111 nec
1877 2076 1938 2111 alio

1193 2127 1334 2174 ‹praesito
1361 2127 1465 2161 colore
1488 2126 1606 2173 aliquid
1637 2126 1821 2172 percipiam,
1851 2138 1937 2160 neca

1195 2176 1362 2223 praedictis
1377 2176 1454 2210 meis
1465 2175 1649 2210 officialibus
1664 2188 1721 2209 seu
1737 2175 1939 2210 familiaribus

1195 2226 1288 2272 recipi
1313 2226 1501 2273 permittam.
1525 2225 1663 2260 Consilia
1691 2237 1819 2272 quoque
1842 2237 1939 2260 coau-

1193 2276 1332 2310 ditorum
1367 2288 1507 2310 meorum
1531 2283 1649 2310 secreta
1673 2275 1803 2316 tenebo,
1840 2288 1939 2323 usque

1193 2339 1256 2373 quo
1285 2326 1313 2359 111
1343 2338 1434 2360 cansa
1462 2325 1617 2360 sententia
1644 2326 1684 2359 sit
1713 2325 1840 2372 prolata.
1873 2325 1938 2360 Su-

1195 2375 1330 2421 pradicta
1365 2375 1468 2409 omnia
1507 2383 1535 2408 et
1571 2374 1690 2421 singula
1729 2375 1875 2421 promitto
1909 2383 1939 2408 et

1195 2426 1263 2458 iuro
1293 2425 1454 2459 attendere
1490 2432 1520 2458 et
1555 2425 1719 2459 observare
1757 2425 1824 2458 siue
1854 2426 1938 2459 0111111

1194 2474 1266 2508 dolo
1294 2484 1321 2508 et
1346 2474 1464 2509 fraude.
1494 2474 1549 2509 Sic
1571 2487 1620 2509 me
1649 2474 1734 2509 Deus
1756 2474 1894 2514 adiuvet,
1909 2482 1940 2509 et

1195 2524 1308 2558 Saruta
1337 2522 1393 2558 Dei
1422 2524 1599 2570 Errangelir.

1926 284 2001 313 An.
2016 285 2045 312 C.
2065 284 2130 312 1526

1244 2577 1316 2614 “l.
1346 2574 1523 2609 Statuimus
1551 2583 1580 2608 ct
1615 2573 1818 2614 ordinamus,
1854 2573 1937 2621 quod
1966 2583 2021 2602 ‘trud
2048 2587 2138 2602 servan

1195 2608 1318 2658 auditor
1351 2624 1491 2658 eiusdem
1522 2624 1623 2671 palatii
1651 2636 1665 2658 a
1701 2632 1842 2669 tempore
1864 2635 1968 2664 sirie„

1954 2615 1991 2634 du!
2007 2620 2026 2634 tn
2041 2619 2139 2640 propon-

1973 2644 2046 2665 ontbus
2062 2650 2137 2665 cnun-

1197 2675 1385 2723 receptionis
1412 2674 1591 2722 antiquior,
1628 2673 1774 2721 primitus
1816 2681 1941 2720 incipiat
1956 2681 2007 2697 ‘¹¹¹⁰
