2274 3265
254 286 300 312 An.
320 285 348 312 C.
370 286 434 311 ¹285

260 1390 309 1410 Vina
322 1396 345 1409 ιιι
356 1392 433 1410 victua

250 1422 276 1440 lia
287 1421 380 1441 vender·
393 1425 433 1441 ne-

250 1456 281 1471 mo
297 1454 383 1477 cogatur
400 1452 433 1472 in-

250 1483 310 1502 vitus,

257 2625 434 2646 iiairimoniorum

252 2658 338 2678 libertas
370 2657 436 2677 reni-

252 2691 301 2709 tuta.

500 273 543 305 7ss

450 351 505 373 nec
529 340 558 373 in
583 338 652 378 illis,
683 346 735 372 aut
759 338 788 372 in
814 338 954 384 personis
982 350 1090 372 eorum
1120 337 1194 385 ipsis

447 389 581 435 aliquam
610 388 756 422 iuiuriam
786 387 934 427 inserant,
971 399 1027 422 uec
1054 387 1192 433 ipsorum

447 438 572 485 aliquis,
596 450 651 484 pro
673 450 721 478 eo,
744 437 827 484 quod
856 437 914 471 sibi
939 437 1107 483 hospitium
1133 436 1194 472 suc-

448 489 487 523 rit
508 486 675 534 aliquando
699 487 799 522 taliter
826 487 1032 532 assignatum,
1068 486 1092 519 si
1121 499 1192 522 eum

447 538 521 573 alias
543 537 579 572 ad
610 536 757 572 eumdem
792 537 894 571 locum
923 549 994 571 cum
1027 536 1112 570 curia
1148 537 1192 571 vel

447 588 514 623 siue
537 587 622 622 curia
649 586 752 621 venire
775 587 947 632 contingat,
966 586 1024 619 sibi
1044 586 1091 619 ius
1120 586 1193 621 lios-

448 637 564 683 pitaudi
612 636 753 671 vendicet
792 636 820 670 in
854 636 978 676 eodem,
1011 644 1062 669 aut
1091 636 1192 682 ipsum

448 687 560 721 intrare
579 686 703 727 audeat,
723 686 780 720 nisi
798 686 890 720 suerit
909 685 966 719 sibi
986 685 1080 719 simili
1102 685 1194 719 modo

446 736 651 782 assignatum.
692 735 880 770 Huiusmodi
920 742 1022 769 autem
1063 735 1193 781 hospitia

447 787 549 820 taliter
576 786 729 831 assignata
760 785 885 832 praelati
920 797 991 823 rex,
1028 792 1057 817 et
1086 783 1127 817 illi
1157 783 1194 817 de

448 836 541 870 modo
564 843 593 870 et
616 834 730 869 familia
754 847 808 869 sna
840 833 935 880 gratis
965 845 1090 879 semper
1112 832 1196 867 obti-

448 892 558 925 ueant,
583 884 694 930 reliqui
719 896 790 918 vero
813 883 877 917 sive
900 882 1106 929 stipendiirii
1130 882 1194 916 sive

447 935 636 982 quicumque
652 933 702 967 alii
727 946 781 979 per
797 945 892 966 unum
917 944 1055 966 mensem
1080 931 1195 975 solum,

447 997 470 1018 si
495 991 578 1018 tanto
607 992 747 1029 tempore
777 983 806 1016 in
841 981 950 1016 codem
974 981 1042 1015 loco
1070 981 1195 1015 comin-

447 1042 497 1079 gat
519 1033 636 1067 curiam
666 1031 818 1071 residue,
842 1031 868 1066 si
897 1043 967 1065 vero
997 1031 1075 1065 ultra
1105 1043 1194 1065 rese-

448 1082 538 1125 derit,
559 1081 602 1115 vel
628 1082 710 1135 ipsos
732 1081 962 1135 stipendiarios,
985 1088 1036 1114 aut
1058 1079 1134 1115 alios
1157 1080 1194 1114 ad

446 1132 548 1178 aliqua
573 1130 638 1165 loca
666 1143 733 1165 sine
769 1143 851 1164 curia
882 1142 985 1164 venire
1015 1129 1109 1163 conti‹
1102 1129 1196 1176 gwnil,

447 1181 635 1216 satissatiant
652 1179 789 1214 dominis
807 1180 1028 1227 liospitiotQum
1043 1192 1075 1213 5(
1080 1192 1099 1213 u
1116 1180 1197 1226 ipso-

448 1244 516 1265 rum
539 1229 719 1265 auctoribus
742 1229 780 1264 de
797 1229 907 1263 salario
928 1229 1117 1276 competenti
1143 1242 1197 1276 per

447 1281 624 1326 deputatos,
648 1288 679 1313 ut
704 1279 924 1325 praemittitur,
954 1278 1157 1313 moderando

496 1329 515 1375 g
549 1332 599 1364 19.
622 1328 774 1364 Similiter
797 1328 1011 1376 prohibemus,
1040 1340 1078 1362 ne
1102 1329 1132 1362 in
1156 1327 1197 1362 lo-

448 1379 504 1418 cis,
529 1378 697 1433 inquibus
726 1378 795 1413 vina
824 1388 853 1413 et
892 1377 1033 1412 victualia
1066 1386 1197 1424 possunt

450 1428 567 1463 venalia
597 1428 737 1475 reperiri
765 1428 932 1474 quisquam
962 1440 995 1462 ea
1021 1440 1075 1474 pei
1103 1440 1196 1473 rega-

449 1478 508 1512 lem
531 1490 663 1533 cutiam,
690 1485 742 1512 aut
775 1477 918 1520 curiales,
951 1489 1004 1511 seu
1041 1476 1198 1523 quoslihet

447 1528 524 1562 alios
552 1528 713 1562 ministros
735 1527 874 1573 ipsorum
905 1505 949 1560 v⁷et
979 1538 1197 1573 quoscumque

447 1577 524 1612 alios
560 1577 674 1611 invitus
712 1576 845 1611 vendere
885 1576 1103 1622 compellatur,
1141 1588 1198 1610 nec

447 1626 549 1674 aliqua
574 1626 652 1660 bona
683 1625 862 1660 nolentibus
891 1626 1025 1660 vendere
1053 1625 1197 1660 auferan-

448 1684 507 1731 tur,
536 1688 593 1711 nec
615 1688 723 1710 eorum
752 1683 874 1722 segetes
901 1682 1146 1730 consrgnentur3
1169 1684 1198 1710 et

446 1726 471 1760 si
500 1726 538 1760 de
561 1725 642 1760 sacto
669 1725 782 1760 suerint
804 1725 1018 1770 consignatae,
1040 1724 1129 1771 signa
1152 1725 1198 1759 eis

448 1774 592 1823 imposita
628 1774 718 1809 liceat
752 1775 887 1810 dominis
923 1774 1106 1809 auctoritate
1131 1786 1198 1821 pro-

449 1837 512 1871 pria
536 1836 708 1865 removere,
739 1825 919 1871 praesertim
947 1836 1016 1859 eum
1043 1824 1198 1870 praefatus

450 1887 501 1909 rex
523 1874 581 1909 hoc
610 1875 713 1921 ipsum
747 1874 785 1909 de
813 1874 986 1908 remotione
1014 1873 1196 1908 huiusmodi

448 1924 594 1959 statuisse
633 1924 764 1959 dicatur.
798 1923 831 1958 Si
871 1936 942 1958 vero
979 1924 1008 1957 in
1046 1924 1124 1963 loco,
1159 1923 1196 1957 ad

448 1987 540 2021 quem
571 1974 707 2014 curiam,
740 1974 892 2013 curiales,
927 1986 960 2008 ae
993 1974 1072 2008 alios
1107 1986 1197 2020 prae-

447 2026 548 2060 dictos
575 2025 729 2060 declinare
765 2025 937 2071 contingit,
973 2025 1041 2059 talia
1080 2025 1196 2059 ienilia

448 2089 509 2111 non
551 2075 729 2116 habentui,
757 2075 980 2110 abundantes
976 2088 1005 2108 in
1036 2075 1108 2116 illis,
1144 2088 1198 2130 per

447 2127 581 2173 aliquem
601 2126 646 2160 vel
674 2126 797 2173 aliquos
824 2125 863 2160 ad
896 2125 955 2160 hoc
992 2125 1084 2171 regali
1113 2138 1197 2160 curia

447 2186 475 2212 et
499 2176 628 2211 totidem
652 2188 667 2210 a
692 2176 831 2211 locorum
856 2175 967 2210 incolis
992 2175 1118 2216 electos,
1141 2188 1198 2210 au-

447 2227 588 2261 ctoritate
616 2234 718 2260 tamen
751 2226 834 2273 regia
857 2225 1065 2272 deputandos,
1093 2227 1197 2260 onmia

447 2275 640 2314 huiusmodi,
667 2288 746 2322 quae
770 2276 897 2318 habent,
922 2276 999 2310 ultra
1024 2276 1197 2310 necessaria

446 2327 513 2361 suis
540 2334 570 2362 et
602 2325 788 2361 familiarum
818 2338 947 2361 suarum
986 2325 1107 2369 usibus,
1136 2337 1196 2359 non

446 2377 547 2412 solum
574 2376 692 2417 curiae,
714 2375 769 2412 scd
793 2376 967 2411 curialibus
989 2383 1019 2411 et
1040 2376 1108 2410 aliis
1131 2388 1196 2410 eam

446 2428 654 2475 sequentibus
675 2435 828 2474 cogantur
849 2427 982 2462 vendere
1001 2426 1099 2474 pretio
1117 2439 1197 2460 com-

449 2479 563 2524 petenti
603 2490 657 2524 per
693 2478 874 2526 deputatos,
912 2486 943 2512 ut
978 2476 1198 2524 praemittitur,

449 2528 652 2564 moderando.

498 2578 517 2625 g
547 2580 603 2614 ΩΟ.
636 2579 668 2613 lu
693 2578 910 2619 matrimoniis,
939 2578 969 2613 iu
997 2577 1112 2626 quibus
1145 2590 1197 2612 vo-

451 2627 586 2663 lentibus
606 2642 639 2663 ea
663 2628 846 2664 contrahere
867 2628 948 2664 varia
974 2627 1198 2677 impedimenta

452 2678 655 2712 contrahendi
681 2678 847 2714 adimentia
876 2678 1048 2714 libertatem
1074 2689 1127 2725 per
1151 2690 1200 2713 rc-

1023 283 1207 305 immanium
1237 283 1396 305 ttOMANUM
1728 277 1744 292 ⁶

1234 350 1303 384 gem
1344 348 1374 373 et
1413 350 1487 373 suos
1534 338 1631 385 ingeri
1667 338 1869 381 dicebantur,
1905 352 1981 387 apo-

1235 388 1361 423 stolicae
1389 387 1575 434 provisionis
1603 386 1789 422 heneficium
1820 388 1945 424 dehbei
1941 404 1981 424 ι-

1238 437 1337 471 vimus
1370 437 1592 472 adhibendum.
1630 436 1765 484 Ideoque
1803 439 1981 485 provisioni

1237 487 1436 534 irrefragabili
1461 487 1674 534 prohibentes
1703 486 1870 532 regnicolis
1893 501 1946 534 reg
1952 491 1980 523 ui

1237 536 1463 572 habitatoribus
1491 536 1725 571 matrimonium
1756 537 1834 571 intra
1857 550 1890 571 se
1912 551 1983 572 con-

1238 586 1358 621 trahere
1394 586 1569 621 volentibus
1597 598 1650 633 per
1685 598 1807 632 regem,
1836 586 1880 621 vel
1909 600 1983 622 suos

1237 635 1397 680 ol'liciales,
1420 645 1471 670 aut
1492 636 1569 670 alios
1592 635 1748 682 quoslibet
1789 636 1984 671 inhibitionis

1238 697 1291 719 seu
1305 685 1473 720 cuiuslibet
1485 686 1613 720 alterius
1628 685 1749 720 obicem
1766 685 1981 733 impedimenti

1238 735 1398 780 praestari,
1421 735 1628 776 declaramus,
1644 734 1876 770 etdeclaraudo
1899 749 1983 782 prae-

1237 783 1373 830 cipimus
1395 783 1492 819 libera
1511 796 1579 819 esse
1599 785 1796 819 matrimonia
1817 785 1897 819 inter
1919 800 1983 826 eos,

1237 833 1275 866 ita
1300 833 1384 879 qnod
1405 833 1484 867 bona
1507 833 1632 868 mobilia
1653 835 1697 868 vel
1720 834 1904 879 immobilia,
1924 836 1983 869 fvu-

1237 881 1315 915 dalia
1340 883 1383 915 vel
1409 895 1469 916 non
1504 882 1639 918 feudalia
1662 882 1757 918 libere
1785 883 1844 918 sihi
1876 894 1984 919 mutuo

1237 931 1309 965 dare
1339 931 1457 978 possint
1484 931 1512 965 in
1537 932 1653 976 dotem,
1677 945 1734 968 nec
1757 933 1851 968 iidem
1875 935 1983 980 regni-

1237 981 1323 1015 colae
1352 980 1449 1027 regni,
1483 989 1513 1015 ut
1543 981 1761 1027 praemittitur,
1797 982 1986 1018 habitatores

1238 1030 1378 1065 eiusdem
1401 1043 1497 1077 super
1520 1030 1718 1065 matrimonio
1742 1031 1822 1066 inter
1843 1045 1876 1067 se
1903 1046 1986 1067 con-

1238 1079 1408 1123 trahendo,
1446 1088 1499 1114 aut
1540 1080 1568 1113 in
1615 1080 1719 1115 dotem
1760 1080 1863 1116 dando
1906 1082 1986 1118 bona

1237 1128 1396 1176 quaelibet
1419 1128 1573 1164 licentiam
1604 1138 1707 1175 petere
1731 1137 1906 1171 teneantur,
1931 1145 1987 1167 nec

1239 1191 1293 1225 pro
1329 1191 1365 1213 eo
1400 1179 1483 1225 quod
1524 1179 1760 1214 matrimonium
1793 1192 1864 1214 eum
1899 1180 1988 1215 bonis

1238 1228 1447 1275 quibuslibet,
1487 1237 1540 1263 aut
1581 1229 1652 1263 dote
1696 1236 1988 1278 quantumcumque

1238 1285 1433 1312 contractum
1470 1278 1573 1317 suerit,
1609 1291 1623 1312 a
1662 1290 1733 1325 rege
1767 1278 1889 1314 licentia
1927 1293 1987 1315 non

1240 1327 1345 1374 petita,
1369 1327 1654 1368 contrahentibus,>
1675 1337 1725 1362 aut
1760 1328 1896 1363 alterutri
1932 1344 1989 1365 eo-

1240 1377 1394 1418 rumdem,
1430 1377 1476 1412 vel
1505 1377 1698 1424 parentibuS,
1733 1380 1988 1425 consanguineis,

1238 1427 1302 1461 sire
1331 1427 1440 1461 amicis
1464 1428 1603 1474 ipsorum
1634 1427 1662 1461 in
1693 1428 1845 1474 personis,
1869 1436 1922 1463 aut
1946 1444 1990 1463 re-

1241 1476 1298 1510 bus
1322 1476 1595 1523 impedimentum,
1615 1476 1828 1524 dispendium¹
1850 1478 1894 1512 vel
1917 1492 1990 1525 gra-

1241 1538 1347 1560 vamen
1376 1526 1504 1573 aliquod
1531 1526 1696 1573 irrogetur,
1727 1527 1808 1561 nulla
1838 1527 1868 1562 in
1899 1540 1989 1575 prae-

1241 1575 1343 1610 missis
1365 1576 1588 1611 constitutione
1609 1576 1652 1611 vel
1670 1576 1899 1612 consuetudine
1918 1590 1989 1612 con-

1239 1625 1331 1660 traria
1354 1625 1393 1660 de
1415 1633 1538 1660 caetero
1561 1625 1701 1660 valitura.

1287 1674 1386 1722 §2¹-
1415 1674 1615 1710 Providendo
1645 1675 1865 1723 praecipimus,
1901 1685 1930 1711 ut
1963 1677 1987 1711 si

1239 1724 1365 1771 quando
1401 1726 1431 1759 in
1467 1737 1564 1772 regno
1592 1725 1751 1773 praedicto
1786 1735 1892 1761 contra
1920 1739 1989 1761 cer-

1239 1782 1299 1808 tam
1331 1786 1497 1821 personam
1525 1774 1618 1810 fuerit
1647 1774 1807 1822 inquisitio
1837 1775 1988 1820 facienda,

1240 1823 1298 1858 nisi
1322 1836 1354 1859 ea
1392 1833 1565 1871 praesente,
1602 1824 1648 1858 vel
1677 1836 1710 1858 se
1745 1837 1798 1870 per
1825 1833 1990 1860 contuma-

1239 1873 1317 1908 ciam
1341 1873 1534 1918 absentante,
1555 1886 1615 1908 uon
1646 1874 1708 1908 liat.
1736 1873 1768 1908 Si
1798 1887 1870 1909 vero
1899 1887 1990 1922 prae-

1239 1935 1312 1958 sens
1351 1923 1461 1966 suerit,
1502 1923 1707 1958 exhibeantur
1747 1924 1804 1959 sibi
1843 1925 1989 1972 capitula

1239 1986 1334 2020 super
1361 1952 1478 2021 quibtis
1508 1974 1598 2009 fuerit
1629 1974 1861 2021 inquirendum,
1896 1983 1929 2009 ut
1951 1975 1991 2030 sit

1240 2036 1266 2057 ei
1295 2024 1490 2059 defensionis
1512 2025 1599 2072 copia
1623 2033 1653 2058 et
1676 2024 1817 2060 facultas.

1287 2075 1384 2122 522.
1414 2074 1514 2109 Simili
1552 2074 1730 2122 provisione
1767 2074 1989 2122 praecipitiius,

1240 2133 1273 2159 ut
1302 2137 1357 2173 pro
1383 2124 1583 2171 generalibus
1617 2124 1876 2172 inquisitionibus
1910 2125 1989 2159 nihil

1241 2175 1285 2210 vel
1319 2174 1378 2210 sub
1405 2174 1640 2220 compositionis
1676 2174 1793 2214 colore,
1830 2174 1875 2208 vel
1915 2174 1990 2209 alias

1239 2224 1277 2259 ab
1303 2224 1560 2259 universitatibus
1582 2225 1735 2271 exigatur,
1758 2223 1811 2259 sed
1836 2224 1860 2258 si
1886 2237 1991 2271 proce-

1239 2275 1377 2310 dendum
1402 2274 1504 2317 suerit,
1533 2274 1612 2308 iuste
1642 2274 1829 2320 procedatur
1862 2287 1897 2309 ex
1934 2275 1989 2311 eis.

1241 2325 1422 2371 praesertim
1459 2336 1530 2359 cum
1565 2324 1666 2358 dictus
1701 2336 1752 2359 rex
1789 2324 1920 2359 Carolus
1960 2324 1988 2358 id

1240 2375 1383 2410 statuisse
1405 2374 1536 2409 dicatur.

1288 2431 1302 2470 g
1325 2428 1382 2460 23.
1411 2424 1600 2460 Huiusmodi
1627 2432 1792 2472 praecepto
1810 2424 1988 2468 adiicimus,

1243 2486 1274 2511 ut
1296 2476 1417 2524 quoties
1441 2476 1519 2510 inter
1542 2475 1651 2510 liscum
1679 2484 1707 2509 et
1738 2475 1888 2521 privatum
1912 2487 1987 2509 cau-

1240 2540 1304 2562 sam
1326 2526 1442 2561 moveri
1463 2525 1628 2573 contingit,
1653 2537 1713 2560 non
1737 2524 1837 2559 solum
1862 2524 1892 2558 iu
1916 2536 1989 2558 exa-

1242 2576 1391 2612 minando
1414 2576 1479 2611 iura
1508 2576 1653 2623 partium,
1681 2575 1734 2610 sed
1757 2583 1786 2609 et
1809 2573 1846 2608 ad
1870 2573 1989 2608 ‹listini-

1242 2627 1332 2661 tivam
1350 2626 1536 2661 sententiam
1560 2626 1640 2661 iuste
1664 2624 1821 2660 ferendam
1844 2624 1906 2659 sive
1933 2637 1989 2670 pro

1244 2676 1379 2725 privato,
1408 2676 1472 2711 sive
1506 2688 1562 2724 pro
1590 2676 1683 2717 fisco,
1717 2686 1774 2709 nee
1801 2685 1862 2709 non
1895 2682 1923 2709 et
1952 2674 1989 2709 ad

1995 287 2044 312 Αιι.
2064 284 2176 311 ‹2128ss

2016 1685 2045 1707 De
2066 1686 2187 1713 inquisitio-

2003 1718 2064 1739 nibus
2076 1717 2186 1742 faciendis,

2018 2436 2131 2465 Caum-quo
2154 2438 2189 2458 in-

2005 2470 2037 2488 ter
2067 2468 2138 2489 nucum
2167 2471 2188 2489 οι

2005 2500 2106 2525 privatos.
