2274 3265
80 289 131 315 An.
149 287 176 314 C.
195 287 256 313 ¹291

894 284 1051 307 NICOLAUS
1073 284 1104 306 tv
1133 284 1179 305 W.

1694 273 1763 305 1¹3
1828 283 1877 308 An.
1897 282 1991 308 0120

275 341 373 376 doxae
395 341 570 376 cultoribus
607 349 667 375 tam
710 340 887 375 immaniter
922 340 1023 373 truci-
1062 340 1102 373 tis
1125 338 1284 373 laboribus
1305 346 1335 373 et
1362 339 1510 374 oneribus
1546 348 1722 387 procurata,
1755 339 1810 374 sed

276 392 367 435 datis,
389 391 427 425 d<
455 399 497 425 tot
539 390 768 426 calamitatibus
803 390 1021 437 captivorum,

277 449 305 474 ιι
327 441 395 476 aliis
422 441 655 476 christianitatis
677 440 856 487 opprobriis
889 452 949 473 non
986 451 1021 472 ex

278 499 338 525 tota
368 500 471 526 mente
494 488 685 525 movebitur?
707 502 767 524 non
796 489 946 536 suspiret?
962 501 1022 523 non

277 540 452 576 anxiabitur
478 541 515 575 ad
544 539 729 575 vindictam?
755 538 911 580 Profecto,
939 551 1023 581 cum,

278 590 449 625 secundum
498 590 684 637 Apostolum
707 616 716 632 ,
762 601 872 623 omnes
926 589 1025 623 simus

280 653 376 675 tinum
399 653 514 687 corpus
540 640 569 674 in
598 639 737 681 Christo,
773 652 835 674 non
869 640 1025 673 immerito

279 702 350 725 cum
379 690 451 731 illis,
478 690 517 725 de
539 690 654 736 quibus
680 689 831 736 scriptum
859 698 922 724 est:
949 690 1026 724 Per—

279 741 401 775 cussisti
425 752 490 781 eos,
512 750 542 774 et
574 752 635 774 non
671 739 852 784 doluerunt,
889 739 1025 774 insensi-

280 789 404 825 bilitatis
426 790 566 836 arguitur
588 789 733 836 quisquis
774 797 889 824 tantam
934 789 1027 823 liuius

281 840 376 874 nostri
400 839 542 885 corporis
569 839 810 879 mutilationem,
845 839 1026 886 praedicto-

280 901 348 923 rum
381 889 522 923 videlicet
545 888 794 923 christicolarum
829 901 889 923 non
933 889 1028 923 sentit

279 938 448 982 excidium,
470 946 500 973 et
521 946 582 973 tam
605 938 739 984 graviter
761 950 822 972 non
859 946 1024 973 moeretur.

280 987 490 1034 Accingimini
523 1000 609 1033 ergo,
632 987 879 1031 christifideles,
914 996 944 1023 et
976 988 1027 1035 qui

279 1037 449 1072 christiana
478 1037 628 1084 religione
650 1037 835 1076 censemini,
859 1049 912 1072 vos
945 1038 1029 1072 cliri-

281 1087 398 1122 stianos
434 1099 504 1122 esse
543 1086 646 1133 operis
680 1087 901 1134 prosequtione
936 1099 1030 1121 mon-

281 1145 385 1175 strate;
408 1137 541 1183 accipite
564 1136 742 1177 devotione,
765 1149 824 1184 qua
863 1148 914 1170 rex
953 1137 1031 1170 vivi-

283 1186 357 1221 ticae
379 1185 492 1221 Crucis
513 1186 652 1233 signum,
676 1186 750 1220 illud
780 1187 808 1220 in
848 1186 1030 1221 considera-

282 1236 377 1270 tionis
417 1244 535 1270 vestrae
578 1235 766 1270 scrutinium
813 1234 1005 1270 deducentes
1023 1263 1030 1277 ,

282 1286 365 1332 quod
391 1286 463 1320 viris
503 1294 794 1332 quantumcumque
832 1285 1030 1331 magnificis,

282 1343 536 1382 quantacumque
558 1334 711 1381 dignitate
739 1333 887 1381 praeditis
910 1343 939 1368 et
969 1335 1033 1369 vir-

283 1392 360 1426 tute,
387 1385 424 1419 ad
448 1385 579 1431 gloriam
603 1396 748 1432 magnam
775 1384 975 1424 adscribitur,
1006 1385 1030 1419 si

283 1434 330 1468 eis
350 1434 462 1482 quovis
485 1434 514 1468 in
546 1433 628 1469 bello
663 1434 863 1469 dominorum
898 1434 1032 1480 insignia

283 1496 390 1529 gerere
417 1483 618 1519 concedatur:
658 1484 718 1519 sul)
752 1483 868 1531 quibus=
903 1484 1033 1530 contigit

285 1534 464 1581 frequenter
491 1546 553 1568 non
576 1535 642 1569 siue
669 1534 780 1568 salutis
801 1542 946 1569 aeternae
984 1534 1035 1568 di-

285 1584 444 1623 scrimine,
468 1584 577 1618 mortis
616 1583 724 1618 subire
759 1584 933 1630 periculum
977 1584 1035 1618 sub

285 1633 454 1668 cuiuslibet
500 1646 557 1680 spe
592 1634 867 1668 remunerationis.
908 1634 1035 1676 Quanto

287 1684 378 1729 igitur
402 1683 590 1730 gloriosius,
616 1694 735 1731 quanto
762 1684 917 1719 'securius
938 1684 1036 1730 Regis

286 1746 394 1780 regum
419 1734 449 1768 in
477 1734 545 1769 eius
568 1733 649 1769 bello
673 1734 874 1769 victoriosum
914 1742 1035 1780 gestare

287 1783 447 1829 vexillum,
481 1784 671 1819 salutiferam
711 1784 854 1819 videlicet
885 1783 1037 1819 Crucem?

286 1833 353 1868 Sub
375 1846 436 1882 qua
458 1833 625 1869 devotione
656 1846 794 1880 congrua
829 1846 907 1881 puro
943 1834 1036 1869 corde

287 1892 443 1931 suscepta,
459 1892 646 1931 conceptum
662 1883 934 1931 prosequentibus,
951 1896 1037 1918 mun-

287 1933 360 1968 ditia
385 1934 545 1976 continua,
568 1935 766 1982 propositum
790 1934 867 1968 mori
891 1942 937 1968 est
960 1935 1037 1969 vitae

289 1983 435 2030 perennis
459 1983 597 2025 initium,
621 1983 815 2019 transitoriae
831 1984 941 2018 mortis
956 1983 1036 2025 finis,

287 2031 503 2068 retributionis
527 2034 763 2069 inaestimabilis
788 2033 952 2068 certitudo.
976 2033 1038 2068 Fe-

287 2082 399 2118 stinate
415 2083 531 2130 itaque,
559 2083 702 2118 festinate
725 2083 763 2117 ad
786 2083 897 2118 salutis
920 2093 1037 2118 vestrae

289 2144 454 2179 properare
481 2133 717 2180 compendium.
747 2132 947 2168 Accendatur
981 2145 1038 2168 cu-

288 2182 479 2230 iuscumque
502 2183 600 2217 virilis
627 2183 762 2223 animus,
801 2191 830 2217 et
862 2182 1038 2217 consultius

288 2232 498 2268 attendentes.
521 2233 605 2280 quod
629 2234 654 2268 si
684 2232 761 2267 forte
784 2232 871 2267 labor
888 2233 985 2267 maior
1001 2246 1038 2267 ex

288 2281 442 2316 dictarum
466 2283 624 2317 civitatum
661 2283 805 2330 captione
842 2283 1037 2329 proponitur,

289 2343 410 2366 merces
433 2332 558 2366 uberior
588 2332 813 2379 subsequetur,
836 2345 920 2373 cum,
959 2333 1039 2367 sicut

289 2382 441 2428 scriptum
461 2390 524 2416 est:
544 2381 725 2417 Secundum
750 2381 886 2416 laborem
906 2383 1039 2430 accipiet

292 2432 509 2479 unusquisque
537 2432 726 2466 mercedem.
757 2430 895 2478 Corpora
927 2441 1037 2473 vestra,

290 2489 320 2516 et
343 2484 436 2516 corda
461 2482 576 2528 pariter
602 2481 742 2516 eiusdem
765 2481 903 2516 vivificae
926 2481 1038 2517 Crucis

291 2531 380 2578 signo
412 2531 442 2565 in
484 2531 514 2566 d.
554 2531 667 2566 Terrae
701 2530 891 2578 saepefatum
928 2532 1039 2566 subsi-

291 2580 379 2615 dium
427 2581 586 2629 insignite,
625 2593 708 2615 nunc
743 2581 911 2628 praecipue
963 2581 1037 2616 dum

293 2631 392 2677 ipsius
407 2630 522 2667 Terrae
537 2630 701 2666 subventio
718 2631 824 2665 multis
839 2639 867 2665 et
889 2631 962 2666 olim
987 2644 1040 2677 per

291 2680 405 2716 Sedem
421 2681 632 2729 Apostolicam
650 2681 802 2728 exquisita
820 2680 948 2727 vigiliis,
964 2681 1040 2715 mul—

371 2734 443 2764 Bull.
461 2734 535 2764 Rom.
564 2735 615 2763 Vol.
635 2734 680 2763 Π.
888 2734 921 2763 15

1063 388 1195 423 diversis
1227 397 1257 423 et
1297 389 1435 424 adversis
1469 390 1656 425 adventibus
1695 389 1812 424 diutius

1065 438 1225 485 impedita,
1248 438 1365 482 divina,
1389 446 1420 473 ut
1444 440 1594 486 supponit
1617 440 1725 474 devota
1749 451 1814 474 cre-

1065 488 1191 529 dulitas,
1215 488 1392 535 provisione
1419 489 1572 535 dirigitur,
1600 497 1629 523 ct
1662 489 1698 524 ad
1733 489 1815 524 exci-

1066 538 1194 584 piendas
1207 538 1321 572 Terrae
1337 538 1432 584 ipsius
1445 539 1616 585 angustias,
1632 551 1762 586 eamque
1775 538 1814 573 de

1067 588 1232 635 impiorum
1262 588 1406 622 manibus
1433 589 1614 630 eruendam,
1649 589 1814 623 efficaciter

1066 639 1124 673 sub
1151 651 1207 685 spe
1229 638 1326 672 divini
1351 639 1489 673 numinis
1514 648 1724 685 praeparatur

1115 689 1134 736 ἓ
1157 693 1189 723 5.
1222 688 1386 736 Siquidem
1415 689 1620 724 charissimus
1644 689 1724 723 lilius
1763 702 1815 723 no-
1844 694 1884 714 ’Μ’·
1889 694 2013 736 'ew-³⁸·

1066 748 1128 773 ster
1155 739 1436 774 christianissimus
1460 739 1607 785 princeps
1636 726 1865 777 Eberantnsfil
1861 731 1882 745 ²
1870 732 1999 781 .‚,.'..‘'01.{¹¹

1067 789 1199 836 Angliae
1229 802 1280 823 rex
1304 789 1443 829 illustris,
1480 797 1547 835 post
1581 795 1728 823 tractatus
1763 801 1815 823 va-

1069 839 1131 884 rios
1157 851 1252 886 super
1269 839 1407 886 generali
1430 851 1488 873 sno
1520 838 1663 885 passagio
1699 838 1728 872 in
1769 838 1816 884 ip-

1068 888 1135 924 sius
1156 888 1271 923 Terrae
1293 888 1466 923 subsidium
1490 888 1649 931 faciendo,
1676 887 1820 922 diverso-

1070 951 1137 973 rum
1166 938 1354 972 Pontificum
1383 937 1599 977 Romanorum
1623 936 1820 983 temporibus

1070 988 1205 1031 habitos,
1220 988 1392 1022 novissime
1405 995 1565 1035 tamquam
1590 987 1819 1021 benedictionis

1071 1038 1153 1072 lilius
1176 1037 1290 1072 nostris
1318 1037 1522 1083 beneplacitis
1543 1037 1710 1083 acquievit,
1739 1045 1770 1071 et
1787 1044 1818 1070 ut

1071 1096 1141 1134 post
1168 1086 1342 1130 Christum,
1370 1087 1453 1121 iuxta
1476 1086 1641 1122 consilium
1664 1086 1732 1121 eius
1759 1094 1819 1126 eat,

1071 1149 1104 1171 se
1132 1137 1235 1183 ipsum
1264 1136 1423 1182 abnegans
1445 1135 1631 1173 ac'tottens,
1660 1144 1693 1170 ut
1728 1147 1820 1169 eum-

1072 1186 1141 1220 dem
1169 1194 1321 1233 sequatur
1342 1186 1529 1228 Dominum,
1557 1197 1683 1220 crucem
1718 1197 1820 1225 suam,

1072 1237 1255 1274 terminum,
1284 1234 1396 1269 festum
1420 1235 1563 1270 videlicet
1581 1234 1760 1269 Nativitatis
1782 1233 1818 1268 B.

1072 1285 1199 1319 loannis
1220 1285 1381 1331 Baptistae
1408 1285 1501 1332 (quod
1538 1284 1596 1318 erit
1634 1296 1717 1318 anno
1752 1284 1822 1318 Do—

1074 1335 1149 1369 mini
1176 1336 1281 1374 1295,
1305 1342 1332 1368 et
1361 1335 1388 1369 ei
1412 1335 1448 1369 ad
1473 1333 1736 1368 transfretandum
1758 1346 1825 1380 per-

1074 1384 1233 1425 sonaliter,
1276 1395 1396 1418 necnon
1433 1384 1469 1418 ad
1513 1384 1630 1418 dictum
1679 1383 1823 1429 generale

1075 1434 1253 1481 passagium
1274 1434 1500 1480 crucesignatis
1522 1442 1551 1468 et
1566 1432 1825 1479 crucesignandis
1851 1438 2005 1487 Crwesfjum

1075 1484 1224 1518 omnibus
1255 1483 1401 1517 duximus
1436 1483 1682 1539 praefigendum)
1718 1483 1824 1517 bumi-
1865 1474 1998 1520 Π“Ξῖὲζ’,’“”

1075 1533 1145 1568 liter
1167 1533 1350 1580 acceptavit,
1378 1534 1585 1581 semetipsum
1605 1544 1763 1580 exponere
1777 1533 1823 1566 sui

1075 1582 1297 1630 Redemptoris
1340 1583 1500 1630 obsequiis
1533 1583 1647 1618 Terrae
1671 1581 1825 1629 praefatae

1078 1633 1283 1680 {ersonaliter
1305 1633 1522 1668 subveniendo
1564 1632 1731 1679 disposuit
1768 1644 1826 1666 ne-

1076 1684 1197 1730 gligens
1230 1683 1338 1718 natalis
1384 1683 1441 1717 soli
1481 1682 1694 1725 dulcedinem,
1734 1694 1826 1728 prae-

1078 1734 1253 1768 termittens
1277 1733 1363 1780 regni
1386 1733 1434 1767 sui
1456 1741 1670 1779 terrarumque
1692 1732 1825 1776 divitias,

1077 1796 1231 1830 spernens
1252 1783 1382 1818 delicias
1420 1791 1450 1817 et
1483 1783 1613 1829 gloriam
1653 1781 1727 1816 inibi
1766 1781 1827 1816 do-

1078 1834 1230 1868 minandi.
1254 1833 1323 1868 Non
1352 1833 1446 1879 igitur
1467 1832 1660 1867 cunctemini
1691 1831 1827 1878 amplius

1080 1883 1242 1939 praedicti
1256 1883 1384 1938 gloriosi
1413 1882 1514 1917 vexilli
1538 1882 1686 1917 dominici
1717 1882 1827 1916 chara-

1079 1942 1160 1969 ctere
1186 1933 1318 1979 insignia
1339 1945 1477 1967 mercare
1500 1935 1525 1975 (t
1534 1936 1556 1975 ),
1572 1931 1654 1966 felici
1670 1943 1827 1965 commer-

1079 1984 1127 2018 cio
1140 1991 1327 2039 perpetuam
1344 1991 1414 2030 post
1430 1981 1662 2017 defunctionem
1687 1993 1740 2016 coi
1744 1993 1828 2028 poris

1079 2045 1114 2067 ex
1140 2034 1313 2080 ignominio
1340 2032 1558 2079 perpetuitatis
1581 2032 1827 2086 comparatione,

1080 2083 1127 2117 vix
1157 2090 1377 2117 momentaneo
1405 2082 1521 2122 labore,
1543 2082 1694 2128 quietem,
1710 2088 1739 2115 et
1759 2092 1829 2127 per-

1080 2133 1252 2167 mutatione
1276 2132 1419 2167 consulta
1448 2140 1568 2166 terrena
1599 2142 1653 2177 pro
1682 2129 1828 2164 coelesti-

1082 2182 1138 2217 bus
1164 2189 1406 2225 commutantes,
1433 2181 1611 2216 transitoria
1649 2191 1704 2226 pro
1737 2191 1827 2214 man-

1079 2233 1174 2273 suris,
1203 2232 1387 2278 temporalia
1411 2243 1467 2278 pro
1493 2231 1639 2265 aeternis.

1128 2282 1148 2329 g
1170 2284 1202 2316 4.
1231 2281 1398 2316 Caeterum
1423 2281 1494 2314 licet
1515 2280 1551 2314 ad
1576 2278 1755 2313 excitandos
1778 2291 1827 2312 ve-
1866 2280 1912 2333 ’Ἥ
1912 2282 1997 2333 tsseffl?
2012 2325 2023 2327 -

1080 2340 1161 2366 stros
1182 2333 1306 2366 animos
1334 2332 1363 2364 in
1395 2329 1509 2364 Terrae
1538 2336 1727 2363 memoratae
1751 2340 1825 2362 suc—
1839 2319 1914 2368 {iiim
1928 2320 1976 2364 crisci
1985 2315 2022 2364 ςιιίἶ

1080 2394 1217 2421 sursum,
1244 2381 1386 2415 sufficere
1409 2379 1520 2413 debeat
1560 2378 1658 2413 solers
1695 2377 1824 2411 attentio
1839 2375 1929 2426 ¹¹¹¹¹¹¹·l'¹'¹¹n
1931 2376 2024 2427 ¹¹¹¹ub⁵¹¹¹sj

1082 2432 1337 2478 praemissoium,
1368 2438 1399 2463 ut
1422 2438 1523 2463 tamen
1543 2428 1681 2462 eiusdem
1711 2427 1826 2462 Terrae
1840 2438 1904 2458 nistra
1908 2438 1984 2458 nubas.

1082 2481 1240 2536 negotium
1265 2492 1302 2515 eo
1326 2479 1482 2519 libentius,
1523 2490 1623 2525 eoque
1656 2476 1826 2512 ferventius

1081 2532 1225 2578 prosequi
1250 2529 1413 2571 studeatis,
1436 2541 1498 2575 quo
1516 2530 1666 2575 potiorem
1689 2526 1824 2561 fructum

1080 2594 1118 2615 ex
1146 2581 1255 2615 vestris
1286 2579 1446 2613 laboribus
1479 2591 1532 2612 vos
1566 2577 1713 2611 noveritis
1755 2589 1826 2623 per-

1081 2638 1238 2678 cepturos3
1267 2642 1322 2664 nos
1349 2629 1388 2663 de
1420 2627 1646 2675 omnipotentis
1677 2627 1731 2661 Dei
1766 2627 1826 2661 mi-

1115 2693 1154 2728 (t)
1176 2693 1273 2719 Forsan
1291 2690 1428 2725 legendum
1446 2698 1569 2716 marcore
1589 2688 1743 2723 (Ducange).
