2274 3265
0 2840 11 2949 τῆν’
2 2798 4 2802 ὴ

75 286 124 312 An.
143 284 171 311 C.
189 285 256 312 ¹289

886 288 1042 310 NtCOLAUS

272 339 377 374 lunius
393 340 537 387 obligari,
560 341 613 376 scd
638 343 815 389 impositam
837 342 895 376 sibi
917 342 1022 388 poeni-

272 397 399 423 tentiam
417 418 424 430 ,
465 402 521 437 pro
565 391 825 437 transgressionis
866 403 994 425 excessu
1013 418 1020 428 ,

273 447 414 485 prompta
443 438 620 474 humilitate
640 440 780 487 recipiat,
808 447 838 474 et
857 439 1022 475 efficaciter

272 487 397 522 studeat
419 488 604 535 adimplere.

321 536 340 583 S
376 539 409 571 2.
446 538 531 573 Nulli
575 550 650 583 ergo
687 538 817 572 omnino
856 538 1019 572 hominum

220 586 363 620 ‘xe-liceat
397 587 476 622 hanc
510 588 655 634 paginam
684 595 862 621 nostrorum
890 588 1021 629 statuti,

273 635 480 671 ordinationis
506 644 536 671 et
562 636 732 671 voluntatis
760 636 929 682 infringere
951 645 1004 670 etc.

324 683 393 719 Dat.
426 684 534 729 Reate,
572 685 788 721 sextodecimo
833 686 933 720 kalen.
970 699 1023 721 se-

274 733 437 781 ptembris,
466 734 665 781 pontificatus
688 736 785 770 nostri
814 748 898 770 anno
925 737 958 769 2.

312 790 372 820 Dat.
389 791 435 820 die
452 792 487 820 17
507 793 624 829 augusti
642 792 726 829 1289,
744 793 844 832 pontif.
862 803 938 823 anno
955 803 984 823 11.

625 949 663 985 V.

274 1030 502 1064 Declarationes
527 1032 757 1075 reformationis
797 1033 942 1076 Gregorii
980 1034 1027 1066 IX

320 1080 542 1113 monachorum
575 1083 824 1125 conqreqationis
846 1083 1027 1115 Clum'acen-

321 1129 362 1162 sis
382 1130 500 1163 ordinis
523 1131 558 1163 S.
580 1130 738 1164 Benedicti
757 1133 766 1173 <
773 1134 783 1164 1
797 1134 816 1173 ).

546 1207 760 1238 SUIMARIUM

272 1276 440 1307 Exordium.
464 1295 500 1300 —
522 1279 548 1307 1.
568 1277 700 1316 Gregorii
725 1278 758 1308 tx
782 1281 963 1311 constitutio.
991 1299 1030 1305 —

312 1320 339 1349 2.
369 1321 529 1352 Declaratio
562 1323 708 1352 eiusdem.
737 1339 776 1345 —
804 1324 832 1353 3.
860 1323 1027 1364 Capitulum

312 1366 448 1402 generale
468 1366 594 1404 quando,
613 1376 627 1395 a
651 1367 761 1405 quibus
779 1372 806 1397 etv
821 1368 948 1407 qualiter
964 1369 1028 1399 fieri

313 1408 426 1439 debeat.
449 1426 489 1432 —
516 1409 596 1445 Quae
616 1410 644 1439 in
665 1419 699 1439 eo
722 1412 871 1441 tractanda
902 1413 969 1442 sint.
992 1429 1031 1435 —

312 1452 342 1481 4.
366 1452 541 1483 Definitores
564 1454 733 1493 quindecim
763 1456 885 1493 capituli
908 1466 1032 1494 genera-

313 1496 350 1526 lis
369 1506 420 1536 pro
443 1499 535 1537 prima
560 1499 621 1528 vice
640 1499 797 1538 eligantur.
819 1517 859 1522 —
876 1501 903 1529 5.
926 1501 1029 1531 Forma

313 1541 442 1579 eligendi
471 1543 644 1573 definitores
671 1544 701 1573 in
730 1545 859 1584 capitulo
890 1547 1031 1583 generali.

312 1600 351 1607 -
368 1585 395 1615 6.
414 1584 526 1616 Causae
546 1596 598 1625 per
615 1587 737 1618 abbates
757 1598 814 1618 non
834 1590 982 1627 definitae,
1002 1592 1031 1620 in

315 1629 443 1669 capitulo
468 1631 672 1661 terminentur.
694 1649 734 1654 -—
753 1633 778 1662 7.
801 1632 1032 1665 Constitutiones

315 1674 436 1713 capituli
469 1676 616 1713 generalis
640 1677 668 1706 in
698 1677 801 1716 primis
832 1677 1032 1709 observandae

315 1723 344 1747 et
372 1728 429 1748 non
454 1720 653 1750 immutandae
678 1726 756 1751 sunt.
784 1740 823 1744 —
851 1723 876 1752 8.
903 1723 1031 1754 Ordina-

316 1764 410 1794 tiones
440 1765 527 1804 capit.
560 1766 678 1804 quando
701 1767 831 1805 obligent
859 1768 893 1797 ad
919 1774 1031 1799 morta-

317 1808 372 1837 lem
394 1809 520 1847 culpam:
536 1827 575 1832 —
590 1811 616 1839 9.
633 1810 666 1840 Et
681 1812 797 1850 quoties
815 1821 867 1851 per
885 1813 1033 1851 praelatos

315 1853 485 1883 recitandae
508 1860 585 1884 sunt.
608 1872 646 1877 -
670 1856 715 1886 10.
738 1855 913 1886 Visitatores
933 1857 961 1886 in
985 1867 1034 1887 ca-

316 1896 410 1935 pitulo
441 1899 571 1936 generali
605 1900 780 1929 ordinentur
805 1905 833 1930 et
860 1902 1032 1939 corrigenda

316 1941 474 1979 corrigant,
496 1947 547 1973 etc.
569 1961 609 1966 —
633 1945 677 1973 11.
704 1944 879 1974 Visitatores
908 1951 1035 1984 quatuor

317 1986 527 2016 monasterium
561 1988 644 2017 Clun.
675 1993 703 2017 et
733 1998 889 2026 personam
917 1990 1033 2020 abbatis

316 2029 443 2058 visitent.
462 2047 501 2052 —
516 2030 562 2060 12.
582 2031 709 2061 Abbates
731 2032 829 2062 Clunii
856 2034 890 2063 de
911 2043 1034 2072 proven-

316 2074 396 2104 tibus
417 2080 445 2105 et
470 2077 606 2115 expensis
626 2086 724 2106 coram
750 2077 952 2108 visitatoribus
969 2081 1034 2109 red-

318 2119 387 2148 dant
420 2120 574 2150 rationem.
596 2137 635 2142 —
658 2120 704 2150 13.
739 2121 867 2151 Alibates
902 2121 1034 2152 Cluniae.

317 2162 379 2192 loca
413 2164 526 2193 ordinis
564 2165 692 2194 visitent.
722 2182 761 2187 —-
790 2166 836 2194 v1-1.
874 2165 1035 2195 Beneficio-

318 2216 383 2236 rum
413 2208 528 2239 collatio
552 2214 637 2248 prout
660 2209 707 2239 hic
737 2210 898 2239 ordinetur.
923 2227 962 2232 ——-
988 2211 1035 2240 15.

318 2250 485 2289 lllegitimis
503 2255 651 2292 prioratus
674 2259 702 2283 et
725 2255 885 2284 decanatus
912 2264 946 2284 ne
966 2265 1036 2285 con-

321 2295 461 2326 serantur.
483 2314 522 2320 —
545 2298 590 2327 16.
609 2298 726 2328 Priores
746 2307 799 2327 cur
818 2299 982 2328 amovendi.
997 2317 1036 2321 —

323 2339 366 2368 17.
389 2340 488 2370 Abbas
512 2343 556 2371 vel
587 2343 667 2381 prior
684 2343 863 2371 criminosus
888 2348 937 2372 aut
955 2344 1034 2372 inl'a—

320 2383 376 2413 mis
396 2387 542 2423 quomodo
566 2391 594 2416 et
613 2396 664 2425 per
682 2396 757 2426 quos
777 2388 980 2426 deponendus.
998 2404 1037 2409 —

321 2427 367 2456 18.
385 2427 533 2460 lnstitutio
553 2431 683 2469 priorum
707 2431 946 2460 conventualium
964 2441 1037 2470 qua-

321 2471 388 2501 liter
410 2473 468 2503 tiat.
496 2491 536 2497 —·
566 2476 610 2504 ¹19.
641 2474 798 2504 pluralitas
822 2474 1035 2505 beneficiorum

322 2515 517 2548 interdicitur.
537 2536 576 2541 —
591 2519 638 2548 20.
661 2518 767 2548 Nullus
785 2519 842 2548 nisi
862 2519 1036 2549 Cluniaccn-

322 2565 364 2593 sis
387 2563 500 2593 ordinis
523 2563 682 2601 religiosus
702 2563 730 2592 in
759 2562 840 2593 Clun.
860 2564 961 2594 ordine
981 2564 1035 2593 bc-

317 2628 356 2663 (1)
368 2628 512 2655 Laudatam
530 2628 647 2663 Gregorii
667 2628 879 2656 reformationem
898 2629 982 2664 legere
999 2634 1038 2656 est

281 2669 307 2695 in
323 2669 428 2695 constit.
446 2676 533 2700 xxxv,
554 2672 618 2696 tom.
637 2676 676 2700 ιιι,
695 2676 754 2704 pag.
771 2669 832 2695 1⁸75.

1071 288 1102 309 iv
1131 289 1176 311 rr.
1722 283 1767 314 95

1105 342 1243 371 nesicinm
1262 342 1369 372 habere
1387 343 1482 373 debet.
1501 361 1539 366 —
1554 344 1648 374 21.1n
1666 354 1722 374 uno
1739 346 1819 384 prio-

1104 389 1167 414 ratu
1189 386 1294 415 unicus
1314 387 1477 416 monachus
1502 396 1621 417 manere
1646 398 1703 418 non
1722 389 1818 419 debet.

1103 446 1141 451 —
1154 428 1201 458 22.
1220 428 1350 458 Refectio
1370 431 1582 461 monachorum
1603 433 1639 462 sit
1653 433 1819 463 uniformis.

1104 489 1142 494 ——
1164 472 1213 502 23.
1232 472 1307 501 Esus
1331 475 1463 503 carnium
1493 475 1669 514 relinquitur
1697 477 1819 507 arbitrio

1104 517 1232 547 abbatis.
1262 534 1301 539 -—-
1326 518 1374 547 24.
1403 517 1526 548 llabitus
1547 521 1685 550 honestas
1710 523 1818 559 praeti-

1105 562 1193 591 nitur.
1221 578 1259 583 —-
1285 561 1332 590 25.
1361 561 1600 601 Equitaturarum
1630 566 1819 604 superfluitas

1105 607 1306 636 submovetur.
1322 623 1361 628 ——
1372 606 1420 636 26.
1436 606 1633 638 Contrahendi
1652 615 1679 639 et
1697 610 1819 639 rationis

1105 651 1273 680 reddendae
1304 660 1367 681 mos
1391 652 1557 682 mandatur.
1587 669 1626 675 —
1649 654 1697 683 27.
1724 653 1819 684 Poena

1107 695 1239 724 monacis
1273 695 1474 735 proprietariis
1507 696 1678 735 infligenda.
1707 714 1747 720 —
1773 698 1821 728 28.

1107 738 1279 768 Exactiones
1303 744 1331 769 et
1349 740 1531 769 extorsiones
1552 740 1694 770 vitandae.
1714 758 1753 763 —-
1774 741 1821 771 29.

1106 782 1183 813 Bona
1202 784 1332 813 vacantia
1352 793 1427 822 quae
1444 789 1471 813 et
1487 784 1615 824 qualiter
1632 795 1682 823 per
1700 785 1822 817 abbates

1109 828 1297 868 percipienda
1331 829 1398 858 sint.
1425 846 1464 851 —-
1492 829 1541 860 30.
1567 829 1672 859 Novitii
1698 835 1763 860 ante
1787 831 1824 860 15

1109 882 1217 902 annum
1242 882 1300 902 non
1322 873 1513 913 recipiantur.
1538 891 1578 895 —
1599 873 1647 904 31.
1667 874 1746 904 Iuste
1768 884 1822 913 ap-

1108 917 1222 955 pellans
1244 927 1303 947 non
1322 918 1525 948 molestandus
1543 923 1596 948 est.
1613 935 1651 941 -
1669 918 1716 948 32.
1739 918 1823 948 Levis

1108 961 1267 1000 appellatio
1297 962 1479 1000 prohibetur.
1507 979 1545 984 —
1568 962 1616 992 33.
1642 962 1771 1001 Regulae
1796 962 1824 993 S.

1108 1005 1258 1036 Benedicti
1277 1006 1461 1035 observantia
1487 1015 1544 1036 non
1565 1007 1823 1045 praetermittatur.

1107 1067 1146 1072 —
1167 1050 1214 1080 34.
1236 1050 1313 1080 Haec
1341 1050 1511 1080 rel'ormatio
1539 1050 1575 1080 ab
1600 1050 1738 1080 omnibus
1768 1051 1824 1080 ob-

1110 1100 1253 1125 servetur.

1069 1161 1192 1190 Nicotaus
1212 1162 1353 1197 episcopus
1372 1168 1468 1190 servus
1487 1167 1629 1190 servorum
1647 1161 1702 1194 Dei.
1716 1161 1827 1190 dilectis

1114 1209 1181 1238 filiis
1200 1210 1296 1238 abbati
1315 1210 1494 1242 Cluniacensi.
1514 1210 1626 1245 eiusque
1639 1210 1825 1243 coabbatibus.

1115 1259 1252 1294 prioribus
1276 1259 1306 1287 et
1341 1258 1516 1287 conventibus
1553 1259 1690 1288 universis
1717 1259 1827 1288 Cluuia-

1116 1309 1204 1336 censis
1219 1308 1332 1340 ordinis,
1353 1308 1474 1336 salutem
1496 1309 1524 1336 et
1548 1307 1729 1343 apostoticam
1746 1308 1825 1336 bono-

1116 1356 1273 1385 dictionem.

1122 1419 1220 1465 Regis
1257 1420 1377 1466 pacifici
1412 1420 1498 1467 pacis
1535 1432 1627 1466 opera
1664 1418 1826 1466 diligentis

1073 1478 1220 1515 gerentes
1247 1469 1331 1513 (licet
1358 1469 1517 1513 immeriti)
1547 1470 1630 1504 vices
1662 1469 1692 1503 in
1724 1469 1826 1510 terris,

1077 1519 1161 1565 pacis
1185 1519 1304 1553 bonum
1333 1527 1362 1553 et
1393 1517 1578 1553 concordiae
1607 1517 1728 1552 stabilis
1756 1519 1828 1552 uni-

1074 1576 1168 1603 tatem
1192 1568 1315 1603 cunctis
1338 1567 1617 1602 fideiortliodoxae
1638 1567 1827 1609 cultoribus,

1074 1618 1127 1652 sed
1157 1618 1317 1665 potissime
1344 1617 1497 1664 regularis
1518 1617 1734 1652 observantiae
1764 1617 1829 1652 vin-

1075 1667 1146 1702 culo
1169 1668 1316 1714 alligatis,
1340 1666 1533 1701 ferventibus
1552 1666 1630 1701 votis
1649 1667 1829 1714 appetimus

1075 1725 1106 1751 et
1132 1717 1264 1752 solicitis
1286 1716 1400 1751 studiis
1426 1728 1642 1763 procuramus⁷
1683 1724 1716 1750 ut
1747 1717 1829 1751 divi-

1077 1779 1186 1801 norum
1211 1767 1323 1807 cultui,
1346 1766 1398 1801 cui
1421 1766 1557 1801 salubris
1579 1765 1649 1800 illos
1671 1764 1828 1801 dedicavit

1077 1816 1221 1855 intentio,
1251 1816 1382 1850 liberius
1414 1823 1444 1850 et
1476 1816 1676 1850 commodius
1715 1815 1825 1849 immo-

1078 1873 1194 1900 rentur.
1222 1865 1436 1907 Quamobrem
1462 1864 1570 1912 vigiles
1598 1865 1772 1905 reddimur,
1799 1873 1829 1899 et

1078 1916 1268 1962 propensius
1301 1914 1496 1952 affectamus,
1526 1922 1559 1948 nt
1587 1913 1669 1948 inter
1697 1926 1751 1948 vos
1773 1913 1829 1948 di—

1079 1965 1157 1998 vinis
1204 1963 1367 2011 ohsequiis
1410 1963 1594 2010 regulariter
1635 1963 1801 2010 deputatos
1820 1991 1828 2003 .

1077 2013 1243 2060 tranquilla
1287 2026 1345 2060 pax
1381 2013 1501 2058 vigeat,
1542 2012 1676 2047 fraterna
1719 2013 1829 2047 caritas

1078 2062 1204 2104 ferveat,
1227 2063 1404 2097 animorum
1425 2062 1572 2096 identitas
1594 2069 1782 2109 perseveret.

1126 2116 1140 2154 ἕ
1167 2115 1196 2146 1.
1220 2112 1303 2147 Sane.
1327 2112 1426 2146 felicis
1454 2110 1680 2146 recordationis
1706 2109 1828 2157 Grego-

1078 2162 1143 2196 rius
1164 2162 1250 2209 Papa
1278 2161 1320 2195 lX
1344 2161 1568 2208 praedecessor
1590 2168 1705 2200 noster,
1727 2160 1765 2194 ad
1782 2172 1829 2194 ve-

1077 2219 1178 2245 strum
1207 2219 1236 2245 et
1259 2211 1439 2246 monasterii
1472 2210 1567 2244 vestri
1601 2217 1715 2243 statum
1752 2221 1825 2256 pro-

1077 2273 1204 2307 sperum
1231 2269 1260 2295 et
1291 2260 1496 2307 tranquillum
1533 2258 1710 2297 intendens.
1746 2270 1828 2292 nou-

1079 2310 1162 2344 nulla
1187 2323 1243 2356 pro
1271 2309 1492 2345 reformatione
1519 2308 1739 2343 Cluniacensis
1770 2319 1829 2341 or-

1078 2359 1160 2394 dinis
1183 2359 1285 2401 duxit‚
1308 2359 1382 2394 dum
1406 2357 1727 2399 viveret,auctoritate
1750 2368 1827 2403 apo-

1078 2409 1188 2443 stolica
1211 2408 1388 2452 statuenda,
1424 2419 1503 2455 quae
1538 2407 1678 2442 districte
1716 2418 1752 2440 ac
1779 2406 1830 2440 in-

1079 2458 1268 2493 violabiliter
1293 2458 1450 2494 observari
1475 2456 1634 2504 praecepit
1656 2455 1685 2489 in
1718 2455 1828 2490 ordine

1079 2508 1271 2555 supradicto.

1129 2559 1195 2601 §2
1218 2557 1283 2591 Nos
1305 2564 1408 2591 autem
1442 2554 1628 2602 diligentius
1662 2553 1830 2589 attenden-

1836 291 1885 317 An.
1904 291 1932 316 C.
1949 290 2017 317 ¹289

1855 2137 1951 2164 Gregorii
1986 2137 2013 2158 lX

1869 2171 1999 2190 constitutio.

1848 2575 1967 2598 nectareum
1976 2578 2030 2597 elus-

1081 2615 1138 2650 tes,
1161 2606 1244 2653 quod
1273 2605 1451 2652 aliquorum
1475 2616 1511 2639 ex
1552 2604 1677 2638 statutis
1717 2602 1830 2638 liuius·
1845 2608 1901 2629 ¹⁶¹1]-

1081 2656 1178 2699 modi‚
1202 2668 1281 2701 quae
1305 2655 1394 2689 nobis
1413 2667 1474 2689 non
1498 2653 1658 2688 modicum
1694 2651 1830 2687 difficilia
