2274 3265
112 266 152 291 Αιι
182 266 212 291 C.
232 266 298 292 1555

124 1260 164 1282 Pro
179 1264 297 1282 testamen-

112 1293 146 1312 tis.

129 1904 169 1925 Pro
185 1906 301 1932 scriptione

0 1911 1 1964 l
116 1937 137 1955 in
155 1936 282 1962 protocollo.

130 2096 171 2117 Pro
190 2096 302 2117 abbrevia-

118 2131 170 2148 turav

127 2585 213 2606 Executi
209 2591 227 2606 ιο
240 2586 301 2606 tutinus

119 2618 277 2637 constitutionis

4 2698 7 2706 t

918 263 1129 286 tNNOCENTtUs
1152 263 1183 285 Vl
1209 263 1253 284 ΙΨ.

314 318 423 353 decem
448 318 599 352 inclusive
628 318 655 352 iu
681 318 793 357 tribus,
816 325 940 364 etquai
961 318 1067 372 plures

314 380 414 414 usque
450 368 488 402 ad
518 368 643 413 triginta
673 368 815 402 similiter
855 367 1008 401 inclusive
1037 380 1065 400 ιιι

312 426 458 463 quatuor
503 429 585 464 (11130
614 426 718 451 'tt’tltnl
755 417 860 463 plures
897 429 996 463 11311119
1028 416 1065 450 {Nl

311 466 540 512 quinquaginta
578 467 670 500 etiam
709 467 861 500 inclusin
886 467 914 499 ιιι
947 478 1014 505 sex
1037 474 1065 499 et

311 527 392 561 quae
428 516 534 562 plures
569 528 668 562 usquc
694 515 733 550 ad
763 516 920 561 octogiuta
958 515 1066 549 uncias

311 565 457 599 similiter
472 565 624 599 inclusive
643 565 671 598 in
689 574 769 604 octo,
786 576 864 611 quae
881 564 957 598 ultra
968 576 1066 611 quan-

313 623 518 660 truncumque
548 613 713 654 valuerint,
730 615 759 648 in
776 614 902 654 decem3
927 626 982 660 pro
1011 614 1065 647 in-

311 663 497 697 strumentis
519 675 592 697 vero
621 663 795 706 locationis,
823 663 1064 709 procurationis,

312 712 508 757 quitationis,
540 712 787 757 protestationis,
815 712 980 746 taxationis
1006 711 1064 746 ali-

312 770 504 804 mentorum,
531 761 679 800 dationis,
708 761 937 801 transactionis,
957 761 1003 795 vel
1035 762 1063 794 in

312 810 461 848 solutum,
483 817 535 844 aut
560 810 674 843 tutelae
697 810 743 843 vel
768 809 951 844 mundualdi
969 810 1065 844 datio-

312 860 362 892 nis
384 871 420 893 ac
442 859 585 892 omnium
608 858 742 893 aliorum
767 867 983 893 contractuum
1004 860 1065 893 mi-

311 916 462 942 nutorum
487 908 515 941 in
533 915 670 954 quatuor
692 908 846 942 carolenis
861 909 979 954 argenti
999 908 1060 943 sol-

312 956 420 991 vendis
447 956 567 991 eisdem
598 958 737 1000 notariis,
769 969 822 1004 per
849 968 903 991 eos
930 970 1063 1004 quorum

311 1006 427 1040 fuerint
455 1006 679 1040 instrumenta:
709 1006 857 1040 salarium
887 1018 959 1041 vero
987 1006 1065 1041 iudi-

310 1067 381 1089 cum
411 1067 466 1102 pro
490 1055 577 1089 tertia
602 1063 688 1100 parte
713 1055 816 1089 minus
837 1067 931 1101 quam
954 1056 992 1090 sit
1015 1068 1065 1089 sa-

310 1104 424 1139 larium
454 1104 647 1138 notariorum
684 1116 738 1139 seu
763 1103 967 1139 tabellionum
993 1116 1065 1137 esse

313 1155 457 1188 volumus
484 1153 730 1200 praedictorum.

360 1203 380 1249 S
403 1206 435 1236 4.
461 1202 521 1236 Pro
543 1202 655 1237 salario
673 1214 744 1236 vero
767 1202 1064 1241 instrumentorum,

312 1264 392 1299 quae
419 1250 532 1286 confici
557 1251 724 1297 contigerit
751 1250 789 1285 de
812 1252 1007 1286 testamentis
1034 1259 1064 1284 et

312 1300 434 1335 ultimis
449 1300 664 1336 voluntatibus
676 1299 816 1334 fidelium
830 1300 1064 1339 defunctorum,

312 1350 451 1384 solvatur
483 1358 546 1384 tam
582 1349 710 1384 notariis
743 1360 797 1383 seu
828 1348 1064 1388 tabellionibuS,

311 1411 406 1446 quam
431 1398 588 1432 iudicibus
606 1399 684 1444 ipsis
700 1410 754 1445 pro
777 1399 865 1432 tertia
882 1407 979 1445 parte,
996 1398 1065 1444 plus

311 1460 406 1494 (liram
430 1447 569 1482 solvatur
590 1448 635 1482 eis
658 1460 714 1494 pro
739 1448 959 1482 instrumentis
985 1447 1064 1481 alio-

313 1510 381 1531 rum
404 1505 623 1532 contractuum
647 1509 936 1544 quorumcumque,
960 1496 1064 1530 habito

312 1555 415 1581 tamen
433 1554 574 1592 respectu
591 1545 627 1580 ad
644 1547 779 1580 valorem
801 1547 970 1586 bonorum,
984 1557 1065 1592 quae

313 1597 342 1630 in
384 1596 602 1630 instrumentis
641 1602 902 1630 testamentorum
951 1595 1062 1630 fuerint

312 1645 551 1692 comprehensa
579 1645 659 1679 sicut
687 1644 726 1679 de
753 1645 822 1680 aliis
849 1645 1066 1679 instrumentis

312 1694 458 1741 superius
472 1703 517 1729 est
539 1706 735 1742 expressum:
757 1707 826 1729 nam
845 1694 1066 1729 cumsintma-

315 1756 389 1778 ioris
404 1743 522 1779 laboris
561 1751 590 1777 et
625 1743 731 1784 taedii
766 1752 891 1791 oportet
917 1756 987 1778 esse
1016 1743 1064 1777 illa

315 1792 471 1828 mercedis
498 1792 590 1827 etiam
617 1792 790 1840 amplioris.

362 1842 382 1888 S
413 1846 445 1876 5.
475 1841 535 1876 Pro
568 1841 639 1876 aliis
667 1854 739 1876 vero
774 1842 950 1888 scripturis,
985 1853 1067 1888 quae

315 1902 378 1925 non
406 1898 479 1925 sunt
508 1890 729 1930 instrumenta,
761 1891 924 1925 solvantur
944 1890 1065 1925 eisdem

317 1939 446 1974 notariis
480 1950 535 1973 seu
560 1939 782 1974 tabellionibus
808 1951 917 1974 eorum
944 1939 1066 1983 salaria,

317 1989 399 2023 sicut
426 1996 660 2022 consueverunt
682 1988 834 2023 hactenus
861 1988 905 2022 eis
927 1988 1016 2022 solvi.

364 2037 384 2084 S
412 2038 444 2070 6.
474 2036 535 2072 Pro
569 2037 786 2072 abbreviatnra
819 2048 946 2084 quoque
972 2049 1065 2084 quam

317 2086 382 2132 ipse
404 2086 487 2120 idem
512 2086 651 2121 notarius
670 2086 698 2120 in
730 2098 787 2121 sno
821 2085 993 2133 protocollo
1010 2098 1067 2120 no-

316 2135 401 2174 tarit,
437 2146 535 2169 unum
564 2142 699 2179 tantum,
727 2144 756 2170 et
776 2147 831 2182 pro
861 2134 945 2169 illius
971 2147 1066 2182 quam

315 2193 495 2219 antecessor
509 2196 587 2219 suus
609 2192 769 2219 notaverat
788 2185 969 2219 inventione
988 2183 1068 2218 duos

316 2234 480 2269 carolenos
514 2234 633 2279 argenti
670 2234 817 2268 volumus
850 2233 1010 2279 quaerenti
1038 2241 1068 2267 et

318 2282 489 2318 invenienti
518 2295 586 2317 eam
616 2283 737 2318 notario
758 2283 912 2318 exbiberi.

364 2332 384 2379 g
407 2334 439 2365 7.
467 2330 529 2366 Pro
550 2332 703 2378 scriptura
726 2333 832 2373 etiam,
854 2343 934 2378 quae
953 2330 1068 2366 abbre-

316 2382 433 2416 viatnra
455 2380 582 2425 dicitur,
602 2389 663 2416 tam
693 2382 786 2416 iudex
809 2393 903 2428 quam
929 2381 1068 2415 notarius

315 2431 380 2465 sive
398 2429 526 2466 tabellio
541 2442 605 2465 uno
627 2430 774 2466 caroleno
793 2430 911 2476 argenti
927 2437 1067 2465 tantum-

316 2480 409 2514 modo
434 2479 495 2513 sint
522 2480 673 2514 contenti.

363 2529 384 2575 g
411 2530 443 2562 8.
479 2527 689 2564 Decernimus
724 2529 819 2575 igitur
849 2536 880 2563 et
910 2528 1067 2569 iubemus,

316 2587 349 2613 ut
377 2577 499 2612 indices
520 2586 550 2612 et
574 2579 682 2613 notarii
710 2590 765 2612 seu
796 2576 980 2612 tabelliones
1009 2578 1067 2625 ipsi

315 2627 446 2662 civitatis
473 2626 615 2662 eiusdem
648 2635 830 2674 praesentes
855 2635 885 2661 et
913 2627 1008 2662 futuri
1038 2628 1067 2661 in

394 2683 469 2716 Ball.
492 2683 568 2715 Rom
593 2683 647 2713 Vol
671 2683 716 2714 IV.
886 2683 924 2713 65

1740 257 1809 287 sir.

1108 330 1217 351 eorum
1241 318 1360 352 silai-iis
1382 320 1426 353 si«
1446 319 1623 354 huiusmodi
1648 320 1859 355 taxationibus

1107 376 1339 404 contemnatur
1366 376 1397 402 ut
1423 369 1497 403 ιιΙιιι
1523 369 1589 403 illas
1617 370 1732 416 aliquid
1754 377 1858 417 petere

1110 416 1153 449 ivl
1182 418 1306 463 exigere
1334 418 1372 451 d«
1395 428 1518 453 cac-tero
1541 431 1600 452 non
1639 428 1855 466 praesumant:

1107 478 1141 499 at.
1169 466 1364 506 ordinamus
1388 469 1470 514 quod
1496 469 1605 502 not-nii
1629 481 1682 503 seu
1712 469 1858 504 tabellio-

1108 528 1162 548 nes
1197 516 1274 550 iufra
1311 518 1492 563 quindecim
1521 518 1599 554 dies,
1629 519 1749 553 iudices
1786 530 1858 553 vero

1108 565 1183 599 infra
1212 574 1347 612 quatuor
1374 567 1441 600 dies
1468 567 1504 600 ad
1534 567 1663 607 tardius7
1692 576 1857 614 postquam

1108 615 1135 648 iu
1160 617 1205 649 eis
1221 616 1396 650 secundnm
1418 617 1592 650 taxationes
1608 626 1729 650 nostras
1749 617 1859 651 liuius-

1108 665 1189 698 modi
1228 664 1319 698 suerit
1356 665 1395 699 do.
1438 667 1576 712 ipsorum
1609 666 1727 700 salariis
1754 665 1859 699 debite

1106 714 1313 753 satisfactum,
1343 714 1472 748 reddant
1507 716 1661 761 completa
1690 723 1719 749 et
1748 723 1857 750 testata

1108 764 1312 798 instrumenta
1340 765 1397 802 eis,
1425 777 1560 811 qum-um
1590 764 1701 798 fuerint
1731 773 1859 798 contra-

1106 822 1188 853 etus,
1225 814 1282 847 nisi
1321 813 1438 848 fuerint
1471 814 1599 848 forsitan
1630 813 1858 860 impedimento

1107 862 1246 907 legitimo
1279 863 1462 910 praepediti.

1168 910 1251 945 Nulli
1287 923 1361 958 ergo
1400 912 1530 946 omnino
1565 910 1730 946 bominum
1767 912 1857 945 liceat

1107 959 1186 995 lianc
1218 962 1363 1007 paginam
1388 971 1511 996 nostrae
1549 960 1784 995 constitutionis
1808 961 1858 994 in-

1106 1009 1242 1055 fringere
1269 1018 1321 1043 etc.

1157 1058 1269 1093 Datum
1293 1059 1457 1093 Avenione
1485 1068 1593 1093 octavo
1616 1059 1687 1093 idus
1702 1058 1860 1104 februarii,

1108 1108 1309 1154 pontificatus
1332 1109 1428 1143 nostri
1452 1120 1533 1142 anno
1562 1111 1665 1143 tertio.

1149 1173 1208 1203 Dat.
1224 1174 1270 1203 die
1286 1175 1304 1203 ὃ
1320 1174 1463 1203 februarii
1481 1174 1567 1209 1355,
1584 1178 1663 1212 pont.
1680 1183 1757 1202 auno
1775 1182 1816 1203 ιιι.

1438 1330 1521 1364 Vttl.

1108 1402 1257 1436 Emensio
1290 1402 1514 1436 constitutionis
1550 1409 1657 1436 contra
1684 1409 1864 1446 occupamus

1156 1453 1227 1485 iura
1249 1459 1275 1485 ec
1297 1453 1377 1485 bona
1417 1453 1453 1485 S.
1485 1453 1521 1485 R.
1553 1452 1591 1485 E.
1628 1453 1670 1485 ad
1708 1453 1864 1485 invasores

1156 1510 1320 1540 terrarum,
1348 1503 1494 1539 locorum,
1517 1502 1692 1546 *furiamque
1712 1512 1864 1548 quorum-

1155 1563 1280 1595 cumque
1306 1552 1457 1584 Ecclesiae
1479 1552 1698 1584 Avem‘onenst's
1720 1553 1774 1594 (l).

1376 1628 1591 1659 summatum

1107 1694 1275 1725 Exordium.
1297 1712 1335 1717 —
1363 1695 1443 1724 Facti
1467 1696 1570 1725 series.
1593 1711 1630 1716 —
1654 1694 1789 1724 Extensio
1819 1696 1865 1733 (de

1147 1752 1198 1779 qua
1217 1741 1244 1769 ιιι
1267 1741 1401 1778 rubrica).
1424 1756 1462 1761 -—
1479 1739 1646 1769 Clausulae.

1130 1816 1300 1845 Innocentius
1330 1816 1472 1851 episcopus
1492 1822 1588 1844 servus
1616 1822 1756 1845 servorum
1785 1816 1840 1849 Det.

1244 1866 1277 1893 ad
1307 1866 1470 1901 perpetuam
1499 1865 1541 1893 rei
1560 1865 1728 1894 memoriam.

1158 1935 1257 1980 Licet,
1280 1936 1468 1983 disponente
1486 1935 1634 1975 Domino.
1651 1936 1862 1971 Ecclesiarum

1108 1986 1248 2020 omnium
1277 1998 1351 2020 cura
1376 1985 1465 2019 nobis
1501 1986 1663 2020 immineat
1697 1985 1864 2031 generalis,

1108 2035 1146 2068 de
1169 2034 1329 2069 Ecclesiae
1351 2043 1455 2069 tamen
1485 2035 1682 2069 Arenionen.
1706 2043 1787 2070 statu
1816 2035 1864 2067 di-

1109 2084 1241 2129 rigendo
1262 2092 1293 2118 et
1314 2084 1530 2118 conservando
1557 2084 1687 2118 feliciter
1713 2095 1750 2118 eo
1774 2083 1865 2118 nobis

1109 2142 1155 2167 est
1178 2133 1345 2168 solicitudo
1369 2133 1567 2180 propensior,
1589 2145 1652 2179 quo
1688 2134 1786 2180 ipsius
1808 2133 1864 2166 ad-

1110 2182 1369 2218 ministrationem
1395 2182 1424 2216 in
1448 2182 1669 2229 spiritualibus
1688 2191 1717 2217 et
1741 2191 1865 2228 tempo-

1109 2231 1227 2266 ralibus
1254 2231 1354 2266 Sedes
1387 2231 1570 2278 Apostolica
1601 2231 1658 2265 sibi
1696 2243 1798 2278 usque
1825 2231 1862 2265 ad

1109 2281 1177 2315 eius
1200 2280 1431 2327 beneplacitum
1457 2281 1634 2316 reservavit.

1157 2330 1239 2364 Cum
1260 2331 1376 2377 itaque,
1400 2330 1517 2365 mundo
1534 2330 1563 2363 in
1582 2329 1720 2376 maligno
1749 2330 1863 2376 posito,

1109 2379 1265 2419 nonnulli,
1288 2393 1303 2414 a
1326 2392 1460 2425 quorum
1484 2380 1585 2415 oculis
1611 2379 1669 2414 Dei
1692 2380 1785 2414 timor
1806 2378 1865 2414 ab-

1109 2430 1232 2474 scessit,
1261 2429 1297 2463 ad
1337 2428 1498 2463 Ecclesiae
1541 2428 1696 2475 praefatae
1723 2428 1803 2463 bona
1835 2437 1864 2463 et

1110 2480 1176 2514 iura
1200 2479 1395 2526 occupanda,
1435 2478 1517 2513 sicut
1541 2477 1634 2512 habet
1668 2477 1730 2512 fide
1756 2478 1865 2524 digno-

1110 2541 1179 2562 rum
1203 2529 1347 2572 assertio,
1373 2528 1529 2574 cogitatus
1547 2528 1759 2571 erexerint,et
1775 2539 1865 2561 occu-

1110 2579 1245 2624 patrices
1272 2589 1386 2612 manus
1407 2577 1578 2612 extendere
1601 2578 1789 2618 moliantur;
1809 2588 1866 2611 nos

1144 2644 1183 2679 (t)
1203 2643 1241 2671 Ex
1258 2643 1363 2678 Regest.
1386 2643 1410 2669 in
1429 2643 1538 2670 Archiv.
1557 2642 1641 2671 Vatic.

1875 264 1923 290 An.
1940 265 1957 290 C
1990 264 2056 291 «555

1907 916 2017 936 Claunuln

1912 1945 2031 1966 Exordium.

1891 2335 1948 2357 Facti
1964 2337 2039 2357 series.
