2274 3265
194 287 242 313 Αῐι.
258 285 285 311 C.
308 285 374 311 two

206 782 234 802 De
251 782 314 800 variis
324 786 375 799 cau-

193 818 261 832 sarum
303 811 375 831 mude-

193 843 263 862 randis
295 848 375 867 expcn-

194 875 228 893 sis.

439 272 509 305 632

975 278 1161 300 BULLMttUM
1185 275 1346 299 ROMANUM

391 335 593 372 absolutionis
610 333 655 367 vel
671 332 872 379 quietatiouis
888 331 1006 366 delerat
1023 333 1139 365 instru—
1183 330 1257 375 priis
1293 327 1486 373 imponendo
1502 355 1509 368 ,
1536 339 1617 373 quac
1645 327 1773 374 quidem
1800 328 1932 363 ulterius

391 392 543 421 mentum,
577 389 606 416 et
635 381 711 416 illud
748 381 889 427 recipcre.
931 389 1041 415 renuat
1079 380 1137 413 nisi

391 435 476 481 prius
490 444 562 467 suas
577 430 721 465 exhibeat
736 429 938 476 exceptiones
953 429 982 463 in
999 429 1138 474 scriptis,

389 492 419 518 et
447 481 585 516 notarius
608 492 662 526 pro
689 478 869 513 huiusmodi
899 478 1138 524 exceptionibus

389 540 418 566 et
466 530 665 564 instrumenti
715 527 938 574 regestrationc
987 526 1137 572 praedicti

389 581 528 627 quinque
564 577 610 612 vel
638 586 773 625 quatuor
807 576 925 610 solidos
965 576 1060 620 exigit
1100 574 1139 608 ab

390 629 513 671 eodem,
543 627 618 662 alias
654 628 754 674 ipsum
784 624 999 672 multipliciter
1021 635 1139 669 aggra-

391 677 512 718 vando;
534 676 648 724 quibus
670 675 795 723 quidem
813 673 1029 709 exactionibus
1043 673 1136 707 [inem

391 727 514 774 penitus
538 725 655 772 imponi
680 724 890 772 praecipimus
912 729 941 757 ct
960 722 999 756 ab
1013 723 1059 756 eis
1074 734 1138 756 om-

392 775 518 811 nimode
539 774 699 809 abstineri.
728 773 761 808 Si
794 780 898 807 autem
930 780 1033 806 rector
1065 783 1138 817 pro-

392 826 510 860 vinciae
532 824 680 859 adversus
694 823 828 870 aliquem
848 833 903 868 per
922 820 1137 867 inquisitionis

391 875 436 908 vel
469 872 723 908 denunciationis
759 871 837 906 viam
862 871 1020 917 procedat,
1043 877 1073 904 et
1101 869 1137 913 is,

389 931 495 957 contra
514 934 606 969 quem
631 932 797 968 processus
825 919 980 965 dirigitur,
1004 919 1033 953 in
1057 931 1138 965 qua-

389 984 524 1018 cumque
540 978 624 1017 parte
635 969 752 1009 iudicii,
766 970 900 1015 aliquam
919 968 1135 1015 exceptionem

389 1028 537 1067 opponat,
560 1031 627 1054 eam
652 1019 751 1066 ipsius
767 1018 896 1052 rectoris
915 1017 1008 1051 iudex
1023 1017 1137 1051 admit-

389 1079 453 1103 tere
475 1076 597 1113 renuat,
617 1068 675 1102 nisi
691 1068 767 1102 iusta
785 1067 926 1101 videatur
944 1066 1065 1101 eidem:
1082 1066 1135 1100 sed

389 1120 413 1152 si
437 1118 514 1152 l'orte
537 1117 743 1165 perpenderet
777 1116 860 1164 quod
897 1116 966 1150 talis
996 1127 1050 1162 per
1076 1127 1137 1149 ex-

389 1168 565 1214 ceptionem
591 1166 639 1201 vel
656 1166 875 1211 allegationem
892 1164 1074 1199 huiusmodi
1097 1164 1136 1199 fo-

389 1225 433 1251 ret
460 1215 684 1255 absolvendus,
707 1215 746 1250 de
783 1217 850 1250 iure
880 1214 1046 1261 pecuniam
1080 1225 1137 1260 pro

388 1265 520 1300 consilio
554 1265 650 1312 exigit
689 1264 728 1298 ab
769 1265 893 1308 eodem,
915 1272 944 1298 et
980 1264 1135 1298 intantum

388 1314 566 1349 exhibendo
602 1314 736 1349 consilio
780 1314 885 1361 ipsum
926 1320 1049 1359 gravat,
1086 1314 1137 1348 in—

388 1372 538 1412 quantum
566 1364 711 1398 existeret
734 1362 1009 1406 condemnandus,
1028 1363 1137 1410 sicque

389 1413 663 1448 condemnationis
694 1419 811 1459 partem
845 1412 882 1447 ad
917 1412 965 1445 sni
995 1424 1138 1446 commo-

389 1464 463 1497 dum
483 1461 543 1497 sub
565 1462 745 1496 huiusmodi
778 1462 933 1496 velamine
956 1461 1065 1508 recipit
1086 1473 1139 1495 no-

389 1513 498 1555 iarius,
518 1519 546 1546 et
570 1512 660 1546 etiam
682 1510 829 1546 salarium
857 1511 953 1557 exigit
975 1523 1030 1558 pro
1053 1511 1137 1544 scri—

391 1570 497 1609 ptura,
528 1572 622 1608 super
660 1560 777 1607 quibus
813 1560 898 1594 illius
932 1560 1138 1594 correctionis

389 1619 418 1644 et
441 1609 670 1645 emendationis
684 1609 856 1644 remedium
872 1621 927 1656 per
941 1609 1136 1656 prudentiam

392 1660 517 1694 rectoris
552 1659 698 1693 volumus
739 1659 903 1699 adbiberi,
940 1666 972 1693 ut
1009 1658 1139 1693 ulterius

391 1721 451 1743 non
468 1709 637 1754 contingat.
655 1708 736 1743 Cum
766 1720 838 1743 vero
861 1708 1017 1755 praefatus
1037 1716 1139 1742 rector

390 1767 495 1793 contra
531 1758 766 1792 universitatem
795 1758 840 1791 vel
868 1757 1004 1804 aliquem
1028 1757 1066 1792 ad
1096 1758 1139 1792 in-

390 1807 591 1854 quisitionem
617 1807 775 1854 procedit,
816 1806 1016 1841 effraenatam
1054 1807 1139 1841 mul-

392 1856 557 1890 titudinem
581 1857 706 1891 testium
737 1856 866 1903 recipit,
890 1863 919 1890 et
941 1857 1137 1891 universita—

392 1915 452 1940 tem
469 1906 565 1953 ipsam
579 1906 626 1940 vel
642 1918 713 1940 eum
729 1913 836 1940 contra
850 1917 943 1952 quem
960 1906 1138 1952 inquiritur,

392 1955 429 1989 ad
452 1954 636 1989 solvendum
659 1963 722 1989 tres
744 1962 796 1989 aut
821 1955 928 2001 plures
950 1955 1067 1989 solidos
1083 1968 1139 2002 pro

393 2003 530 2050 quolibet
564 2005 690 2038 testium
723 2004 953 2051 praedictorum
991 2017 1046 2051 pro
1084 2017 1137 2039 sua

395 2052 551 2087 voluntate
578 2053 750 2100 compellit,
772 2053 856 2100 quod
881 2054 1010 2088 omnino
1025 2054 1137 2100 corrigi

394 2102 551 2135 volumus:
575 2103 650 2136 dum
680 2114 752 2136 vero
775 2115 836 2136 non
860 2111 970 2149 agatur
999 2103 1028 2136 in
1052 2103 1139 2137 frau—

393 2151 477 2191 dem,
504 2152 586 2197 cogit
607 2152 699 2185 etiam
729 2151 811 2185 idem
844 2160 944 2186 rector
980 2152 1140 2198 litigantes

394 2213 447 2233 sua
472 2212 526 2246 per
558 2200 726 2235 advocatos
753 2201 819 2235 iura
854 2213 1055 2248 proponere,
1083 2214 1139 2235 uec

394 2249 482 2282 aliter
505 2250 590 2296 ipsos
611 2250 710 2291 audit,
737 2258 766 2283 et
794 2250 819 2284 si
849 2250 926 2284 sorte
949 2260 1055 2285 contra
1071 2263 1138 2284 eam

394 2299 602 2345 contingeret,
619 2299 821 2346 compellitur
839 2299 975 2345 litigator
1000 2312 1061 2334 non
1088 2313 1141 2334 so-

396 2347 459 2381 lum
477 2360 546 2389 suo,
562 2348 617 2382 sed
638 2348 730 2382 ctiam
755 2349 853 2395 ipsius
876 2348 992 2384 Curiae
1014 2350 1141 2384 nomine,

396 2397 570 2431 satisfacere
585 2397 753 2432 advocatis.
771 2398 921 2444 Idemque
937 2406 1038 2433 rector
1053 2399 1141 2432 indif-

397 2445 528 2480 ferenter
550 2447 697 2480 exhibere
726 2460 785 2480 non
809 2447 925 2481 desinit
954 2460 1009 2494 pro
1036 2448 1142 2493 quoli—

398 2494 447 2527 bet
482 2496 595 2529 delicto
630 2496 776 2535 citatum,
811 2505 838 2529 et
877 2497 904 2529 iu
942 2498 1011 2530 eius
1045 2497 1141 2530 Curia

398 2556 523 2578 manere
550 2545 754 2590 constringit,
784 2546 916 2591 receptis
944 2546 1036 2579 etiam
1067 2545 1143 2578 lide-

399 2592 570 2626 iussoribus
601 2593 640 2626 ab
672 2594 793 2628 eodem.
829 2594 1044 2628 Nihilominus
1083 2594 1141 2627 sibi

399 2642 569 2675 custodiam
610 2643 673 2675 sive
701 2655 856 2677 carcerem
877 2643 1056 2688 sumptibus
1072 2655 1144 2689 pro-

1183 378 1248 412 lieri
1277 377 1505 424 probibemus,
1538 377 1597 410 nisi
1629 375 1699 410 facti
1728 375 1861 422 qualitas
1885 377 1930 412 vel

1181 438 1273 461 casus
1288 426 1460 460 enormitas
1482 425 1564 458 aliud
1588 425 1722 459 suaserit
1741 425 1929 460 laciendum.

1180 475 1451 509 Constitutionem
1475 481 1579 508 autem
1606 486 1660 521 per
1684 483 1836 508 rectorem
1858 487 1931 521 pro-

1181 525 1301 558 vinciae
1317 523 1446 563 editam,
1464 535 1519 570 per
1535 535 1628 569 quam
1654 522 1756 557 minor
1778 531 1931 569 quatuor-

1180 572 1283 607 decim
1312 572 1404 607 annis
1431 584 1528 619 super
1555 573 1667 618 quovis
1691 572 1805 606 delicto
1829 572 1859 606 in
1883 581 1932 606 te—

1180 630 1259 656 stem
1289 622 1458 668 recipitur,
1493 633 1675 665 cassamus,
1711 633 1880 656 vacuamus
1902 630 1931 655 et

1181 671 1307 717 penitus
1329 670 1540 705 annullamus.
1564 671 1669 716 Super
1695 671 1933 716 gravaminibus

1181 732 1264 758 vcro,
1293 732 1375 766 quae
1398 720 1581 754 bominibus
1603 720 1641 753 de
1665 720 1823 754 montanis
1845 721 1933 754 eius-

1179 769 1250 803 ‹lcm
1275 769 1456 816 provinciae
1470 781 1485 803 a
1501 769 1632 804 rectoris
1650 769 1773 803 vicariis
1796 780 1850 816 per
1876 781 1934 803 no-

1180 830 1232 852 vas
1248 818 1480 865 inquisitiones,
1503 831 1581 865 quas
1596 818 1634 852 de
1654 818 1792 864 antiquis
1805 826 1833 852 et
1852 818 1933 852 lictis

1179 867 1363 901 excessibus
1388 867 1516 911 faciunt,
1539 876 1568 902 et
1597 867 1673 902 alias
1700 868 1794 901 etiam
1825 867 1934 901 multi-

1181 916 1303 963 pliciter
1319 917 1473 957 inserunt,
1489 916 1590 951 taliter
1605 928 1660 963 per
1681 917 1816 950 eundem
1837 925 1934 951 recto-

1181 978 1244 999 rem
1281 966 1429 1000 volumus
1455 974 1484 1000 et
1513 966 1724 1012 praecipimus
1753 966 1933 1013 provideri,

1180 1023 1225 1054 ut,
1242 1023 1271 1049 et
1295 1015 1345 1050 illa
1370 1016 1464 1049 linem
1498 1015 1678 1062 recipiant,
1706 1023 1736 1049 et
1771 1014 1933 1049 Ecclesiae

1179 1064 1342 1099 Romanae
1371 1064 1530 1104 subiecti,
1563 1065 1600 1099 ad
1632 1076 1767 1111 quorum
1793 1064 1932 1111 quietem

1180 1113 1391 1153 intendimus,
1419 1113 1568 1148 indebitis
1611 1114 1830 1147 vexationibus
1872 1125 1933 1147 non

1179 1162 1357 1198 turbentur.
1374 1162 1552 1197 Baronibus
1570 1170 1674 1197 autem
1698 1162 1891 1210 Campaniae
1904 1170 1935 1196 et

1179 1212 1355 1247 Maritimae
1379 1212 1608 1259 praedictarum
1626 1219 1778 1246 eteorum
1796 1211 1936 1246 vassallis

1180 1262 1257 1302 iura,
1276 1261 1509 1296 iurisdictiones
1531 1269 1561 1296 et
1584 1261 1833 1295 consuetudines
1855 1261 1935 1307 ipso-

1181 1323 1248 1345 rum
1265 1311 1372 1345 tamin
1397 1311 1543 1345 civilibus
1556 1323 1650 1358 quam
1670 1311 1700 1344 in
1715 1310 1934 1345 criminalibus

1179 1360 1302 1395 auferre
1318 1372 1516 1408 nequaquam
1535 1360 1742 1403 intendimus⁷
1758 1359 1812 1394 sed
1829 1359 1934 1406 potius

1179 1409 1236 1443 sibi
1265 1422 1298 1443 ea
1324 1410 1427 1444 illaesa
1456 1418 1486 1443 et
1510 1410 1628 1455 integra
1652 1421 1848 1443 conservare.
1870 1409 1934 1443 Nos

1180 1459 1283 1506 itaque
1305 1459 1343 1493 ad
1379 1467 1494 1493 statum
1527 1459 1645 1494 bonum
1683 1466 1712 1492 et
1747 1470 1933 1505 prosperum

1179 1508 1321 1543 eiusdem
1365 1509 1544 1555 provinciae
1580 1507 1780 1554 vigilantibus
1820 1507 1935 1542 studiis

1181 1557 1392 1597 intendentes,
1408 1567 1437 1592 et
1452 1558 1630 1604 cupientes,
1647 1565 1679 1591 ut
1702 1557 1731 1590 in
1746 1557 1795 1591 illa
1821 1569 1879 1604 pax
1893 1557 1936 1590 vi-

1179 1616 1262 1653 geat,
1278 1615 1385 1653 regnet
1402 1607 1584 1648 concordia,
1601 1607 1716 1641 iustitia
1738 1606 1934 1646 observetur,

1181 1656 1352 1703 praemissa
1378 1657 1482 1691 omnia
1508 1669 1563 1703 per
1589 1668 1646 1690 nos
1674 1656 1752 1690 sacta
1778 1655 1933 1703 prohibita

1180 1715 1209 1740 ct
1231 1713 1343 1740 statuta
1371 1706 1416 1740 sic
1439 1706 1468 1740 in
1494 1714 1680 1753 perpetuum
1709 1705 1864 1740 custodiri
1887 1717 1937 1740 vo-

1181 1755 1288 1790 lumus
1306 1763 1336 1790 et
1358 1755 1487 1797 servari,
1508 1763 1541 1790 ut
1563 1763 1671 1790 contra
1694 1766 1728 1788 ea
1753 1755 1799 1789 vel
1822 1766 1933 1789 eorum

1179 1805 1307 1852 aliquod
1331 1806 1468 1840 scienter
1491 1813 1609 1839 temere
1632 1804 1795 1838 venientes
1809 1816 1936 1839 excom-

1181 1854 1406 1889 municationis
1430 1855 1619 1889 sententiam
1639 1882 1646 1894 ,
1669 1865 1764 1901 quam
1790 1866 1875 1888 nunc
1904 1854 1934 1887 iu

1181 1904 1267 1951 ipsos
1280 1904 1468 1938 auctoritate
1483 1903 1656 1951 apostolica
1682 1903 1935 1949 promulgamus,

1182 1955 1353 1992 incurrant,
1368 1953 1422 2000 qui
1443 1965 1503 1988 non
1527 1954 1585 1987 nisi
1604 1965 1658 2000 per
1670 1952 1838 1987 Summum
1856 1952 1938 1986 Pon-

1181 2002 1296 2036 tilicem
1311 2004 1431 2049 possint
1453 2002 1664 2037 absolutionis
1682 2001 1869 2036 beneficium
1884 2002 1937 2036 ol)-

1181 2052 1283 2086 tineri.
1315 2052 1532 2086 Decernentes
1567 2052 1772 2086 nibilominus
1808 2063 1934 2085 omnem

1182 2118 1365 2153 processum
1378 2106 1536 2153 siquidem
1550 2118 1603 2153 per
1618 2105 1764 2140 eumdem
1780 2114 1933 2140 rectorem

1183 2172 1237 2207 per
1260 2173 1292 2194 se
1316 2160 1360 2194 vel
1389 2160 1484 2194 alium
1512 2172 1567 2193 seu
1601 2159 1679 2193 alios
1706 2168 1814 2193 contra
1844 2171 1935 2205 prae-

1182 2214 1262 2248 dicta
1287 2215 1404 2258 omnia,
1432 2227 1486 2261 per
1508 2221 1620 2248 statuta
1644 2213 1786 2247 ordinata
1823 2221 1854 2247 et
1880 2213 1936 2247 de-

1182 2276 1264 2302 creta
1283 2269 1327 2302 vel
1348 2267 1464 2315 aliquid
1490 2267 1723 2315 praedictorum
1744 2267 1848 2301 baberi
1864 2279 1937 2301 con·

1183 2321 1298 2367 tigerit,
1335 2322 1457 2356 irritum
1482 2331 1513 2356 et
1537 2322 1642 2362 inane,
1671 2328 1700 2354 et
1723 2321 1842 2355 nullius
1864 2322 1935 2355 exi—

1183 2383 1264 2409 stere
1294 2376 1419 2421 penitus
1447 2375 1615 2409 firmitatis.
1640 2374 1723 2408 Nulli
1754 2387 1851 2420 ergo,
1879 2383 1932 2408 etc.

1235 2428 1349 2463 Datum
1371 2429 1546 2475 Anagniae,
1566 2436 1678 2475 quarto
1702 2428 1762 2462 kal.
1786 2429 1935 2468 octobris,

1186 2483 1388 2529 pontificatus
1416 2483 1511 2516 nostri
1534 2495 1618 2516 anno
1642 2483 1755 2529 primo.

1233 2536 1317 2570 Nulli
1354 2549 1429 2581 ergo
1473 2536 1604 2570 omnino
1643 2537 1808 2570 bominum
1845 2536 1934 2570 liceat

1186 2589 1265 2623 lianc
1294 2590 1438 2636 paginam
1464 2598 1641 2623 nostrarum
1666 2590 1934 2628 confirmationis,

1185 2643 1354 2678 voluntatis
1370 2652 1399 2677 et
1420 2644 1655 2678 constitutionis
1678 2644 1862 2690 infringere,
1882 2651 1934 2677 etc.

1949 272 1997 299 Αη.
2017 271 2131 298 C.l!100

1961 484 1989 505 De
2015 485 2131 505 minoribus

1946 517 1966 536 ln
1986 517 2130 535 testimonium

1946 552 1987 566 non
2016 547 2131 566 admitten-

1947 578 1985 597 dis.

1965 2057 2117 2078 {inobedientes

1951 2089 1998 2109 liuic
2030 2090 2138 2109 constitu-

1951 2120 2003 2140 tioni
2014 2119 2138 2139 anatliema-

1951 2154 1971 2171 te
1987 2151 2092 2177 percussi.
