2274 3265
219 259 267 285 Αιι4
287 257 313 281 Γ..
336 260 401 285 ¹³59

472 247 535 279 138

417 320 477 346 tam
497 320 616 358 partem
639 310 784 344 duxerint
807 310 1040 357 persolvendas.
1070 310 1109 344 Et
1136 311 1160 344 si

415 374 451 396 ex
475 369 548 395 tunc
571 372 628 406 per·
654 367 789 406 quatuor
815 372 940 394 menses
964 360 1164 406 pertinaciter

417 409 596 445 huiusmodi
620 409 848 443 substinuerint
868 408 1081 462 interdictum,
1101 408 1163 443 sint

417 460 484 506 ipso
506 459 587 494 sacto
610 457 727 494 tamdiu
756 470 772 492 a
795 457 909 493 divinis
930 457 1089 505 suspensi,
1106 457 1164 492 do-

417 520 474 543 nec
510 515 689 562 utramque
713 507 862 542 duxerint
903 506 1164 562 persoltendam,

418 557 502 593 nulla
516 556 574 592 sibi
590 557 798 604 permissione
816 556 1060 602 praemissorum
1084 568 1165 602 quo-

417 605 592 642 modolibet
608 605 781 654 profutura
797 606 963 648 Quantitas
984 613 1088 640 autem
1105 604 1165 638 liu-

418 656 554 691 iusmodi
577 668 697 702 poenae
720 656 858 710 nornine,
882 663 915 690 ut
943 654 1164 700 praemittitur,

416 704 646 745 exsolvenda,
640 717 669 739 ιιι
693 704 899 752 acquisitione
922 703 1072 738 librorum
1101 703 1165 737 uti-

418 755 494 789 lium
522 762 551 789 et
575 754 735 802 profectus
756 753 834 788 alios
856 753 1010 787 dictorum
1040 751 1167 786 studen-

419 804 520 843 tium,
555 803 637 838 iuxta
660 803 840 858 superioris
861 814 969 837 eorum
990 801 1165 841 arbitrium

417 861 627 888 convertatur.
643 852 735 895 Quod
755 853 779 886 si
797 864 926 906 primes,
947 850 1099 898 propositi
1120 850 1165 884 tel

417 902 467 937 alii
489 901 760 938 administratores
786 913 999 948 quicumque,
1026 912 1080 947 qni
1104 912 1165 934 non

418 958 566 998 praesunt
588 950 733 1005 collegio,
749 962 805 985 nec
828 949 942 985 liabent
967 962 1022 996 por·
1044 949 1166 983 electio-

419 1013 488 1035 nem
505 999 634 1039 assumi
649 999 815 1034 abbatibus
831 1007 934 1033 tumen
950 1010 1003 1032 seu
1022 997 1114 1044 prael
1110 998 1168 1032 itis

417 1049 485 1084 aliis
513 1048 671 1095 religionis
700 1048 842 1083 eiusdem
874 1047 1025 1087 subiecti,
1049 1047 1167 1081 liuius-

418 1098 502 1134 modi
537 1109 679 1133 summas
708 1097 829 1132 solvere
852 1096 1114 1144 contempserint,
1138 1104 1168 1130 et

419 1147 670 1194 praenominatas
693 1159 811 1194 poenas
847 1159 903 1193 per
929 1146 1007 1181 alios
1035 1154 1169 1193 quatuor

419 1209 543 1232 menses
557 1196 737 1232 immediate
752 1204 921 1244 sequentes
936 1195 1168 1230 substinuerint

417 1247 531 1282 rnimis
559 1246 734 1286 induratis,
759 1245 1097 1281 excommunicationis
1121 1245 1169 1279 in-

417 1305 543 1331 currant
563 1296 754 1330 sententiam
771 1308 808 1330 eo
833 1296 919 1349 ipso:
947 1308 962 1329 a
986 1307 1059 1341 qua,
1081 1294 1170 1329 satis-

419 1346 550 1380 factione
584 1345 767 1392 praemissa,
799 1344 920 1391 posint
948 1343 1080 1387 absolvi,
1109 1352 1168 1378 tim

420 1408 456 1442 pi
461 1408 474 1430 ι·
489 1395 711 1430 dioecesanum
728 1394 813 1428 locor
818 1407 882 1433 nm,
895 1405 988 1440 quam
1007 1405 1063 1440 per
1080 1405 1170 1439 prae-

419 1444 557 1480 sidentes
583 1443 778 1498 deputatos
773 1456 802 1478 tn
826 1443 973 1490 capitulis
999 1442 1172 1489 proxincia-

421 1493 503 1528 libns
531 1493 615 1528 illius
650 1493 828 1540 provinciae
871 1505 961 1527 curus
996 1500 1101 1532 er,unt
1125 1493 1169 1526 vel

420 1543 551 1579 alterum
580 1542 778 1578 eorumdem.
805 1541 896 1584 Quod
934 1541 959 1575 si
988 1541 1169 1576 huiusmodi

421 1593 606 1627 sententiam
631 1604 686 1639 per
712 1604 828 1626 annum
858 1591 972 1625 animis
1002 1590 1172 1637 pertinaci-

422 1641 480 1676 bus
506 1640 747 1681 substinuerint,
764 1654 800 1675 eo
824 1641 893 1688 ipso
915 1640 1172 1687 quibuscumque

422 1690 560 1726 obtentis
588 1690 750 1725 beneficiis
777 1690 840 1724 sint
863 1689 985 1737 privati,
1010 1702 1066 1736 per
1090 1690 1172 1733 illos,

421 1740 458 1774 ad
473 1752 610 1787 quorum
634 1739 833 1775 collationem
854 1739 900 1774 vel
924 1739 1017 1774 aliani
1040 1739 1173 1786 disposi-

422 1790 538 1825 tionem
567 1789 788 1837 pertinuerint,
815 1788 913 1824 libere
937 1789 1080 1836 personis
1107 1788 1175 1823 aliis

423 1839 633 1874 conserendis.
662 1838 775 1874 Nullus
803 1846 907 1873 autem
939 1838 1173 1886 cuiuscumque

425 1889 626 1930 conditionis,
641 1888 803 1935 dignitatis
830 1898 883 1924 aut
905 1895 1015 1933 status,
1032 1888 1096 1923 sive
1116 1888 1175 1923 col-

426 1939 523 1974 lector
550 1938 740 1986 pensionum
763 1938 962 1978 huiusmodi,
989 1950 1046 1973 seu
1071 1937 1177 1972 reddi-

427 1996 516 2024 tuum
553 1988 837 2043 assignandorurn,
862 2000 918 2035 pro
950 1987 1027 2033 ipsis
1056 1987 1175 2034 aliquid

427 2037 486 2073 sibi
503 2037 548 2073 vel
571 2037 659 2073 alteri
674 2050 729 2073 seu
745 2038 814 2072 usui
829 2037 1019 2083 cuicumque
1036 2037 1075 2072 de
1092 2049 1176 2083 pta-e

429 2092 496 2128 fatis
516 2091 725 2140 pensionibus
748 2091 793 2126 vel
817 2091 986 2131 fructibus,
1003 2091 1179 2127 redditibus

429 2159 483 2182 seu
509 2146 735 2193 proventibus,
757 2146 810 2193 qui
839 2145 1087 2193 assignabuntur
1123 2158 1180 2193 pro

431 2200 639 2247 pensionibus
661 2200 748 2248 ipsis,
771 2199 1010 2247 quomodolibet
1025 2199 1181 2246 applicare

431 2254 477 2289 vel
497 2254 632 2289 alienare
661 2262 850 2302 praesumat,
873 2254 904 2288 in
933 2252 1180 2288 diminutionem

432 2308 631 2353 pensionum,
653 2321 707 2343 seu
729 2307 957 2355 praeiudicium
982 2307 1180 2342 studentium

434 2361 677 2407 praedictorum.
700 2361 733 2395 Si
751 2361 824 2408 quis
845 2369 949 2395 autern
966 2361 1118 2396 collector
1136 2361 1182 2396 vel

432 2416 538 2462 quivis
560 2416 640 2451 alius
667 2416 818 2451 adversus
842 2415 901 2450 lroc
934 2415 1055 2462 aliquid
1080 2416 1185 2463 appli-

434 2470 548 2504 raverit
570 2469 616 2504 vel
639 2470 833 2515 alienaverit,
857 2482 916 2505 nec
939 2482 1001 2504 non
1022 2469 1185 2512 collector,

435 2525 488 2570 qui
513 2523 610 2559 dictas
634 2524 804 2572 pensiones
834 2525 863 2559 in
895 2523 1086 2571 supradictis
1121 2531 1186 2558 ter-

437 2577 530 2612 minis
557 2577 675 2613 eisdem
696 2578 897 2613 studentibus
915 2578 1039 2613 mittere
1055 2590 1118 2612 non
1133 2590 1186 2612 cu·

437 2631 570 2676 raverit,
607 2640 699 2678 prout
727 2631 838 2679 eulpae
860 2631 995 2679 qualitas
1022 2630 1187 2678 exegerit,

1011 255 1162 278 nrrJARtt
1174 256 1196 277 M
1221 255 1287 276 llttfl!
1294 255 1353 276 ‚txt
1358 255 1380 276 M

1206 322 1259 356 prr
1274 308 1344 343 illos
1365 308 1402 342 ad
1426 320 1505 361 riuos
1529 307 1727 353 pertinuerit,
1744 307 1904 351 puniatur,
1924 316 1954 342 et

1206 358 1414 393 nibilominus
1429 370 1454 390 5ι
1473 356 1622 390 solvendo
1646 356 1751 394 suerit
1773 355 1811 389 de
1829 356 1954 392 damnis

1205 416 1231 442 ct
1257 409 1409 441 interesse
1437 405 1614 440 satisfacere
1637 404 1855 459 compellatur.

1254 457 1274 503 S
1300 458 1357 490 25.
1382 455 1422 490 Ut
1445 463 1549 489 autem
1578 467 1660 489 onus
1688 466 1877 501 peristonurn
1894 454 1955 489 hu-

1207 505 1341 540 iusmodi
1356 504 1456 539 levius
1466 516 1524 550 sup
1529 502 1956 550 portetur,contributiones,

1206 567 1287 601 quae
1317 567 1372 601 pro
1397 552 1608 600 pensionibus
1629 552 1827 588 studentium
1855 561 1885 588 et
1908 553 1957 587 in-

1206 612 1396 638 structorum
1429 601 1659 649 praedictorum
1689 601 1804 637 suerint
1840 601 1959 637 facien—

1207 653 1262 687 dae
1280 680 1287 692 ,
1319 653 1480 687 solvantur·
1512 664 1567 698 per
1593 650 1765 698 capitulum
1794 650 1958 686 Ecclesiae

1207 701 1408 745 cathedralis,
1421 709 1449 736 et
1465 713 1520 748 per
1531 700 1688 740 abbatem,
1703 701 1856 755 priorem,
1872 713 1958 748 prae-

1209 752 1344 798 positum
1368 763 1422 786 seu
1439 758 1629 784 conventum
1653 758 1683 784 et
1704 750 1848 797 quemvis
1861 749 1958 784 alium

1208 800 1493 835 administratorem
1518 799 1713 843 monasterii,
1729 799 1897 845 prioratus,
1913 798 1959 833 lo-

1209 850 1275 884 cite
1305 850 1436 884 alterius
1461 848 1620 894 religionis
1641 849 1808 892 eiusdem,
1836 861 1958 883 necnon

1210 899 1414 934 beneficiatos
1434 897 1649 945 quorumlibet
1664 897 1892 932 beneficiorum
1906 910 1960 932 ca-

1210 948 1401 983 nonicalium
1430 948 1466 982 ad
1496 947 1689 990 Ecclesiam,
1722 947 1960 990 monasterium,

1211 998 1382 1044 prioratum
1414 997 1457 1031 tel
1483 996 1588 1030 locuni
1612 996 1720 1036 alium,
1750 996 1962 1031 beneficium—

1209 1060 1271 1093 que
1297 1047 1342 1081 vel
1371 1045 1618 1094 dependentium
1647 1045 1686 1079 ab
1721 1046 1854 1085 eodem,
1879 1046 1961 1080 iuxta

1210 1096 1397 1131 divisionem
1427 1096 1508 1129 inter
1535 1107 1590 1129 eos
1621 1107 1756 1138 omnes,
1783 1073 1961 1129 sectindum

1211 1146 1400 1180 taxationem
1427 1145 1470 1179 iel
1493 1144 1730 1179 extimationem
1759 1143 1901 1179 decimae
1930 1144 1960 1178 in

1212 1195 1333 1239 taxatis,
1357 1195 1386 1229 in
1411 1207 1473 1229 non
1503 1193 1613 1228 taxatis
1642 1205 1715 1228 vero
1743 1192 1964 1228 beneficiisse·

1211 1244 1349 1279 cundum
1385 1244 1575 1278 taxationem
1619 1242 1893 1289 proportionaliter
1933 1251 1963 1277 et

1212 1293 1439 1328 rationabiliter
1466 1293 1548 1327 iuxta
1578 1292 1714 1326 valorem
1739 1293 1904 1340 ipsornrn,
1932 1293 1962 1326 in

1213 1343 1314 1390 primo
1348 1342 1519 1377 cuiuslibet
1556 1341 1717 1376 Ecclesiae
1751 1341 1964 1380 cathedralis,

1213 1406 1293 1428 mon
1290 1401 1392 1427 istern
1431 1392 1496 1426 sive
1519 1391 1675 1438 prioratus
1700 1391 1745 1425 vel
1762 1369 1964 1426 alteriusloci

1214 1443 1313 1489 ipsius
1342 1441 1503 1486 religionis
1525 1440 1628 1475 annali
1657 1440 1814 1487 capitulo,
1843 1439 1965 1475 facien·

1213 1492 1283 1526 darn
1314 1503 1368 1538 per
1392 1491 1493 1545 ill-um,
1512 1490 1564 1537 qui
1581 1490 1686 1525 eidem
1709 1489 1849 1536 capitulo
1873 1501 1966 1536 prae-

1213 1542 1282 1581 erit,
1307 1549 1336 1575 et
1354 1553 1408 1595 per
1423 1541 1527 1587 ipsum
1547 1539 1722 1586 capitulum
1739 1551 1795 1573 seu
1812 1539 1964 1573 maiorem

1215 1599 1333 1638 partein
1363 1590 1478 1637 ipsius:
1512 1601 1620 1635 quam,
1648 1601 1672 1623 5ι
1701 1588 1812 1622 forte
1806 1588 1968 1623 rnhuius—

1216 1640 1299 1674 modi
1323 1639 1427 1674 annali
1456 1638 1595 1686 capitulo
1623 1638 1708 1672 illius
1731 1637 1918 1691 proxinciae¹
1938 1646 1968 1672 et

1214 1690 1290 1737 quil
1298 1689 1347 1723 bet
1377 1689 1516 1736 ipsorum
1542 1687 1807 1734 praesidentium,
1829 1699 1865 1722 ac
1894 1686 1969 1721 visi-

1216 1749 1332 1774 tatores
1356 1751 1410 1785 per
1440 1738 1559 1772 dictum
1584 1737 1774 1784 provinciale
1795 1736 1968 1783 capitulum

1216 1789 1370 1836 deputati,
1393 1796 1423 1823 et
1450 1800 1559 1823 eorum
1584 1786 1727 1834 quilibet,
1752 1787 1838 1833 ipsos
1864 1793 1968 1821 aucto-

1218 1840 1305 1874 ritate
1324 1837 1494 1885 apostolica
1518 1849 1573 1883 per
1595 1849 1762 1872 censuram
1778 1835 1971 1871 ecclesiasti-

1217 1901 1284 1924 cam
1309 1895 1339 1922 et
1361 1887 1419 1922 alia
1448 1895 1628 1934 opportuna
1658 1885 1807 1929 remedia,
1825 1885 1863 1920 ad
1886 1885 1970 1920 illam

1220 1937 1394 1973 faciendam
1411 1935 1639 1984 (appellatione
1655 1939 1814 1979 cessante)
1837 1934 1972 1982 compel-

1220 1990 1282 2023 lere
1307 1994 1489 2027 teneantur3
1511 1986 1613 2020 donec
1639 1997 1686 2029 ea,
1709 1997 1790 2032 quae
1814 1997 1868 2032 per
1882 1996 1973 2019 com-

1221 2049 1349 2072 munem
1373 2035 1640 2070 contributionem
1659 2034 1690 2069 in
1713 2034 1972 2081 supplementum

1222 2085 1402 2121 huiusmodi
1431 2085 1495 2120 dari
1524 2084 1640 2119 debent
1655 2083 1856 2119 studentibus
1877 2091 1908 2118 et
1929 2083 1975 2118 in-

1222 2135 1432 2171 structoribus
1455 2133 1614 2182 praefatis,
1638 2134 1731 2168 certis
1753 2142 1782 2168 et
1811 2133 1975 2188 perpetuis

1225 2184 1401 2221 redditibus
1423 2184 1462 2219 de
1481 2195 1561 2218 novo
1582 2196 1637 2230 pro
1661 2183 1710 2218 his
1731 2182 1896 2230 acquisitis
1910 2181 1975 2217 sue-

1225 2235 1284 2270 rint
1311 2234 1479 2281 assignata
1508 2233 1541 2268 Si
1570 2232 1624 2280 qni
1650 2245 1721 2268 xero
1748 2245 1785 2267 ex
1809 2231 1976 2279 praedictis

1225 2284 1421 2319 beneficiatis
1450 2291 1620 2329 proventus
1648 2282 1783 2317 habeant
1814 2281 1894 2316 adeo
1923 2289 1976 2316 te-

1226 2346 1304 2368 nues
1326 2341 1355 2368 et
1377 2332 1491 2371 exiles,
1517 2331 1601 2379 quod
1624 2331 1800 2367 secundum
1830 2343 1978 2366 commu-

1228 2395 1298 2417 nem
1315 2382 1551 2417 extimationem
1575 2394 1637 2416 non
1661 2381 1820 2416 sufficiant
1841 2392 1977 2427 suppor-

1228 2431 1330 2467 tandis
1352 2432 1420 2466 eius
1443 2430 1629 2466 necessariis
1652 2429 1803 2465 oneribus
1825 2429 1863 2464 ad
1884 2430 1977 2464 vitam

1228 2481 1471 2516 contributionis
1510 2479 1717 2524 huiusmodi,
1756 2480 1793 2514 ad
1833 2478 1978 2514 eamdem

1229 2531 1494 2566 contributionem
1542 2529 1672 2565 minime
1713 2537 1888 2564 teneantur.
1929 2527 1978 2563 Ad

1231 2582 1306 2615 baec
1329 2580 1546 2627 prohibemuS,
1569 2592 1608 2614 ne
1637 2578 1690 2613 ulli
1715 2579 1868 2613 canonico
1883 2576 1979 2625 quod·

1230 2642 1367 2677 cumque
1391 2629 1592 2670 beneficium,
1607 2636 1899 2676 quantumcumque
1913 2639 1980 2661 mo-

1969 253 2018 280 An.
2038 252 2065 277 C.
2086 251 2153 278 1550

1983 463 2011 483 Ρ9
2001 468 2038 482 »sn
2042 467 2088 482 ron·x
2093 462 2154 481 ιιι-ι

1970 495 2037 514 ἰιιιιιιιῡ
2026 494 2058 513 ndi
2099 499 2125 512 un
2115 494 2154 512 ned

1971 531 1987 545 n
1983 528 2011 544 int
2023 525 2145 545 educendae
