2274 3265
144 256 193 283 An.
212 259 238 285 C.
262 260 326 285 t55o

937 258 1131 283 immuteris
1160 260 1206 282 xtt
1230 259 1277 282 Pe.

342 312 522 347 huiusmodi
547 314 611 348 sore
635 325 738 354 veras,
762 321 792 348 et
820 314 969 349 reddendi
994 315 1087 349 ratio-

341 375 411 396 nem
449 363 652 410 praedictam,
686 371 715 398 et
743 364 799 398 alia
832 364 979 406 faciendi,
1006 377 1087 412 quae.

341 412 398 457 ipsi
428 413 575 453 tacerent,
598 413 622 447 si
647 422 825 461 praesentes
846 415 1027 454 existerent,
1049 414 1086 448 ad

342 462 416 496 illud
441 463 649 498 transmittere
673 471 847 498 teneantur.
870 463 962 506 Quod
982 464 1006 497 si
1027 477 1087 498 nou

342 513 482 547 venerint
504 526 565 548 non
598 513 739 559 impediti
774 513 923 559 legitime,
947 514 992 547 vel
1027 526 1086 548 non

341 563 569 598 transmiserint
590 563 627 597 ad
645 563 725 597 idem
748 563 919 609 capitulum
938 566 982 605 (ut
1000 576 1089 610 prae-

342 612 472 658 fertur),
499 614 609 660 poenis
635 612 820 647 subiaceant
841 614 990 660 superius
1012 625 1090 648 con-

343 671 386 697 tra
415 675 477 698 non
507 664 667 698 venientes
689 662 727 697 ad
755 663 886 711 capitula
912 663 1090 710 provincia-

342 713 379 746 lia
396 713 585 748 constitutis.
600 713 744 755 Quorum
766 713 956 760 compulsio.
968 722 997 748 et
1015 714 1090 760 ipsa-

343 775 410 797 rum
427 775 597 809 poenarum
617 764 760 798 executio
778 763 816 797 ad
835 762 977 798 abbatem
1008 763 1091 798 illius

343 813 522 846 monasterii
538 813 731 859 principalis,
744 813 772 847 in
785 825 848 860 quo
859 813 960 860 ipsum
973 814 1093 860 capitu-

343 861 405 895 lum
427 862 616 907 celebratur,
631 862 677 896 vet
694 863 730 897 ad
749 863 849 903 illum,
864 863 917 910 qui
935 863 1033 897 maior
1045 871 1089 897 est

342 918 412 958 post
442 911 615 946 antistitem
651 912 680 946 in
706 912 754 947 illa
782 912 951 947 cathedrali
980 911 1092 947 Eccle-

342 961 399 999 sia,
423 960 452 994 in
475 974 536 1009 qua
559 960 708 996 celebrari
734 962 895 1008 continget
917 962 1090 1009 capitulum

344 1010 567 1055 praelibatum,
607 1012 792 1046 auctoritate
823 1011 993 1059 apostolica
1023 1024 1093 1058 per-

342 1059 593 1107 tineat,pr01'1t
625 1073 718 1108 supra
759 1061 798 1095 de
839 1060 1094 1108 praesidentibus

343 1109 590 1165 provincialibus
617 1110 763 1156 capitulis
785 1118 830 1145 est
862 1118 1026 1144 statutum.
1055 1110 1094 1145 Et

343 1158 415 1205 quia
457 1160 639 1195 memoriam
675 1168 839 1207 perpetuat
873 1168 903 1194 et
940 1161 1091 1195 cautelam

344 1208 450 1243 adiicit
471 1209 667 1244 conservatio
690 1210 928 1256 scripturatum,
949 1209 1093 1244 volumus

344 1266 373 1291 et
396 1258 591 1299 ordinamus,
614 1258 698 1306 quod
721 1258 801 1293 duae
828 1259 1001 1305 scripturae
1023 1271 1095 1293 con—

345 1307 466 1342 similes
501 1308 587 1352 flant,
617 1308 752 1343 rationes
786 1307 966 1342 huiusmodi
985 1309 1095 1343 coriti—

345 1365 473 1391 nentes:
513 1369 649 1404 quarum
686 1369 745 1392 una
777 1369 878 1404 penes
906 1357 1012 1398 illum,
1040 1358 1093 1405 qui

345 1405 503 1441 Ecclesiae
536 1416 607 1454 post
633 1408 816 1447 antistitem,
850 1419 904 1441 seu
935 1417 1093 1442 monaste-

346 1456 402 1499 rio,
425 1455 477 1490 ubi
505 1456 621 1491 dictum
650 1456 822 1503 capitulum
839 1456 989 1492 celebrari
1019 1469 1096 1492 con-

345 1506 459 1551 tigerit,
484 1506 695 1554 praesidebit2
717 1514 746 1540 et
765 1507 821 1541 alia
846 1507 875 1540 in
898 1518 968 1541 arca
986 1519 1040 1554 pro
1056 1508 1096 1541 si-

345 1555 418 1600 gitto
437 1556 563 1603 capituli
588 1555 749 1591 Ecclesiae
771 1557 817 1591 vel
841 1565 1014 1591 conventus
1034 1569 1097 1591 mo-

346 1605 472 1640 nasterii
503 1605 714 1653 praefatorum
748 1606 895 1654 deputata
920 1606 966 1640 vel
994 1606 1098 1655 depu-

346 1655 450 1696 tanda;
473 1668 527 1690 seu
551 1656 612 1690 alio
649 1656 717 1690 loco
743 1656 933 1703 competenti
957 1655 1012 1699 (de
1035 1669 1097 1703 quo

346 1703 526 1740 huiusmodi
566 1705 757 1753 praesidenti
792 1715 823 1741 et
858 1706 997 1753 capitulo
1041 1718 1095 1741 seu

345 1756 512 1790 conventui
537 1755 583 1791 vel
608 1756 717 1790 maiori
739 1756 816 1803 parti
840 1756 908 1789 eius
931 1755 1097 1798 videbitur)

346 1805 382 1838 ad
407 1806 560 1840 cautelam
585 1814 615 1840 et
638 1805 864 1853 providentiam
888 1806 1097 1840 necessariam

346 1863 374 1888 et
393 1855 499 1889 utilem
516 1863 757 1890 conserventur.
785 1854 942 1889 Volumus
958 1855 1098 1902 insuper,

347 1912 378 1937 ut
403 1904 571 1959 cellararii,
593 1905 766 1944 camerarii,
791 1904 996 1951 hospitalarii,
1022 1905 1100 1939 elee-

349 1954 534 2007 mosynarii,
589 1953 751 1988 infirmarii
791 1961 821 1988 et
859 1954 909 1988 alii
951 1953 1100 1989 officiales

348 2002 553 2049 quicumque,
581 2015 781 2058 quocumque
798 2003 926 2038 nominc
946 2014 1099 2038 censean-

350 2060 411 2093 tur,
445 2052 559 2087 victum
588 2065 643 2087 seu
680 2053 824 2087 vestitum
855 2053 1023 2088 conventui
1053 2053 1099 2088 tel

348 2100 418 2135 aliis
452 2101 481 2135 in
505 2101 596 2137 dictis
627 2101 779 2137 Ecclesiis
810 2102 856 2138 vel
889 2103 1099 2143 monasteriis,

349 2151 412 2184 sive
453 2150 530 2186 locis
581 2151 842 2186 conventualibus
884 2152 1100 2187 ministrantes

350 2201 502 2234 rationem
533 2201 656 2248 plenam
685 2211 715 2236 et
742 2202 920 2249 explicitam
945 2201 984 2236 de
1013 2214 1101 2236 rece-

351 2251 410 2296 ptis
445 2251 603 2297 expensis,
635 2251 755 2286 ratione
791 2250 1098 2286 administrationum

352 2299 396 2333 vel
432 2299 604 2335 officiorum
641 2299 836 2345 huiusmodi,
867 2309 913 2336 ter
939 2302 1099 2336 annuatim

352 2356 546 2397 (computata
575 2350 694 2385 ratione
726 2362 818 2397 quam
849 2350 1042 2386 reddiderint
1070 2352 1100 2385 in

351 2399 487 2444 generali
525 2399 674 2446 capitulo,
703 2409 736 2434 ut
763 2400 952 2447 praefertur)
988 2401 1016 2435 in
1041 2401 1101 2435 [ine

352 2449 471 2483 scilicet
504 2449 674 2484 cuiuslibet
700 2450 801 2498 quarti
838 2450 973 2490 mensis,
1007 2451 1100 2485 etiam

353 2499 541 2546 irrequisitis
568 2499 724 2546 praelatis,
754 2500 806 2547 qui
838 2499 998 2540 Ecclesiis,
1028 2513 1100 2534 mo-

353 2549 516 2593 nasteriis,
545 2557 575 2584 et
615 2549 686 2585 aliis
722 2550 801 2584 locis
842 2550 1102 2585 conventualibus

354 2608 503 2645 praesunt
526 2607 554 2633 et
578 2608 734 2646 praeerunt
755 2599 934 2639 antedictis,
957 2607 987 2633 et
1015 2600 1103 2647 capi-

353 2649 425 2684 tulis
444 2660 498 2683 seu
521 2649 728 2683 conventibus
749 2648 945 2684 eorumdem.
969 2657 1021 2684 aut
1043 2650 1102 2684 illis

432 2706 507 2737 Ball.
526 2705 601 2736 Rom.
628 2706 683 2736 Vol.
705 2705 751 2736 JV.
946 2707 985 2737 45

1760 252 1829 284 553

1130 315 1274 349 discretis
1300 315 1352 362 qui
1377 315 1414 350 ad
1439 316 1589 351 rationem
1624 318 1724 365 ipsam
1747 318 1880 352 audieu-

1129 364 1200 399 dam
1229 373 1257 399 et
1282 364 1414 399 fideliter
1436 366 1482 400 eis
1509 366 1702 402 referendam
1739 367 1879 415 deputati

1131 415 1258 460 suerint,
1287 415 1416 449 reddere
1451 425 1634 452 teneantur:
1679 418 1802 464 proviso
1834 427 1882 452 at-

1131 465 1259 503 tentius,
1281 464 1366 512 quod
1391 465 1450 499 illis
1473 478 1509 500 ex
1535 466 1715 501 huiusmodi
1746 467 1881 502 admini-

1131 514 1330 557 stratoribus,
1367 515 1524 562 prioribus
1552 527 1608 550 seu
1647 516 1800 560 officiatis,
1827 517 1880 564 qui

1131 576 1234 610 grawa
1267 573 1296 599 et
1329 577 1469 599 enormia
1497 566 1627 600 crimina
1669 567 1883 601 commiserint

1133 615 1178 650 vel
1203 615 1413 655 committent,
1437 615 1483 649 iel
1499 615 1573 650 alias
1589 616 1733 650 demeriti
1751 617 1881 657 Γοργὼν,

1132 667 1197 700 sive
1222 677 1410 713 perannum
1439 666 1788 705 excommunicationis,
1816 678 1883 700 sus-

1134 716 1296 762 pensionis
1343 723 1397 750 aut
1424 715 1581 750 interdicti
1622 716 1796 750 sententias
1827 728 1882 750 ra-

1133 765 1352 800 tionabiliter
1346 778 1375 800 in
1404 777 1457 799 eos
1482 765 1557 800 latas
1580 765 1779 820 pertinaciter
1806 764 1884 799 tole-

1135 815 1256 854 rabunt,
1290 824 1321 849 et
1355 815 1393 850 de
1422 815 1470 849 liis
1503 815 1635 850 convicti
1672 815 1805 854 fuerint;
1837 813 1883 847 vel

1134 865 1209 900 alias
1237 865 1376 913 legitime
1390 865 1575 903 constiterit,
1593 865 1631 899 al)
1653 876 1762 899 eorum
1786 875 1885 911 supe-

1136 915 1272 950 rioribus
1294 928 1364 951 cum
1388 914 1520 949 consilio
1547 915 1705 949 seniorum
1734 912 1886 948 Ecclesia-

1136 977 1202 999 rum
1245 965 1289 999 vel
1325 965 1607 1007 monasteriorum,
1646 976 1701 997 seu
1744 962 1885 997 locorum

1136 1014 1382 1061 praedictorum,
1410 1013 1526 1048 nedum
1556 1025 1571 1048 a
1599 1014 1664 1047 suis
1686 1013 1887 1047 administra-

1136 1064 1286 1105 tionibus,
1316 1063 1506 1111 prioratibus
1538 1063 1583 1098 vel
1612 1063 1724 1097 officiis
1746 1074 1800 1097 seu
1829 1061 1887 1096 be-

1137 1113 1258 1148 neflciis
1281 1114 1415 1148 amoveri
1443 1113 1579 1154 valeant,
1607 1112 1661 1146 sed
1690 1112 1731 1147 ob
1757 1112 1886 1146 crimina

1138 1163 1182 1197 vel
1221 1163 1373 1198 demerita
1409 1162 1590 1196 huiusmodi
1625 1163 1733 1209 poenis
1775 1160 1888 1196 debitis

1139 1212 1365 1258 percellantur;
1389 1221 1421 1246 ut
1448 1212 1487 1246 sit
1510 1213 1555 1246 eis
1583 1213 1613 1246 in
1643 1210 1784 1258 poenalis
1811 1223 1889 1244 con·

1138 1261 1271 1296 susionis
1293 1261 1515 1309 opprobrium,
1538 1270 1567 1295 et
1591 1261 1801 1308 perniciosum
1827 1272 1887 1294 non

1137 1320 1275 1346 transeat
1300 1312 1368 1346 aliis
1391 1311 1421 1345 in
1445 1311 1638 1357 exemplum.
1667 1309 1713 1344 Ne
1741 1322 1813 1344 vero
1836 1321 1890 1356 per

1137 1360 1312 1408 cuiuspiam
1347 1360 1526 1395 calliditatis
1563 1360 1722 1406 ingenium
1763 1360 1890 1393 evenire

1137 1411 1310 1456 contingat,
1340 1410 1415 1457 quin
1446 1410 1581 1458 capitula
1617 1408 1774 1457 praedicta
1808 1409 1890 1443 cele-

1138 1459 1269 1494 brentur
1283 1460 1360 1494 locis
1375 1468 1403 1494 et
1419 1459 1614 1507 temporibus
1629 1458 1756 1502 debitis,
1778 1470 1891 1506 quem-

1138 1509 1308 1544 admodum
1341 1510 1491 1556 superius
1513 1517 1560 1544 est
1590 1509 1788 1548 distinctum,
1818 1520 1891 1592 Ἑοῗ

1139 1559 1217 1594 forte
1245 1559 1504 1607 praetenderetur
1535 1560 1671 1602 occasio,
1705 1557 1792 1605 quod

1139 1610 1266 1649 clesiae,
1289 1610 1476 1644 monasteria
1499 1618 1529 1643 et
1556 1609 1622 1643 loca
1646 1608 1803 1655 praedicta
1826 1619 1892 1654 gra-

1142 1668 1206 1693 vata
1247 1660 1359 1700 forent,
1387 1668 1417 1694 et
1448 1668 1593 1705 sumptus
1620 1659 1789 1692 existerent
1821 1659 1891 1691 evi-

1140 1710 1245 1743 tandi:
1270 1721 1327 1744 nos
1364 1709 1526 1757 providere
1555 1708 1705 1751 volentes,
1735 1719 1773 1742 ne
1800 1707 1891 1753 capi-

1141 1759 1276 1794 tulorum
1302 1759 1440 1807 ipsorum
1479 1758 1686 1805 generalium,
1716 1766 1817 1793 tantae
1838 1769 1892 1792 sa-

1142 1809 1216 1843 lutis
1242 1817 1273 1843 et
1296 1809 1514 1856 prosperitatis
1537 1807 1687 1843 fructibus
1709 1807 1892 1843 obventuris

1142 1858 1345 1905 malignitatis
1363 1858 1495 1894 statibus
1519 1859 1690 1897 resistatur,
1719 1857 1820 1893 taliter
1845 1868 1893 1891 or-

1142 1909 1305 1946 dinamus
1334 1908 1418 1956 quod
1444 1908 1502 1949 illi,
1533 1908 1586 1955 qui
1611 1907 1717 1941 venire
1745 1914 1892 1943 tenentur

1142 1958 1178 1992 ad
1207 1959 1397 2013 provinciale
1432 1936 1604 2004 capitulum
1634 1957 1672 1991 de
1697 1957 1832 1992 tiiennio
1860 1957 1890 1990 in

1143 2008 1331 2047 triennium,
1364 2016 1394 2042 et
1421 2007 1457 2042 ad
1486 2007 1623 2042 cuiusvis
1657 2005 1818 2042 Ecclesiae
1846 2007 1891 2041 vel

1142 2057 1322 2092 monasterii
1358 2057 1517 2092 annuatim
1552 2055 1687 2104 capitula
1711 2056 1891 2103 praelibata

1143 2107 1245 2141 vivant
1273 2119 1346 2141 cum
1378 2107 1446 2141 aliis
1475 2107 1575 2153 ipsius
1605 2106 1662 2140 loci
1693 2107 1834 2140 monacis
1861 2106 1890 2140 in

1142 2157 1315 2197 communi,
1343 2166 1373 2191 et
1396 2155 1602 2191 familiaribus
1624 2156 1689 2190 suis
1714 2155 1837 2190 clericis
1863 2164 1892 2189 et

1143 2206 1240 2246 laicis,
1263 2215 1291 2240 et
1314 2207 1407 2240 etiam
1429 2205 1645 2240 evectionibus
1671 2214 1758 2240 extra
1780 2204 1893 2240 Eccle—

1143 2256 1203 2289 siis
1231 2256 1276 2290 vel
1302 2256 1486 2290 monasteria
1522 2263 1551 2289 et
1574 2255 1669 2290 loca
1663 2267 1741 2302 ipsa,
1767 2254 1806 2290 de
1827 2255 1893 2290 suis

1144 2306 1281 2352 piopriis
1308 2305 1482 2340 redditibus
1505 2304 1668 2352 providere
1693 2305 1723 2339 in
1747 2316 1893 2340 necessa-

1145 2368 1198 2389 tus
1225 2363 1406 2399 teneantur,
1439 2355 1548 2410 quatis
1579 2355 1803 2390 constitutione
1837 2367 1892 2389 scu

1143 2405 1371 2439 consuetudine
1396 2405 1559 2440 contrariis
1592 2416 1653 2438 non
1681 2403 1891 2440 obstantibus.

1144 2454 1232 2489 Licet
1272 2463 1376 2489 autem
1405 2456 1487 2489 circa
1521 2455 1656 2489 rationes
1683 2453 1722 2488 de
1755 2454 1892 2489 admini-

1145 2504 1348 2539 strationibus
1383 2513 1413 2539 et
1435 2504 1544 2539 officiis
1582 2507 1631 2547 (ut
1668 2505 1891 2551 praemittitur)

1144 2554 1322 2590 reddendas
1343 2554 1528 2589 duxerimus
1551 2553 1796 2601 providendum:
1819 2554 1893 2601 quia

1145 2613 1249 2639 tamen
1278 2604 1415 2639 veritatis
1442 2605 1567 2639 claritas
1596 2603 1729 2639 latebras
1756 2615 1819 2639 non
1842 2616 1893 2639 re—

1144 2655 1249 2701 quirit7
1278 2654 1331 2688 sed
1355 2662 1453 2690 metas
1476 2655 1581 2701 potius
1608 2654 1744 2701 patentis
1775 2653 1895 2689 clarita-

1895 262 1934 287 Αη
1964 261 1992 287 Ε.
2012 262 2078 291 ¹356
