2274 3265
962 283 1059 306 innex
1083 283 1194 306 nanum
1729 277 1796 310 757

1059 343 1101 382 1)

308 434 524 469 Daemonibus
551 435 749 470 immolantes
780 436 828 471 vel
853 448 1000 484 responsa
1022 445 1053 472 et
1074 438 1188 472 auxilia
1210 439 1249 473 ab
1270 441 1314 475 eis
1338 442 1532 487 postulantes
1559 442 1748 477 anathemati
1773 442 1853 477 sub—

410 483 570 524 ficiuntur,
594 486 663 518 515
690 486 718 519 b.

308 533 476 569 Damnatio
498 533 674 568 animarum
697 534 918 569 decedentium
944 536 973 569 in
998 536 1120 570 mortali
1146 545 1273 583 peccato
1300 539 1462 582 delinitur,
1487 542 1554 573 347
1579 553 1608 574 α.

310 583 429 618 Dantes
452 582 498 617 vel
522 582 740 628 promittentes
762 583 880 631 aliquid
905 597 961 632 pro
984 584 1153 620 obtinenda
1181 587 1277 631 gratia
1302 588 1346 621 vel
1373 589 1489 622 iustitia
1512 589 1596 635 apud
1625 589 1742 623 Sedem
1772 590 1853 636 Apo-

406 631 549 666 stolicam
577 632 766 667 anathemati
795 633 1019 678 subiiciuntur,
1043 636 1112 669 657
1134 636 1161 668 b.

309 682 355 716 De
378 681 519 726 paupere
541 680 610 715 Vita
634 681 826 726 (baeretici),
853 695 963 718 eorum
987 683 1110 718 eineres
1133 684 1236 718 colere
1260 686 1402 725 vetitum,
1426 688 1489 720 541
1519 689 1546 720 b.

309 730 477 766 Deverium
506 729 579 776 quid
604 730 654 774 sit,
682 733 753 765 248
781 733 809 765 b.
847 733 879 765 V.
903 740 1007 766 notam
1036 733 1073 768 ad
1098 732 1214 768 calcem
1243 735 1359 768 colum.
1388 735 1491 769 eiusd.

310 780 441 825 Dialoyi
461 786 491 813 et
516 780 659 824 Trialoqi
676 779 742 814 libri
765 780 891 816 loannis
913 781 1037 816 Wiklef
1056 782 1255 823 damnantur,
1283 785 1348 818 661
1377 797 1406 818 α.

310 826 426 864 Dietim
455 827 529 874 quid
553 828 718 873 significet,
742 832 811 864 654
840 843 870 864 α.
907 832 938 864 V.
964 838 1028 865 not.
1056 831 1094 866 ad
1118 832 1236 866 calcem
1261 833 1376 867 colum.
1401 833 1502 868 eiusd.

310 878 484 924 Dignitates
497 877 632 912 maiores
647 878 675 911 in
690 877 842 914 Ecclesiis
855 879 1033 915 obtinentes
1047 893 1062 915 a
1075 883 1287 928 procuratoris
1299 883 1401 918 ollicio
1414 882 1716 922 (lebentabstiuere,
1735 885 1771 916 71
1787 885 1796 916 1
1827 884 1853 915 b.

310 926 480 973 Dionysius
508 925 718 972 portugalliae
747 940 798 962 rex
822 928 1091 976 Ulyxiponensem
1115 930 1319 965 Academiam
1345 932 1466 971 fundat,
1498 935 1562 966 104
1587 945 1617 965 α.

312 976 464 1011 Doctores
481 983 606 1010 sanctae
634 975 794 1011 Ecclesiae
824 977 1018 1013 illustrarunt
1047 980 1205 1014 veritatem
1235 981 1318 1024 fidei,
1347 984 1416 1015 617
1445 983 1473 1015 b.

311 1025 468 1060 Dominici
498 1024 556 1067 (S.)
585 1024 713 1059 fratrum
738 1026 997 1062 praedicatorum
1022 1028 1150 1063 Ordinis
1179 1031 1326 1075 magister
1353 1031 1510 1077 generalis
1537 1031 1641 1065 statim
1671 1043 1706 1064 ac
1734 1031 1855 1065 electus

409 1073 514 1116 fuerit,
541 1073 672 1108 Ordinis
700 1075 839 1120 regimen
867 1077 1010 1116 assumit,
1046 1079 1114 1111 567
1144 1079 1171 1111 h.
1201 1078 1278 1113 Eius
1304 1080 1421 1114 amotio
1448 1080 1485 1114 ad
1509 1079 1692 1114 definitores
1726 1080 1856 1114 Ordinis

408 1130 539 1170 spectat,
568 1124 639 1157 568
673 1136 704 1157 α.
738 1124 886 1159 Lectores
927 1126 1043 1172 ubique
1070 1127 1190 1173 absque
1218 1128 1340 1162 lieentia
1375 1128 1520 1169 doceant,
1549 1130 1623 1163 ibid.
1653 1128 1686 1162 ln
1716 1129 1752 1162 iis
1775 1142 1854 1176 quae

410 1173 550 1206 instituta
573 1170 704 1206 Ordinis
731 1174 916 1220 respiciunt,
951 1175 1099 1210 ordinarii
1125 1176 1263 1211 locorum
1297 1190 1329 1211 se
1358 1190 1418 1212 non
1449 1178 1666 1218 immisceant,
1703 1179 1778 1212 ibid.
1810 1179 1856 1213 De

411 1221 550 1268 priorum
580 1221 831 1263 confirmatione,
859 1224 935 1257 ibid.
964 1223 1134 1259 Voealibns
1162 1225 1255 1271 longe
1290 1226 1475 1261 absentibus
1503 1236 1627 1274 tempus
1655 1239 1716 1261 non
1747 1228 1855 1269 currit,

411 1272 487 1304 ibid.
513 1272 541 1304 b.
565 1269 611 1304 De
639 1271 794 1311 oratoriis,
829 1273 906 1306 ibid.
942 1272 1099 1320 Tempore
1132 1274 1287 1309 interdicti
1310 1276 1406 1310 sacris
1435 1284 1567 1322 possunt
1601 1276 1745 1322 operari,
1779 1277 1855 1310 ibid.

408 1320 555 1355 Facultas
583 1319 793 1366 praelatorum
822 1320 1005 1356 absolvendi
1043 1322 1164 1363 fratres,
1189 1325 1260 1358 569
1287 1337 1328 1363 α;
1350 1333 1381 1358 et
1403 1325 1532 1359 fratrum
1562 1325 1648 1371 ipsos
1669 1324 1852 1360 absolvendi

409 1369 576 1416 praelatos,
605 1369 680 1402 ibid.
709 1370 749 1409 ΖΓ,
772 1381 807 1403 ac
829 1370 1038 1416 praelatorum
1067 1371 1249 1406 absolvendi
1278 1374 1306 1406 in
1337 1373 1440 1419 ipsum
1465 1374 1617 1407 Ordinem
1639 1374 1856 1420 cooptandos,

408 1420 483 1452 ibid.
507 1419 532 1451 A
562 1417 723 1452 nonnullis
746 1419 881 1464 exempti
911 1420 1111 1455 declarantur
1139 1421 1258 1461 fratres,
1287 1423 1360 1456 ibid.
1395 1422 1528 1457 Praelati
1556 1422 1688 1468 Ordinis
1711 1432 1857 1457 revocant

408 1467 518 1501 fratres
557 1474 642 1501 extra
679 1478 752 1501 eum
794 1476 964 1508 morantes,
1008 1471 1078 1503 570
1122 1483 1152 1503 ιι.
1181 1470 1266 1504 Idem
1301 1471 1340 1505 de
1380 1471 1486 1506 missis
1519 1471 1556 1505 ad
1598 1471 1857 1517 praedicandum,

409 1516 660 1563 inquisitoribus,
682 1525 734 1550 etc.
758 1518 833 1550 ibid.
860 1519 887 1551 b.
912 1517 1050 1553 Professi
1079 1519 1264 1554 recedentes
1286 1520 1324 1554 ab
1346 1521 1467 1554 Ordine
1490 1520 1608 1567 absque
1625 1521 1749 1555 licentia
1766 1534 1856 1555 coer-

409 1574 538 1600 ceantur
565 1577 628 1599 una
651 1577 723 1600 cum
739 1578 794 1600 eos
821 1566 1042 1608 retinentibus,
1071 1570 1135 1602 571
1178 1581 1208 1603 a.
1246 1569 1320 1604 Item
1358 1569 1521 1609 licentiati,
1543 1571 1567 1604 si
1604 1569 1641 1604 ad
1670 1570 1857 1604 strictiorem

409 1614 564 1649 Ordinem
588 1626 651 1648 non
675 1615 866 1659 transierint,
890 1617 964 1650 ibid.
989 1617 1064 1651 Item
1088 1625 1247 1664 apostatae
1266 1618 1305 1652 ab
1317 1618 1451 1660 Ordine,
1470 1620 1544 1652 ibid.
1563 1619 1664 1653 Eiecti
1681 1619 1726 1653 rel
1743 1620 1858 1665 egressi

409 1663 446 1697 ab
473 1662 595 1697 Ordine
619 1675 681 1698 non
707 1664 899 1710 praedicent,
924 1677 981 1700 nec
1008 1666 1038 1700 in
1061 1667 1130 1701 aliis
1152 1666 1327 1701 Ordinibus
1351 1668 1553 1714 recipiantur,
1571 1669 1647 1702 ibid.
1670 1670 1698 1702 b.
1724 1668 1857 1703 Habitus

411 1712 523 1747 similis
549 1712 618 1747 aliis
641 1713 837 1753 interdictus,
860 1715 936 1748 ibid.
965 1714 1052 1750 Ordo
1074 1715 1329 1750 praedicatorum
1352 1729 1368 1751 a
1392 1717 1524 1751 decimis
1546 1725 1725 1764 exemptuS,
1742 1720 1813 1752 572
1828 1730 1858 1751 a.

411 1762 457 1796 De
479 1761 571 1797 bonis
593 1761 746 1797 Ordinem
772 1764 998 1810 profitentium,
1023 1766 1097 1798 ibid.
1121 1765 1289 1811 Sepultura
1314 1766 1342 1799 in
1360 1766 1437 1800 loeis
1458 1765 1588 1800 Ordinis
1611 1767 1726 1813 cuique
1749 1766 1858 1805 libera,

410 1813 484 1845 ibid.
511 1811 643 1846 Caetera
666 1812 823 1847 defunctis
847 1825 902 1859 per
929 1813 1014 1860 ipsos
1037 1814 1165 1849 Ordinis
1193 1815 1302 1850 fratres
1331 1815 1531 1862 praestanda,
1554 1816 1630 1850 ibid.
1660 1815 1705 1850 De
1727 1816 1856 1850 confes—

410 1861 554 1896 sionibus
569 1861 731 1901 faciendis,
747 1864 821 1897 ibid.
836 1862 1012 1898 Libertates
1032 1864 1202 1899 nonnullae
1227 1864 1338 1899 Ordini
1355 1877 1535 1908 concessae,
1552 1866 1627 1899 ibid.
1646 1867 1674 1898 b.
1690 1865 1859 1911 Exemptio

409 1923 425 1945 a
448 1923 648 1958 quacumque
671 1913 826 1946 solutione
856 1912 901 1946 vel
925 1925 1033 1957 onere,
1056 1915 1131 1947 ibid.
1156 1913 1202 1948 De
1225 1914 1428 1949 translatione
1464 1914 1620 1949 bonorum
1655 1923 1685 1949 et
1708 1913 1857 1948 domibus

411 1961 620 2005 dimittendis,
649 1963 720 1996 575
741 1975 771 1997 a.
800 1962 969 2009 Exemptio
996 1975 1011 1997 a
1039 1963 1249 1998 subventione
1281 1964 1452 2010 legatorum
1481 1974 1511 1999 et
1540 1978 1555 1998 a
1579 1963 1706 1998 iudiciis
1733 1964 1859 1998 ordina-

411 2011 541 2051 riorum,
565 2012 639 2045 ibid.

310 2059 437 2094 Dulcini
460 2060 652 2104 (haeretici);
676 2073 783 2095 eorum
807 2061 930 2097 cineres
951 2062 1055 2097 colere
1078 2063 1220 2106 vetitum,
1244 2064 1307 2097 541
1342 2064 1370 2096 b.

1064 2167 1101 2206 Ε

312 2260 493 2295 Eberardus
515 2261 646 2307 Angliae
675 2274 739 2301 rex,
761 2263 1054 2308 crucesignatorum
1078 2262 1152 2301 dux,
1182 2266 1247 2296 115
1274 2265 1301 2296 b.

312 2309 454 2344 Ecclesia
478 2310 548 2345 Dei.
574 2311 759 2347 Assistentia
783 2311 838 2346 Dei
863 2311 1037 2354 Ecclesiae,
1064 2314 1130 2345 124
1146 2324 1175 2345 α.
1205 2311 1292 2352 Quae
1317 2313 1412 2346 tutior
1426 2320 1472 2346 est
1495 2319 1523 2344 et
1548 2310 1785 2345 constantiorin
1801 2309 1858 2344 ad-

413 2360 625 2400 versitatibuS,
648 2363 722 2396 ibid.
748 2363 775 2395 b.
800 2361 970 2396 Maximum
987 2361 1148 2395 Ecclesiae
1166 2361 1295 2401 malum,
1315 2362 1339 2395 si
1358 2361 1523 2407 providum
1545 2373 1605 2394 non
1623 2359 1735 2394 babeat
1759 2367 1862 2405 pasto-

415 2422 493 2453 rem,
517 2412 590 2444 ibid.

314 2458 476 2494 Ecclesiae
495 2459 658 2494 Romanae
681 2460 830 2505 dignitas,
861 2463 923 2494 187
953 2462 981 2493 b.
1012 2460 1090 2494 Eius
1114 2461 1252 2507 potentia
1276 2473 1370 2506 super
1395 2459 1554 2506 principes
1576 2457 1673 2494 orbis,
1697 2459 1767 2491 214
1796 2471 1825 2491 α.

315 2508 474 2543 Ecclesiae
499 2510 686 2544 universalis
708 2522 781 2544 eura
806 2510 874 2544 data
898 2509 933 2543 B.
959 2509 1064 2552 Petro,
1093 2512 1162 2543 617
1187 2523 1216 2543 α.

315 2558 530 2593 Ecclesiarum
555 2559 650 2593 Urbis
673 2559 753 2593 bona
779 2572 840 2593 non
864 2568 937 2593 sunt
960 2559 1164 2597 infeudanda,
1188 2559 1317 2593 locanda
1334 2571 1389 2593 seu
1406 2557 1582 2600 alienanda,
1608 2559 1678 2591 655
1692 2569 1721 2589 α.
1739 2556 1858 2590 Earum

416 2608 570 2643 bonorum
595 2609 898 2643 administrationem
922 2617 1115 2649 exercentes,
1139 2609 1236 2643 literis
1259 2608 1439 2655 apostolicis
1453 2620 1506 2642 seu
1525 2606 1712 2655 provisionis
1731 2605 1861 2640 minime

415 2658 581 2706 expeditis,
605 2660 716 2706 poenis
743 2659 967 2703 subiiciuntur,
991 2660 1061 2693 655
1084 2671 1114 2692 a.
