2274 3265
86 274 135 300 An.
153 274 181 300 C.
203 275 268 301 t325

100 337 134 357 Pie
150 338 243 357 innuitur.

284 337 361 364 tator
383 337 431 365 est
454 330 634 370 maiestatis,
650 330 846 377 opprimetur
872 343 887 365 a
915 330 1023 377 gloria.

284 379 375 415 Unde
407 379 563 426 sapienter
589 379 706 415 Doctor
739 380 822 414 idem
845 389 937 427 atque
967 379 1026 413 hu-

284 429 398 464 militer
418 432 470 473 (ut
493 429 621 476 praefati
635 432 763 475 sumus)
786 442 910 464 omnem
936 441 1024 463 suam

285 478 377 513 verbo
401 479 447 513 vel
475 480 593 527 scripto
619 479 792 513 doctrinam
821 479 856 512 ad
885 478 1025 513 eiusdem

284 528 442 564 Ecclesiae
477 529 547 564 fidei
584 540 723 563 normani
754 527 837 562 fideli
861 527 1027 562 devotione

285 580 423 615 reduxit:
447 591 540 626 quam
555 579 638 613 Petri
653 590 706 612 ore
724 577 870 612 diffusam
886 578 1026 612 stabilem

284 639 410 665 noverat
443 638 473 665 et
504 629 597 664 nullis
622 628 868 662 concussionum
905 627 1029 661 flatibus

283 680 479 727 agitandam;
495 691 564 713 cum
576 685 644 726 post
655 690 756 712 veram
773 677 896 712 deitatis
910 675 1027 711 Christi

285 730 543 776 recognitionem,
554 739 619 783 qua
634 727 812 774 respondit:
829 726 876 761 Tu
890 739 924 761 es
939 726 1031 761 Chri-

285 787 352 814 stus
366 778 448 813 filius
462 777 518 812 Dei
535 777 604 818 vivi,
620 776 659 811 ab
682 776 753 823 Ipso
767 776 876 812 audire
900 777 1027 812 meruit:

284 828 332 863 Tu
355 841 389 863 es
410 827 522 862 Petrus
543 835 573 861 et
594 838 689 873 super
710 826 789 861 hanc
807 834 926 874 petram
949 825 1032 861 aedi-

287 877 384 913 ficabo
418 876 593 912 Ecclesiam
628 888 748 916 meam3
783 884 812 911 et
846 875 935 910 alibi:
964 875 1031 921 Ego

287 939 342 974 pro
369 936 398 962 te
421 926 537 972 rogavi,
557 925 661 965 Petre,
685 933 717 960 ut
739 937 801 960 non
817 925 941 960 deficiat
956 925 1032 959 fides

287 984 360 1017 tua;
388 975 529 1023 dumque
558 987 612 1022 pro
639 974 732 1010 Petro
757 974 904 1010 Christus
931 983 1032 1021 rogat,

288 1038 343 1073 pro
365 1025 434 1061 eius
456 1025 596 1060 Ecclesia
624 1024 798 1059 intercedit.

336 1075 356 1122 S
389 1076 421 1109 8.
460 1074 605 1118 Verum,
644 1075 718 1121 quia
745 1074 874 1122 dignum
903 1082 968 1108 erat
1003 1081 1034 1108 et

288 1136 475 1164 consonum,
511 1132 543 1160 ut
580 1136 674 1172 quem
696 1123 783 1158 Deus
822 1125 974 1158 viventem
1004 1123 1033 1158 in

291 1174 350 1209 hoc
376 1174 502 1209 saeculo
537 1174 631 1209 tantis
654 1173 721 1208 suis
748 1173 841 1208 donis
863 1173 1034 1219 gratiisque

292 1224 474 1271 perfecerat,
497 1231 691 1270 assumptum
715 1222 744 1256 iu
773 1223 868 1257 coelis
895 1222 1036 1257 sanctifi-

106 1128 210 1149 tiu-acutis
230 1128 274 1148 cla-

93 1164 132 1181 ret.

291 1283 392 1308 catum
421 1273 485 1307 sore
512 1271 695 1307 hominibus
721 1271 904 1316 declararet,
930 1271 1036 1305 multis

291 1321 439 1357 eumdem
466 1322 566 1356 virum
605 1320 664 1356 Dei
695 1329 763 1368 post
786 1321 883 1368 ipsius
909 1320 947 1356 de
979 1320 1036 1355 hac

291 1372 351 1406 vita
384 1371 551 1406 transitum
575 1370 663 1414 (licet
702 1378 733 1405 et
759 1378 848 1405 antea
884 1370 1037 1405 nonnulla

291 1421 404 1456 secisse
418 1424 632 1464 memoretur),
649 1421 834 1467 magnisque
853 1420 950 1466 signis
968 1420 1038 1467 glo-

292 1471 408 1506 riosius
426 1482 607 1511 coruscare,
631 1480 665 1505 ut
693 1469 770 1504 illud
793 1470 903 1518 psalmi
928 1469 1038 1504 merito

292 1520 330 1555 de
355 1520 422 1568 ipso
449 1520 608 1555 dicamus:
632 1519 761 1560 Scitote,
776 1520 848 1567 quia
864 1519 1040 1554 mirificavit

293 1570 448 1605 Dominus
475 1579 616 1605 sanctum
640 1582 751 1610 suum,
774 1570 883 1617 sicque
898 1570 956 1604 rita
972 1569 1040 1604 eius

293 1629 494 1655 attestaretur
522 1620 692 1662 miraculis,
719 1627 751 1654 ut
778 1619 861 1654 illius
889 1619 1039 1654 miracula

295 1671 372 1705 vitae
394 1670 610 1705 testimonium
635 1669 847 1717 perhiberent.
866 1668 912 1704 De
927 1669 1042 1716 quihus

296 1732 395 1767 pauca
417 1720 456 1755 de
471 1719 578 1756 multis
601 1720 630 1754 in
653 1719 710 1755 Dei
734 1719 856 1754 laudem
885 1728 914 1754 et
936 1719 1041 1754 Sancti

296 1770 389 1805 huius
415 1769 732 1813 commendationem,
746 1777 777 1804 et
795 1768 1042 1804 aedificationem

296 1819 448 1861 fidelium,
468 1819 588 1855 idoneis
603 1820 772 1867 approbata
796 1819 939 1860 testibus,
960 1831 1045 1866 prae-

297 1869 442 1905 sentibus
468 1869 704 1904 subnectemus.

347 1919 367 1966 ,ξ
393 1923 428 1955 9.
451 1919 528 1954 Post
545 1920 716 1966 septimum
733 1931 870 1966 namque
892 1930 1044 1958 mensem,

301 1968 347 2003 vel
370 1969 464 2009 circa,
492 1980 508 2003 a
531 1969 580 2003 die
597 1968 711 2009 obitus,
734 1968 832 2016 ipsius
854 1968 887 2003 S.
903 1968 1045 2002 Thomae

302 2018 340 2053 de
368 2018 517 2065 Aquino
539 2030 610 2053 cum
639 2030 754 2066 corpus
777 2018 867 2063 eius,
903 2017 987 2073 quod
1017 2018 1045 2051 in

303 2068 444 2115 cappella
466 2067 499 2102 S.
528 2066 679 2115 Stephani
707 2067 972 2103 dictimonasterii
994 2079 1047 2114 per

305 2117 388 2152 idem
412 2126 537 2165 tempus
562 2117 720 2173 sepultum
749 2118 902 2157 extiterat,
929 2116 968 2152 ad
995 2129 1047 2151 se-

306 2167 473 2215 pulchrum
501 2166 644 2202 eiusdem
670 2168 816 2215 primum,
831 2167 1048 2202 scilicetiuxta

305 2216 401 2252 altare
432 2216 533 2251 maius
565 2216 725 2252 Ecclesiae
753 2217 933 2252 monasterii
961 2224 1049 2251 ante-

306 2267 393 2308 dicti,
414 2266 496 2301 unde
518 2265 556 2300 ad
579 2274 705 2314 tempus
728 2279 782 2314 per
797 2279 946 2302 monacos
965 2266 1050 2301 eius-

307 2316 377 2351 dem
412 2316 590 2351 monasterii
625 2317 746 2351 timoris
767 2329 859 2351 causa
892 2316 1050 2352 sublatum

308 2366 419 2411 fuerat,
442 2378 480 2400 ne
507 2377 623 2413 corpus
638 2366 739 2414 ipsum
763 2367 892 2401 omnino
911 2366 950 2401 de
966 2366 1051 2400 dicto

310 2416 499 2451 monasterio
526 2416 708 2460 tolleretur,
736 2428 791 2463 per
818 2416 1050 2451 translationem

11 2469 18 2690 ι
310 2466 416 2500 denuo
440 2465 656 2505 exhumatum,
680 2465 792 2500 deferri
807 2466 920 2501 exinde
942 2465 1054 2500 decre-

115 1969 162 1990 Eius
210 1974 286 1995 corpus

103 2003 154 2021 miro
174 2004 241 2020 maim
262 2006 287 2019 o

104 2033 161 2052 dore.

312 2516 440 2560 vissent,
462 2515 493 2550 in
510 2524 655 2562 apertura
672 2516 770 2562 ipsius
789 2516 946 2563 sepulchri
967 2516 1055 2550 eius-

310 2566 382 2600 dem
395 2565 553 2613 cappellae
569 2565 602 2599 S.
616 2565 769 2613 Stephani
791 2573 874 2600 tanta
893 2565 1055 2612 fragrantis

313 2615 419 2650 odoris
460 2616 595 2650 suavitas
627 2616 807 2654 emanavit,
843 2615 927 2662 quod
960 2623 1055 2650 totam

315 2665 413 2712 ipsam
445 2665 617 2713 cappellam
637 2692 645 2709 ,
684 2665 917 2712 claustrumque
958 2665 1057 2712 ipsius

434 2722 505 2752 Ball.
526 2722 600 2752 Rom.
625 2722 676 2751 lvol.
701 2722 745 2751 IV.
879 2722 914 2751 39

794 274 930 297 ιοΑΝΝΕε
957 274 1006 296 xxi
1035 263 1142 305 (dictus
1165 266 1245 306 xxti)
1268 274 1304 295 pr

1697 264 1765 297 305

1068 330 1261 370 monasterii,
1289 329 1372 376 quod
1401 329 1549 365 diffusum
1578 337 1636 372 est,
1657 330 1731 365 mira
1760 341 1815 365 ea-

1067 379 1138 413 dem
1166 379 1317 414 suavitate
1346 379 1497 426 replevit,
1533 392 1613 427 qnae
1646 380 1685 414 de
1717 381 1816 427 ipsius

1069 441 1200 476 corpore
1239 432 1347 476 (prout
1390 441 1426 463 ex
1454 430 1596 470 solicita,
1631 431 1817 477 curiosaque

1071 491 1272 513 monacorum
1303 478 1448 525 indagine
1476 487 1521 513 est
1557 484 1734 527 repertum)
1759 480 1817 514 mi-

1070 528 1155 564 rifice
1188 528 1389 563 fundebatur.
1424 528 1555 575 Propter
1590 529 1673 576 quod
1702 531 1818 564 maiore

1071 592 1125 626 per
1141 591 1289 614 monacos
1300 587 1449 625 concepta
1465 579 1527 612 ad
1522 592 1624 625 ipsum
1641 579 1817 620 devotione

1071 637 1155 663 totus
1182 638 1354 664 conventus
1391 628 1663 684 processionalihr
1691 630 1818 677 (priore

1072 688 1173 714 tamen
1202 679 1275 714 dicti
1310 679 1502 722 monasterii,
1531 691 1600 712 cum
1629 679 1818 726 quibusdam

1072 742 1109 765 ex
1144 729 1285 764 monacis
1318 729 1507 776 paramentis
1531 727 1673 772 indutis)
1703 741 1820 776 corpus

1074 780 1175 827 ipsum
1198 779 1236 814 ad
1261 778 1430 826 praefatum
1456 778 1589 826 primum
1617 779 1686 812 eius
1712 779 1822 825 sepul-

1072 829 1182 864 chrum
1206 828 1378 863 honorifice
1400 828 1594 863 detulerunt.
1618 826 1707 862 Hanc
1730 828 1823 862 simi-

1073 879 1133 913 lem
1177 877 1376 926 fragrantiam
1413 886 1482 925 post
1509 885 1631 925 septem
1666 890 1821 913 annorum

1073 928 1238 975 spacium,
1273 928 1400 975 quidam
1438 940 1475 961 ex
1513 926 1667 967 testibus,
1695 926 1823 983 quidam

1075 990 1147 1012 vero
1171 985 1239 1025 post
1258 976 1494 1024 quatuordecim
1511 988 1664 1011 annorum
1682 977 1822 1023 spacium

1074 1027 1212 1062 sensisse
1239 1039 1272 1062 se
1295 1026 1445 1071 referunt,
1474 1026 1549 1061 dum
1578 1038 1692 1073 corpus
1720 1026 1823 1074 ipsum

1076 1077 1208 1111 diversis
1241 1089 1277 1111 ex
1313 1077 1415 1111 causis
1443 1089 1497 1123 pei·
1531 1084 1708 1123 temporum
1744 1076 1825 1110 tices

1076 1126 1186 1161 sedulo
1209 1126 1428 1172 inspexissent.
1457 1125 1583 1172 Quippe
1610 1125 1699 1169 odor,
1723 1126 1826 1160 carnis

1076 1177 1144 1210 eius
1158 1175 1343 1209 munditiam
1359 1174 1426 1209 Deo
1445 1183 1601 1221 acceptam
1621 1174 1826 1222 exprimebat,

1077 1224 1253 1259 orationum
1268 1225 1336 1259 eius
1350 1224 1550 1259 adoramenta
1562 1225 1826 1271 repraesentabat,

1078 1274 1191 1308 famam
1232 1286 1359 1322 quoque
1399 1274 1468 1308 eius
1505 1274 1620 1308 claram
1660 1273 1828 1309 diffusione

1080 1324 1230 1358 virtutum
1265 1332 1294 1357 et
1323 1323 1444 1358 illarum
1472 1332 1647 1358 aromatum
1677 1336 1739 1358 non
1774 1336 1829 1358 ce-

1079 1372 1172 1408 labat.

1129 1422 1148 1470 g
1180 1424 1235 1457 40.
1263 1422 1398 1464 Quidam
1432 1429 1496 1456 arte
1531 1422 1746 1468 chirurgicus,
1773 1422 1827 1457 sed

1082 1484 1136 1519 per
1158 1472 1346 1507 decennium
1370 1471 1550 1507 infirmitate
1573 1471 1773 1519 podagricus,
1789 1473 1829 1507 ita

1082 1521 1167 1570 quod
1192 1523 1236 1557 ire
1259 1534 1313 1569 per
1334 1534 1368 1557 se
1385 1522 1429 1556 vel
1453 1521 1613 1556 ambulare
1630 1534 1828 1570 nequaquam

1082 1572 1201 1620 absque
1223 1571 1405 1606 baculorum
1429 1572 1658 1606 sustentatione
1674 1580 1726 1606 aut
1752 1571 1831 1607 alio-

1084 1635 1152 1657 rum
1171 1621 1322 1668 suffragio
1346 1629 1476 1669 poterat,
1503 1634 1537 1656 se
1560 1621 1628 1656 Deo
1646 1631 1675 1656 et
1693 1621 1730 1657 Β.
1751 1621 1832 1657 Tho-

1085 1684 1152 1706 mae
1180 1672 1360 1712 devovens,
1383 1672 1466 1706 iuxta
1494 1684 1565 1706 eum
1596 1671 1754 1706 tumulum
1784 1673 1832 1707 in·

1084 1722 1238 1757 cumbens
1266 1723 1418 1765 (oratione
1437 1721 1541 1766 facta),
1568 1734 1664 1756 sanus
1687 1721 1832 1769 prosiliit,

1085 1781 1115 1806 et
1142 1784 1283 1812 currens,
1305 1784 1340 1806 ac
1363 1770 1463 1806 Deum
1489 1771 1631 1812 laudans,
1654 1772 1737 1819 quod
1767 1785 1834 1807 me-

1088 1822 1154 1856 ritis
1195 1822 1263 1856 eius
1299 1831 1382 1856 esset
1410 1830 1471 1856 tam
1501 1822 1610 1867 longae
1645 1821 1834 1858 infirmitatis

1088 1872 1237 1917 languore
1260 1879 1396 1906 curatus.

1135 1921 1155 1967 S
1180 1926 1234 1955 11.
1250 1920 1338 1955 Alter
1359 1920 1684 1968 quidamexhorribili
1700 1921 1834 1969 quadam

1089 1970 1208 2005 visione
1231 1970 1455 2018 phantasmatis
1471 1970 1639 2005 timiditate
1655 1983 1835 2018 percussus,

1091 2020 1221 2067 pedibus
1245 2020 1453 2067 manibusque
1470 2028 1647 2054 contractus
1667 2020 1724 2055 fuit
1738 2029 1768 2057 et
1783 2033 1837 2057 ore

1089 2082 1124 2104 ac
1159 2070 1235 2105 facie
1269 2069 1446 2109 distortus,
1482 2069 1628 2105 sensibus
1663 2082 1772 2106 carens
1807 2078 1837 2105 et

1090 2120 1175 2154 omni
1207 2119 1321 2154 virtute
1351 2119 1518 2154 destitutus
1535 2147 1543 2159 ,
1580 2120 1619 2154 ita
1643 2120 1728 2168 quod
1751 2120 1837 2168 loqui

1093 2181 1154 2204 non
1179 2178 1309 2217 poterat,
1324 2169 1378 2204 sed
1394 2178 1518 2204 mortuo
1531 2169 1643 2204 similis
1662 2170 1838 2214 videbatur,

1091 2218 1169 2254 adeo
1203 2227 1237 2253 ut
1265 2219 1367 2265 ignem
1395 2220 1464 2254 eius
1497 2219 1648 2254 membris
1675 2219 1838 2255 admotum

1092 2269 1269 2303 nullatenus
1291 2270 1430 2310 sentiret,
1459 2276 1599 2315 portatus
1621 2268 1658 2303 ad
1681 2270 1838 2304 tumulum

1094 2318 1186 2358 illius,
1206 2326 1275 2366 post
1289 2319 1453 2362 morulam,
1470 2317 1546 2353 liber
1558 2326 1587 2353 et
1603 2331 1698 2353 sanus
1711 2320 1839 2354 omnino

1093 2381 1109 2403 a
1131 2368 1216 2403 dicto
1238 2368 1405 2415 sepulchro
1425 2368 1568 2403 surrexit.

1142 2418 1162 2465 g
1186 2420 1240 2452 01⁶2..
1265 2418 1353 2452 Alius
1375 2417 1451 2452 dum
1468 2430 1529 2453 non
1549 2417 1659 2453 devote
1674 2418 1713 2454 de
1724 2418 1840 2454 Sancto

1095 2469 1248 2508 sentiret,
1276 2468 1418 2502 virtutem
1441 2467 1499 2501 Dei
1537 2468 1566 2502 in
1595 2467 1724 2508 Sancto,
1753 2468 1782 2503 in
1808 2481 1841 2504 se

1097 2518 1254 2566 duplicem
1277 2526 1325 2552 est
1354 2526 1513 2564 expertus,
1538 2518 1735 2562 infirmitatis,
1766 2519 1841 2554 dum

1098 2568 1271 2603 contemnit
1288 2595 1295 2608 ,
1319 2567 1476 2611 sanitatis,
1499 2567 1575 2602 dum
1599 2580 1614 2602 a
1642 2577 1843 2617 contemptus

1098 2618 1188 2666 culpa
1212 2617 1366 2652 discessit.
1389 2617 1468 2652 Nam
1495 2629 1566 2652 curn
1589 2618 1646 2652 sihi
1669 2617 1844 2654 devotionis

1099 2680 1189 2702 causa
1213 2679 1227 2701 a
1255 2667 1390 2714 quodam
1419 2667 1602 2715 cappellano
1627 2668 1732 2715 plures
1750 2681 1843 2703 vene-

1830 279 1878 300 ΑΗ.
1897 274 1926 300 C.
1942 274 2007 300 ¹3²5

1855 1428 1950 1454 Podagra
1965 1427 2026 1448 labo-

1843 1465 1899 1484 ram,

1875 1932 1977 1953 Sensibus
1993 1934 2036 1951 nu-

1850 1965 1917 1991 ptdus,

1867 2427 2039 2450 Tromebuudus,

1855 2462 1876 2480 et
1899 2459 1981 2479 tnssatus
2003 2465 2039 2479 ce>

1856 2491 1906 2516 pite.
