2274 3265
248 252 296 279 Αη.
315 251 342 278 Ο
365 250 431 277 1285

256 861 414 882 panormitanus

242 894 265 913 ad
287 893 424 914 rebellionem

242 924 348 943 nollit-ilat.

252 1847 299 1868 Eum
310 1847 421 1868 anathema

239 1881 312 1898 fontia
336 1876 421 1899 siciliae

239 1915 348 1930 invaseres
358 1908 420 1929 latum

265 1942 395 1961 contraxisse

287 1976 376 1994 eonntat.

494 240 539 272 60

1033 250 1130 273 BULLA
1137 251 1215 273 RtUM
1246 251 1405 273 ttOMANUM

443 305 695 351 crucesignatum
720 306 748 339 in
776 303 890 340 Terrae
918 305 1051 341 Sanctae
1083 306 1188 341 snbsi-
1228 305 1312 347 dem,
1341 306 1522 353 privationis
1557 307 1734 350 feudorum,
1762 320 1841 355 quae
1874 309 1930 356 ipsi
1961 325 1974 345 a

442 355 528 390 dium
556 363 586 389 et
609 354 733 401 publice
747 354 784 389 ad
805 354 874 399 Dei,
896 355 1102 402 eiusdemque
1117 355 1186 390 fidei

442 404 591 451 obsequia
629 404 845 451 prosequenda
881 404 1081 452 dispositum,
1105 405 1185 440 nulla

441 453 634 489 diffidatione
671 455 861 499 praemissa,
897 454 979 501 quod
1017 455 1185 489 multorum

441 503 558 538 iudicio
581 502 767 550 proditionis
791 511 893 538 notam
917 516 977 538 non
998 504 1116 550 effugit,
1136 505 1186 539 lio·

440 554 550 588 stilitcr
579 553 771 600 impetendo,
800 566 857 588 nec
880 565 940 587 non
964 561 991 587 et
1019 562 1125 588 contra
1147 554 1185 601 ip-

439 616 505 638 sam
522 612 651 639 matrem
675 602 849 638 Ecclesiam
874 612 984 637 terram
1005 603 1082 643 eins,
1105 604 1186 638 sicut

441 652 647 700 praedicitur,
671 652 845 687 invadendo
867 661 897 686 et
919 653 1104 699 occupando
1132 653 1186 687 di-

441 703 531 737 rexit.
558 701 624 737 Nec
646 714 717 737 eum
734 711 873 742 excusat,
896 701 949 736 sed
977 711 1103 736 accusat
1129 715 1186 749 po—

441 753 517 793 tius,
565 751 648 799 quod
687 751 724 786 ad
765 760 866 798 partes
906 751 1030 785 Africae
1067 752 1186 786 insulae

440 801 615 849 praedictae
639 801 754 835 vicinas
776 800 889 835 diebus
910 800 1067 848 aliquibus
1089 801 1188 836 ‹leeli-

440 851 532 885 navit.
565 850 598 885 Id
623 851 706 885 enim
744 851 845 897 ipsum
875 849 944 884 ideo
980 850 1186 884 concinnasse

438 900 561 947 probat.
590 900 685 934 immo
719 910 746 933 et
782 899 939 933 convincit
975 907 1118 938 eventus,
1141 908 1186 939 ut,

438 949 672 997 opportunitate
687 956 820 995 captata,
836 948 1035 983 commodius
1063 949 1185 996 iniqui-

438 1006 530 1034 tatem
559 1010 652 1045 quam
681 1007 865 1044 conceperat
904 998 1081 1044 parturiret:
1119 1010 1186 1032 ma-

437 1048 519 1083 xime
535 1061 605 1082 rum
631 1059 685 1094 per
707 1058 781 1082 suos
797 1048 928 1083 nuncios
943 1047 1056 1083 missos
1073 1047 1186 1083 exinde

437 1097 554 1144 pluries
576 1096 702 1131 eosdem
729 1095 966 1132 Panormitanos
988 1097 1185 1141 sollicitas-se,

436 1159 471 1181 ac
498 1146 574 1193 ipsis
602 1146 631 1180 in
662 1155 860 1193 praesumpta
891 1146 1004 1181 malitia
1033 1146 1185 1181 obtulisse

436 1196 602 1230 consilinm
627 1203 656 1230 et
678 1195 829 1230 auxilium
853 1195 1020 1231 diceretur.
1048 1195 1114 1231 Nec
1136 1209 1185 1231 es—

436 1253 482 1280 set
511 1245 556 1279 vel
572 1245 612 1279 sit
635 1245 803 1280 verisimile
823 1245 906 1292 quod
929 1245 1072 1280 eamdem
1100 1246 1185 1280 Afri-

437 1306 516 1339 cam,
546 1303 657 1330 terram
681 1295 799 1342 quippe
827 1294 941 1330 diffuso
970 1304 1084 1330 vastam
1116 1308 1184 1330 am-

437 1343 519 1384 bitu,
555 1344 698 1379 refertam
727 1344 836 1379 incolis
865 1358 927 1379 non
961 1357 1090 1391 prorsus
1125 1345 1185 1379 im-

436 1392 583 1438 bellibus,
617 1393 736 1428 crebris
770 1394 1000 1429 munitionibus
1028 1402 1060 1428 ut
1093 1394 1184 1429 babet

436 1442 515 1478 sama
540 1455 601 1478 uon
631 1456 772 1483 vacuam,
805 1444 919 1490 opibus
950 1452 980 1477 et
1013 1444 1080 1478 aliis
1104 1457 1185 1490 opu-

435 1493 567 1534 lentam;
595 1494 687 1528 cuius
714 1493 906 1527 invasionem
936 1493 984 1527 vix
1011 1494 1182 1528 multorum

435 1554 544 1588 regum
569 1550 598 1577 et
618 1542 794 1589 principum
830 1554 1029 1590 quorumque
1049 1543 1184 1589 potentia

435 1600 610 1626 coacervata
641 1601 864 1638 praesumeret,
880 1593 945 1639 ipse
968 1592 1005 1626 ad
1034 1592 1093 1627 lioc
1113 1605 1185 1639 pro-

435 1640 585 1676 culdubio
613 1640 730 1676 divitiis
763 1642 863 1687 impar
897 1651 927 1677 et
955 1641 1084 1682 viribus,
1113 1654 1183 1677 cum

435 1690 577 1725 comitiva
614 1690 736 1725 modica
767 1690 954 1726 bellatorum
981 1690 1067 1726 solus
1088 1704 1183 1727 assu—

435 1748 533 1775 meret
560 1740 778 1775 invadendam.

483 1789 503 1836 S
540 1792 595 1824 10.
624 1789 784 1837 Numquid
813 1798 843 1825 et
874 1790 985 1825 iterum
1013 1790 1090 1825 haec
1122 1803 1182 1825 non

435 1838 654 1883 ostendebant,
677 1849 705 1874 et
728 1847 868 1886 patenter
890 1839 1072 1883 ostendunt,
1100 1840 1182 1887 quod

437 1888 516 1923 ideni
543 1902 593 1923 rex
618 1889 793 1935 Aragoniae
819 1903 916 1937 nepos
931 1899 1089 1936 tamquam
1105 1890 1185 1924 eius-

436 1939 506 1973 dem
543 1939 662 1974 iusulae
696 1940 769 1974 dicti
803 1942 890 1986 regui
931 1940 1054 1976 Siciliae
1088 1941 1184 1988 partis

436 2002 497 2024 non
527 1990 668 2024 modicae
697 1990 881 2026 manifestus
917 1992 1039 2026 invasor
1072 2001 1101 2027 et
1130 2004 1183 2026 oc-

435 2050 565 2087 cupator
587 2053 621 2075 ac
648 2040 942 2077 Panormitanorum
969 2041 1129 2077 rebellium
1155 2052 1181 2077 et

434 2090 609 2134 seditionis,
632 2091 868 2132 commotionis,
884 2104 938 2126 seu
952 2093 1182 2131 concitationis,

436 2140 582 2187 pacisque
626 2140 815 2175 turbationis
862 2150 967 2176 contra
1010 2142 1181 2189 praefatum

434 2203 538 2236 regem
575 2189 723 2225 Carolum
761 2200 861 2226 motae
888 2193 1029 2227 notorius
1051 2194 1132 2227 lotor
1154 2201 1182 2227 et

435 2239 546 2279 fautor,
585 2248 617 2274 et
643 2240 795 2275 adversus
830 2242 972 2276 eamdem
1008 2242 1181 2278 Ecclesiam

434 2300 519 2325 actor
540 2298 570 2325 et
587 2290 694 2332 factor,
714 2290 825 2337 suique
845 2291 1024 2338 complices,
1040 2293 1181 2333 comites,

434 2339 582 2375 satellites
611 2349 641 2374 et
666 2340 798 2376 ministri
823 2342 1024 2388 praemissam
1050 2355 1102 2389 per
1126 2356 1183 2377 nos

434 2390 462 2424 in
501 2390 657 2437 praedicto
692 2390 896 2426 Ascensionis
931 2391 1007 2426 festo
1034 2391 1125 2427 latam
1151 2393 1180 2427 in

433 2453 541 2475 omnes
580 2441 694 2475 nostris
730 2441 966 2483 monitionibus,
990 2443 1181 2490 praeceptis,

433 2499 461 2525 et
508 2490 747 2526 inhibitionibus
782 2504 842 2526 non
873 2501 1016 2538 parentes
1054 2506 1181 2528 exenni-

435 2540 654 2576 municationis
677 2543 862 2576 sententiam
892 2542 1100 2584 incurrerunt,
1125 2555 1181 2578 nec

434 2589 639 2626 absolutionis
666 2591 867 2627 vassallorum
897 2605 1025 2628 suorum
1054 2605 1069 2628 a
1097 2593 1182 2628 iura-

435 2648 539 2674 mento
569 2639 739 2681 fidelitatis,
764 2642 787 2675 si
811 2654 872 2690 quo
908 2642 1094 2677 tenebantui·
1117 2643 1181 2679 eis-

1228 355 1368 390 Romana
1395 355 1438 390 vel
1462 356 1530 391 aliis
1552 356 1807 404 quibuscumque
1830 359 1976 395 tenebant

1231 405 1392 449 Ecclesiis,
1411 414 1439 439 et
1452 405 1657 452 expositionis
1673 419 1875 452 personarum
1896 409 1974 444 ultra

1230 462 1359 489 mortem
1371 463 1402 489 et
1415 455 1652 496 mutilationem,
1669 456 1888 504 bonorumque
1904 471 1976 493 suo-

1230 517 1295 538 rum
1324 504 1549 540 comminatum
1584 506 1613 540 in
1647 506 1756 541 eodem
1792 505 1869 541 sesto
1892 509 1976 554 peri-

1228 554 1332 588 culum
1356 555 1521 589 evitarunt.
1541 554 1712 590 Universos
1727 565 1830 590 autem
1854 556 1975 592 insulae

1229 603 1418 650 praelibatae
1435 604 1576 645 rebelles,
1601 605 1720 640 scilicet
1745 604 1975 646 messanenses,

1228 652 1453 699 Agrigentinos
1485 662 1515 688 et
1541 662 1681 689 caeteros
1715 655 1888 695 civitatum,
1922 669 1976 691 ca-

1228 710 1385 742 sti-orum,
1426 703 1580 744 villarum,
1603 704 1800 752 aliorumque
1835 705 1974 741 locorum

1229 751 1328 797 ipsius
1349 751 1466 786 insulae
1498 754 1596 796 cives,
1624 753 1811 789 habitatores
1832 763 1862 788 et
1890 755 1976 789 inco-

1229 800 1284 842 las,
1302 800 1534 848 cuiuscumque
1550 803 1614 837 sint
1630 804 1883 850 praeeminentiae
1897 832 1906 848 ,
1933 805 1977 838 di-

1227 849 1366 895 gnitatis,
1389 850 1590 895 conditionis,
1616 861 1669 886 aut
1696 860 1813 894 status,
1839 854 1891 900 qui
1916 853 1976 889 Pa-

1229 899 1412 933 normitanis
1427 900 1546 934 eisdem
1562 901 1590 934 in
1608 901 1775 948 pertinacia
1796 902 1976 939 rebellionis

1227 956 1409 994 assumptae
1431 948 1540 984 saltem
1573 962 1605 984 se
1635 950 1693 985 illis
1723 951 1849 987 andacia
1881 953 1973 988 simili

1227 997 1396 1037 sociando,
1423 1009 1458 1032 ac
1497 1011 1550 1033 eos
1588 999 1719 1045 proinde
1756 1001 1919 1037 validiores
1946 1012 1976 1037 et

1228 1045 1381 1081 firmiores
1404 1047 1433 1081 in
1463 1047 1512 1082 illa
1536 1047 1718 1092 reddendo,
1747 1062 1804 1084 nec
1831 1063 1893 1086 non
1923 1064 1976 1086 so-

1227 1096 1403 1140 cietatibus,
1419 1096 1760 1139 confoederationibus,
1784 1100 1975 1145 partionibns

1227 1157 1397 1192 poenarum
1414 1155 1444 1180 et
1462 1146 1627 1181 iuramenti
1644 1147 1820 1184 adiectione
1836 1149 1975 1190 firmatis,

1229 1203 1260 1228 nt
1282 1207 1319 1229 ex
1347 1204 1422 1230 tunc
1457 1195 1618 1231 dicebatur
1651 1197 1790 1232 uniendo
1825 1197 1976 1239 faverunt,

1226 1253 1255 1278 et
1278 1254 1339 1280 tam
1362 1244 1440 1280 alios
1463 1257 1555 1292 quam
1577 1246 1817 1282 Panormitanos
1835 1248 1975 1289 eosdem,

1225 1295 1277 1341 qui
1304 1294 1462 1341 praedicto
1478 1296 1541 1342 regi
1558 1295 1732 1343 Aragoniae
1748 1298 1852 1344 nepoti
1870 1306 1975 1333 contra

1227 1344 1454 1389 prohibitiones
1478 1352 1508 1379 et
1531 1345 1648 1380 monita
1678 1354 1781 1381 nostra
1806 1347 1975 1394 praemissa

1227 1393 1412 1437 intendere,
1454 1393 1482 1427 in
1517 1394 1676 1430 invasione
1711 1404 1739 1430 et
1768 1397 1976 1443 occupatione

1227 1442 1372 1489 praefatis
1401 1444 1503 1490 ipsum
1524 1445 1664 1491 recipere
1691 1457 1727 1479 ac
1749 1455 1921 1493 receptare,
1941 1460 1974 1482 se

1228 1492 1310 1526 illius
1334 1493 1478 1539 regimini
1501 1493 1697 1534 submittere,
1722 1494 1845 1543 sibique
1868 1504 1975 1531 contra

1225 1540 1412 1583 Ecclesiam,
1435 1542 1482 1577 vel
1508 1555 1613 1590 regem
1633 1543 1780 1579 Carolum
1801 1545 1977 1592 praedictos

1226 1589 1359 1626 savorem
1383 1600 1412 1626 et
1434 1592 1586 1627 auxilium
1611 1593 1795 1641 impendere
1819 1607 1977 1642 praesum-

1227 1649 1378 1686 pserunt,
1406 1641 1525 1676 eisdem
1554 1642 1714 1678 subiectos
1740 1644 1914 1679 sententiae
1940 1658 1977 1680 ac

1227 1690 1364 1736 periculo
1387 1690 1452 1726 fore
1480 1692 1687 1739 proculdubio
1710 1705 1746 1728 ex
1774 1701 1848 1728 tune
1872 1693 1976 1742 lique—

1225 1738 1276 1773 bat
1311 1748 1340 1774 et
1367 1740 1463 1788 liquet
1498 1743 1673 1789 expositos:
1709 1742 1850 1777 civitates
1885 1756 1975 1788 vero,

1225 1797 1345 1831 castra,
1381 1792 1466 1825 villas
1492 1799 1521 1825 et
1543 1792 1599 1826 alia
1633 1791 1700 1826 loca
1724 1792 1892 1839 praedicta,
1918 1806 1976 1829 nec

1226 1850 1287 1873 non
1303 1847 1333 1873 et
1355 1840 1575 1876 universitates
1598 1842 1737 1888 ipsorum
1761 1841 1975 1878 ecclesiastico

1225 1890 1387 1936 supposita
1417 1890 1593 1926 interdicto.
1633 1891 1717 1926 Haec
1748 1901 1821 1928 sunt
1856 1893 1975 1941 quippe

1224 1953 1303 1987 qnae
1327 1953 1383 1988 per
1404 1941 1551 1976 eumdem
1575 1942 1752 1988 Aragoniae
1780 1955 1883 1989 regem
1918 1957 1973 1979 ne-

1225 1999 1329 2037 potem
1365 1992 1432 2027 Deo
1470 2001 1500 2028 et
1527 1993 1687 2029 Ecclesiae
1722 1995 1847 2029 servitia
1883 1994 1976 2029 exbi-

1226 2041 1347 2077 bentur.
1378 2044 1462 2078 Haec
1484 2051 1556 2078 sunt
1579 2056 1659 2092 quae
1683 2044 1781 2091 ipsius
1813 2044 1974 2081 Ecclesiae

1226 2093 1371 2140 prosequi
1392 2106 1424 2128 se
1448 2093 1578 2128 iactabat
1603 2094 1762 2142 obsequia.
1792 2094 1878 2129 Haec
1900 2094 1972 2130 fidei

1224 2143 1394 2178 catholicae
1430 2144 1639 2179 incrementa:
1680 2145 1726 2179 sic
1753 2144 1971 2180 exaltationem

1224 2193 1594 2239 religionischristianae
1617 2195 1828 2241 prosequitur,
1846 2195 1892 2230 sic
1907 2207 1972 2242 pro·

1223 2250 1321 2279 curat,
1345 2243 1391 2278 sic
1412 2242 1485 2286 Dei,
1514 2243 1596 2283 fidei,
1623 2243 1805 2283 Ecclesiae,
1839 2257 1875 2279 ac
1897 2244 1972 2280 reli-

1223 2292 1326 2337 gionis
1353 2293 1533 2328 earumdem
1559 2294 1665 2328 liostcs
1693 2295 1904 2341 persequitur,
1927 2295 1972 2329 sic

1224 2342 1404 2388 impugnat,
1435 2343 1547 2378 talibus
1572 2344 1601 2378 in
1624 2356 1656 2378 se
1681 2344 1813 2390 regalem
1838 2344 1972 2390 dignita-

1224 2400 1283 2426 tem
1308 2392 1496 2437 intitulabat,
1531 2393 1643 2428 talibus
1670 2394 1759 2428 vitam
1784 2406 1892 2437 suam,
1927 2394 1971 2427 sa-

1224 2454 1317 2483 mam,
1346 2455 1510 2490 genusque
1538 2443 1674 2478 decorat.

1993 254 2043 280 An.
2061 253 2171 281 (1.1285

1270 2493 1290 2539 g
1315 2495 1368 2526 tt.
1397 2493 1594 2541 Quamquam
1617 2502 1722 2529 autem
1747 2494 1839 2528 tantis
1866 2505 1972 2529 exces-
1999 2500 2095 2523 ruunt-1
2120 2505 2168 2531 1²⁰ss

1222 2538 1309 2577 sibus
1346 2543 1563 2578 excedentium
1604 2543 1763 2579 demeritis
1806 2556 1991 2591 processus,

1221 2594 1344 2639 gravior
1372 2593 1551 2635 deberetur,
1578 2602 1606 2629 et
1650 2593 1688 2629 ad
1726 2594 1969 2641 praemissarum

1222 2643 1503 2679 comminationum
1519 2644 1739 2691 exequtionem
1754 2656 1789 2678 ex
1813 2651 1886 2680 tunc
1903 2655 1971 2693 pro-

1985 2533 2066 2555 debttu

1994 2565 2054 2585 iones
