2274 3265
101 259 148 285 An.
164 258 192 284 C.
215 257 278 284 ¹297

104 954 174 975 Novae
185 955 280 975 abbatiae

97 987 130 1006 dut
146 986 248 1006 abbatem.

112 2150 140 2172 De
161 2151 282 2171 obedientia

98 2183 118 2203 oi
133 2183 266 2209 praestanda.

888 260 1036 284 Boxtmttt
1043 261 1078 283 US
1114 262 1144 283 Vt
1151 262 1172 283 11
1198 262 1243 284 ΡΙ).

297 311 491 356 monasterii,
515 312 637 347 abbatis
660 321 688 347 et
720 322 894 349 conventus
932 314 1048 349 Montis

297 360 423 396 Maioris
445 373 507 396 non
521 361 669 397 cederent
689 363 818 398 omnino
845 363 1046 411 dispendium

296 418 325 444 et
353 411 517 453 iacturam,
553 412 582 445 in
625 413 950 459 recompensationem
992 425 1048 447 eo-

297 472 379 504 rum,
407 472 487 507 quae
510 460 755 507 praemissorum
783 462 949 497 occasione
973 461 1048 497 sul)-

297 516 390 544 tracta
415 510 626 545 noscebantur
653 510 768 550 eidem,
791 520 906 546 certam
939 524 1047 559 quan-

296 559 416 594 titatem
442 559 595 594 bonorum
619 559 779 594 stabilium
807 561 836 595 in
861 561 939 595 locis
979 561 1048 595 ido-

297 609 364 643 neis
386 608 463 644 infra
486 617 586 644 certas
610 610 797 656 provincias⁷
820 609 938 645 eisdem
980 623 1049 645 mo-

296 659 445 703 nasterio,
467 658 569 693 abbati
598 666 628 693 et
650 659 817 694 conventui
843 659 959 695 Montis
981 660 1049 695 Ma-

295 708 383 749 ioris,
407 721 462 756 per
483 707 628 743 abbatem
651 708 684 744 S.
701 707 831 743 Antonii
853 717 939 744 certo
954 709 1049 745 modo

296 758 510 805 praecipimus
532 757 697 803 assignari,
726 766 820 805 prout
842 759 918 794 haec
941 767 971 794 et
991 759 1048 794 alia

295 807 324 841 in
353 807 424 842 aliis
445 806 561 842 nostris
582 806 683 842 literis
707 807 780 842 inde
807 807 960 843 confectis
987 808 1050 856 ple-

295 868 366 891 nius
387 863 598 891 conttnentur.

343 908 358 949 ἓ
379 907 434 940 Μ.
459 904 539 940 Cum
565 905 658 951 igitur
678 906 835 953 praedicto
858 906 1049 941 monasterio

294 953 327 988 S.
348 954 489 995 Antonii,
510 955 595 1001 quod
625 967 680 1001 per
706 955 891 990 huiusmodi
922 956 1049 990 ordina-

295 1004 412 1038 tionem
438 1011 576 1038 nostram
619 1004 830 1051 praefectione
853 1004 975 1039 abbatis
998 1016 1048 1039 no·

295 1052 392 1087 scitur
431 1053 584 1099 indigere,
628 1053 668 1086 sit
702 1053 741 1087 de
785 1053 895 1089 abbate
936 1053 1049 1088 idoneo

296 1102 539 1149 providendum,
563 1114 620 1136 nos
642 1102 681 1137 de
709 1103 808 1150 ipsius
851 1111 934 1138 statu
969 1115 1048 1149 pro-

295 1164 403 1199 spero,
428 1164 515 1186 more
535 1152 632 1199 patris
659 1152 771 1186 soliciti
791 1153 981 1200 propensius
1000 1164 1051 1187 co-

295 1201 442 1248 gitantes,
469 1209 498 1236 et
522 1201 758 1236 considerantes
781 1203 945 1243 attentius,
964 1202 1048 1249 quod

296 1251 345 1285 vix
372 1250 425 1285 ulli
450 1251 603 1285 committi
621 1258 727 1298 posset
751 1251 863 1285 melius
879 1251 948 1286 eius
963 1263 1050 1289 cura,

295 1312 389 1347 quam
418 1300 577 1347 praedicto
597 1300 743 1348 Aymoni,
766 1301 819 1347 qui
843 1301 901 1335 loci
925 1309 953 1335 et
978 1313 1050 1347 per-

296 1361 443 1384 sonarum
477 1349 675 1384 conditiones
710 1358 737 1383 et
773 1358 890 1385 statum
926 1350 1049 1384 oculata

297 1398 357 1433 fide
384 1398 532 1446 palpavit,
555 1406 585 1433 et
608 1399 670 1439 cui,
693 1399 774 1433 sicut
794 1399 855 1433 fide
880 1399 1047 1446 dignorum

297 1448 476 1482 testimonio
513 1448 707 1494 accepimus,
745 1448 904 1495 religionis
939 1449 1050 1484 obser-

297 1498 410 1541 vantia,
438 1510 562 1532 morum
592 1497 754 1538 honestas,
786 1499 1049 1545 circumspectio-

296 1547 346 1581 nis
368 1547 532 1587 industria,
555 1555 583 1581 et
611 1547 668 1581 alia
692 1547 772 1582 dona
796 1548 945 1582 virtutum
972 1548 1051 1582 mul-

296 1596 442 1643 tipliciter
462 1596 685 1643 suffragantur,
719 1597 892 1645 praefatum
930 1598 1049 1645 Aymo-

297 1658 368 1680 nem
391 1646 464 1680 olim
483 1646 647 1692 hospitalis
671 1647 821 1694 praedicti
847 1647 1045 1693 magistrum,

296 1709 311 1730 a
340 1695 464 1731 vinculo
504 1708 566 1743 quo
603 1696 662 1744 ipsi
701 1696 846 1743 hospitali
883 1696 1049 1732 tenebatur

296 1746 450 1780 hactenus
483 1745 678 1785 absolutum,
719 1746 821 1780 eidem
858 1747 1048 1781 monasterio

296 1795 329 1830 S.
353 1795 492 1835 Antonii,
512 1795 551 1830 de
578 1795 706 1830 fratrum
728 1796 958 1843 praedictorum
977 1809 1051 1831 con-

296 1844 379 1886 silio,
407 1846 438 1880 in
461 1845 606 1880 abbatem
636 1845 845 1892 praefecimus
868 1854 897 1879 et
937 1854 1049 1893 pasto-

297 1907 374 1938 rem,
396 1894 455 1929 sibi
479 1907 599 1938 curam,
622 1894 928 1930 administrationem
957 1903 986 1929 et
1007 1908 1048 1929 re-

295 1944 400 1990 gimen
425 1944 524 1991 ipsius
561 1945 743 1979 monasterii
780 1944 814 1979 S.
851 1945 982 1979 Antonii
1017 1945 1046 1978 in

295 1993 513 2041 spiritualibus
540 2001 570 2028 et
593 1993 817 2041 temporalibus
840 1994 1047 2028 committen-

297 2052 354 2078 les.

344 2096 359 2136 ξ
383 2094 438 2126 12.
467 2091 621 2134 Quocirca
650 2092 883 2127 universitatem
915 2100 1046 2126 vestram

297 2153 476 2182 monemUS‚
504 2153 651 2187 rogamus
674 2150 703 2175 et
731 2142 893 2176 hortamur
918 2150 1047 2181 attente,

297 2200 327 2226 et
356 2203 411 2239 per
441 2191 610 2237 apostoliea
644 2190 729 2225 vobis
764 2191 877 2238 scripta
916 2191 1047 2226 manda-

297 2254 379 2281 mus,
401 2249 558 2288 quatenns
580 2240 727 2275 eumdem
749 2241 893 2275 abbatem
912 2241 1047 2286 benigue

297 2290 484 2338 recipientes
512 2299 541 2325 et
563 2291 694 2325 lioneste
727 2298 918 2335 tractantes,
958 2290 1048 2324 exbi-

297 2340 396 2375 beatis
423 2340 450 2373 ei
478 2339 690 2375 obedientiam
715 2350 744 2374 et
768 2341 973 2375 reverentiam
998 2340 1049 2373 ‹le-

297 2390 392 2425 bitam
416 2397 445 2424 et
474 2390 629 2434 devotam,
658 2390 726 2424 eius
759 2390 894 2424 salubria
932 2390 1047 2424 monita

297 2448 327 2474 et
351 2439 494 2474 mandata
522 2439 738 2486 suscipiendo,
767 2439 879 2473 devote
916 2447 943 2473 et
980 2438 1048 2472 offi-

297 2490 411 2523 caciter
432 2489 645 2536 adimplendo,
670 2489 707 2523 ita
731 2489 813 2536 quod
835 2496 945 2522 mutuo
970 2489 1049 2523 iuter

297 2551 352 2572 vos
379 2550 413 2572 ac
441 2538 544 2585 ipsum
569 2546 599 2573 et
625 2538 787 2584 spirituale
816 2539 909 2584 possit
948 2538 1047 2572 abun-

298 2588 371 2622 dare
402 2587 564 2634 gaudium,
595 2595 623 2621 et
668 2587 884 2634 prosperitatis
925 2595 1048 2634 optatae

298 2649 488 2682 consurgere
512 2638 752 2671 incrementum:
793 2636 931 2683 alioquin
977 2648 1049 2670 sen-

373 2694 445 2723 Rttll.
471 2694 546 2722 Ram.
572 2694 626 2722 t'ul.
653 2694 696 2721 ll'.
898 2694 930 2721 ist

1722 258 1733 289 1
1746 258 1790 289 1ιηῦ

1092 315 1217 350 tentiam
1247 328 1339 363 quam
1365 318 1429 364 ipse
1453 328 1580 366 propter
1604 321 1661 356 lioc
1691 322 1748 357 rite
1786 331 1838 357 tu-

1091 364 1161 398 lerit
1183 365 1212 399 in
1237 365 1380 408 rebelles,
1396 376 1491 403 ratam
1522 370 1720 413 babebimus,
1749 380 1777 406 et
1800 372 1842 406 sa-

1090 414 1222 458 ciemuS,
1250 425 1377 450 auctore
1412 417 1558 459 Domino,
1596 432 1696 467 usque
1725 421 1762 456 ad
1792 434 1842 457 sa-

1092 462 1298 499 tisfactionem
1323 466 1510 513 condignam
1536 468 1758 505 inviolabiliter
1784 471 1843 506 ob-

1092 524 1218 547 servarn

1140 561 1210 597 Dat.
1233 563 1317 610 apud
1341 563 1458 599 Urbem
1484 566 1628 602 Veterem
1662 573 1703 603 15
1735 570 1843 604 kalen-

1091 611 1146 646 das
1170 612 1258 656 iunii,
1287 613 1488 660 pontificatus
1512 617 1606 651 nostri
1635 630 1718 653 anuo
1741 620 1842 654 tertio.

1143 673 1203 705 Dat.
1227 675 1274 705 die
1292 676 1328 707 ’18
1348 677 1417 707 maii
1437 677 1522 715 1297,
1541 680 1642 718 pontis.
1660 690 1735 710 anno
1755 691 1795 712 ιιι.

1441 850 1508 885 ΧΙΙ.

1093 930 1298 964 Canonizatio
1325 933 1360 964 S.
1386 933 1534 966 Lutlovz'ct'
1568 936 1647 977 reqis
1681 936 1840 974 Franciae,

1140 981 1331 1024 confessoris:
1358 989 1384 1014 et
1405 983 1555 1016 institutio
1581 985 1755 1027 festivitatis
1784 997 1843 1030 pro

1141 1030 1188 1062 dte
1213 1031 1258 1062 25
1281 1032 1407 1074 augusti
1442 1034 1609 1076 quotannis
1635 1034 1843 1075 celebrandam

1140 1090 1176 1111 ac
1201 1080 1469 1123 indulyentt'arum
1510 1082 1652 1125 elargitio
1684 1095 1742 1127 pro
1775 1085 1845 1117 visi-

1141 1129 1276 1162 tantibus
1298 1130 1361 1163 eius
1382 1131 1586 1174 sepulchrum.

1359 1206 1573 1238 Sttitatanttut

1093 1269 1281 1302 Prooetnium.
1306 1290 1344 1295 —
1371 1274 1394 1302 1.
1412 1272 1558 1303 Nonnulla
1585 1275 1619 1303 tle
1643 1276 1707 1306 eius
1728 1277 1843 1306 virtuti-

1134 1315 1190 1346 bus
1214 1316 1340 1346 delibat:
1362 1334 1400 1338 —
1423 1317 1450 1347 2.
1475 1318 1565 1347 Amor
1586 1319 1616 1348 ιιι
1635 1318 1735 1350 Deum.
1762 1337 1801 1342 —
1818 1320 1844 1351 3.

1131 1361 1153 1390 A
1177 1360 1281 1390 Blanca
1313 1366 1403 1391 matre
1427 1363 1587 1400 prudenter
1619 1363 1770 1395 educatus.
1809 1382 1847 1386 —

1131 1406 1158 1435 4.
1192 1405 1362 1436 Divinorum
1388 1406 1549 1436 officiorum
1583 1408 1747 1438 recitationi
1779 1409 1847 1439 dili-

1132 1454 1246 1487 gentem
1265 1455 1350 1480 navat
1366 1460 1494 1489 operam.
1510 1468 1549 1473 -—
1561 1451 1587 1480 5.
1600 1450 1707 1481 Terrae
1723 1451 1846 1483 Sanctae

1131 1495 1350 1534 recuperationi
1374 1505 1405 1524 se
1428 1501 1526 1525 vovet:
1549 1512 1587 1518 —
1609 1496 1636 1525 ὅ.
1659 1496 1721 1531 Quo
1742 1506 1846 1534 magno

1132 1547 1198 1567 cum
1222 1544 1362 1578 apparatu
1387 1549 1418 1569 se
1438 1540 1558 1569 confert.
1584 1557 1623 1562 —
1646 1541 1672 1569 7.
1693 1540 1848 1578 Captivita-

1132 1587 1188 1613 tem
1222 1585 1366 1622 patienter
1388 1584 1523 1614 sustinet.
1546 1601 1583 1607 —
1602 1586 1628 1614 8.
1651 1584 1721 1614 Cum
1756 1584 1845 1615 Sara-

1131 1628 1213 1657 cenis
1237 1633 1337 1658 coutra
1360 1630 1574 1658 conscientiam
1599 1630 1709 1668 pacisci
1739 1630 1844 1658 renuit.

1130 1690 1170 1695 —
1197 1673 1223 1702 9.
1253 1672 1452 1702 Christianum
1485 1674 1645 1703 exercitum
1679 1673 1846 1712 periclitan-

1133 1721 1188 1746 tem
1208 1716 1291 1746 nullo
1315 1722 1397 1756 pacto
1423 1717 1522 1747 induci
1543 1722 1647 1756 potest,
1672 1723 1702 1747 ut
1719 1718 1845 1748 deserat.

1131 1778 1169 1783 —-
1195 1761 1237 1791 to.
1263 1760 1404 1791 Obsidem
1425 1772 1456 1792 se
1476 1772 1526 1801 pro
1553 1763 1682 1792 exercitu
1708 1763 1842 1793 christia-

1132 1815 1235 1835 nornm
1265 1807 1379 1846 captivo
1404 1807 1557 1837 liberando
1585 1808 1718 1847 spondet.
1741 1808 1843 1838 -11,

1132 1852 1280 1889 Agarenos
1317 1860 1403 1890 qnam
1442 1851 1584 1890 plurimos
1625 1852 1766 1882 convertit
1810 1852 1844 1882 ad

1131 1894 1291 1925 Christum.
1316 1896 1419 1930 -12,
1447 1896 1488 1925 13.
1513 1895 1541 1924 ln
1566 1896 1744 1926 christianos
1768 1896 1844 1927 libe-

1132 1940 1215 1970 ralis.
1240 1958 1278 1962 —
1295 1941 1340 1970 14.
1362 1940 1393 1969 ln
1412 1940 1565 1970 Frauciam
1591 1950 1737 1977 reversuS‚
1754 1941 1843 1970 multa

1132 1985 1248 2022 pietatis
1271 1994 1358 2023 opera
1383 1990 1561 2014 exercet.—
1578 1986 1624 2015 15.
1648 1985 1773 2024 Leproso
1790 1986 1846 2015 mi—

1132 2029 1237 2059 nistrat
1255 2030 1317 2058 suis
1335 2030 1471 2058 manibus
1491 2030 1639 2059 alimenta.
1655 2045 1693 2051 —-
1710 2030 1753 2058 to.
1770 2028 1844 2058 Hos-

1132 2073 1266 2112 pitalium
1286 2074 1412 2102 infirmis
1432 2074 1529 2103 servit.
1545 2090 1582 2095 -
1603 2073 1643 2102 l'i'.
1661 2072 1843 2111 Pauperibus

1131 2117 1350 2156 eleemosynas:
1380 2134 1418 2139 —-—
1443 2117 1611 2154 Virginibus
1635 2117 1717 2147 dotes
1740 2117 1844 2154 elargi-

1131 2168 1186 2191 tur.
1206 2179 1244 2184 —
1274 2162 1319 2192 18.
1342 2161 1372 2191 ln
1392 2162 1556 2192 haereticos
1579 2170 1709 2191 severus.
1734 2177 1771 2183 —
1798 2160 1842 2190 19.

1130 2205 1274 2243 Egestatis
1299 2211 1427 2245 tempore
1451 2205 1629 2245 pauperibus
1651 2205 1786 2234 consulit.
1806 2221 1843 2227 σ-

1131 2246 1178 2275 ΞΟ.
1210 2245 1336 2275 Humilis
1369 2247 1397 2275 iu
1431 2247 1570 2274 restibus.
1598 2261 1637 2266 -—
1662 2244 1708 2273 ⁹21.
1732 2244 1841 2274 Ciliciis

1131 2295 1159 2319 et
1182 2291 1300 2320 ieiuniis
1325 2300 1442 2319 carnem
1473 2290 1580 2319 domat:
1603 2306 1640 2310 —
1662 2289 1708 2318 22.
1733 2288 1839 2327 Ligueo

1131 2341 1285 2364 contentus
1315 2336 1395 2364 lecto.
1428 2352 1466 2356 —
1488 2334 1534 2363 23.
1566 2333 1662 2362 Hostis
1686 2334 1841 2362 mendacii.

1129 2397 1169 2402 —
1192 2380 1239 2409 024.
1264 2379 1334 2408 I‘ius
1363 2381 1392 2408 in
1416 2379 1612 2408 sermonibus.
1635 2394 1672 2399 —
1699 2378 1746 2407 25.
1777 2376 1839 2406 Tu-

1132 2425 1191 2455 neti
1224 2424 1350 2453 animam
1379 2422 1435 2452 Deo
1468 2424 1571 2451 reddit.
1602 2438 1640 2444 —
1676 2421 1722 2450 26.
1754 2420 1840 2451 Multa

1132 2479 1182 2508 per
1209 2478 1274 2498 euni
1292 2468 1369 2497 Deus
1392 2472 1529 2505 operatur
1552 2466 1703 2495 miracula.
1725 2482 1763 2487 —
1791 2465 1839 2494 27.

1131 2515 1262 2545 Mulieris
1290 2513 1441 2542 brachium
1465 2512 1593 2542 aridum:
1612 2529 1649 2533 —
1671 2511 1717 2540 28.
1741 2511 1841 2541 Aliud-

1132 2570 1188 2598 que
1229 2568 1301 2598 pene
1347 2562 1512 2587 emortuum
1552 2556 1685 2586 viviticat.
1720 2573 1759 2578 —
1794 2556 1840 2586 29-

1132 2605 1309 2643 Ρειι31)’ῐίεοε
1334 2607 1425 2631 sanat.
1455 2619 1493 2624 —
1522 2600 1568 2638 30,
1590 2601 1637 2630 31.
1665 2600 1772 2630 Caeeos
1802 2600 1839 2630 it-

1132 2648 1273 2679 luminat,
1305 2652 1354 2675 etc.
1381 2663 1418 2668 —-
1451 2645 1496 2675 3-2.
1525 2645 1667 2675 Exultatio
1691 2654 1740 2683 pro
1772 2645 1841 2674 tanti

1856 272 1904 296 Anv
1921 271 1948 296 C.
1972 271 2037 297 ¹297
