2274 3265
244 253 294 280 Αῐι.
313 255 339 281 C.
358 256 423 282 ¹555

240 907 273 928 ¹¹
275 908 355 928 >¹1²¹¹³i¹0
373 909 407 933 (⁸¹0
425 903 453 936 in
479 904 534 937 liac
571 912 655 950 parte
678 904 777 949 ipsius
799 903 958 937 Ecclesiae
983 904 1169 950 providere,

225 941 292 965 quain
305 939 387 959 rubrica

246 1850 362 1872 clausulae.

488 244 557 277 506

436 311 567 349 eisdem,
586 309 707 356 aliquos
725 309 927 355 spiritualiter
945 323 1000 345 seu
1025 322 1183 359 tempora-

436 360 505 393 liter
531 359 660 403 contigit
688 359 793 393 liaberi
828 372 1017 406 processus,
1046 370 1182 396 rectores

435 409 491 454 ipsi
524 407 562 442 ad
598 409 842 454 suspensionem
870 422 924 444 seu
956 411 1179 444 relaxationem

434 469 638 502 processuum
663 458 842 492 lininsniodi
867 472 927 493 non
962 460 1120 494 satisfacto
1142 461 1180 493 de

432 506 616 541 huiusmodi
637 508 784 542 censibus
806 516 836 542 et
853 509 975 543 iuribus
997 509 1101 543 eidem
1119 509 1179 543 Ec-

430 557 553 595 clesiae,
580 558 647 590 sine
670 558 900 592 consultatione
924 567 952 591 et
986 559 1176 593 conscientia

429 606 694 640 thesaurariorum
724 608 973 653 provinciarum,
996 608 1176 647 civitatum,

427 664 613 697 castrorum,
636 664 789 690 terrarum
812 665 842 691 et
871 658 1011 691 locorum
1036 658 1174 703 ipsorum

428 717 483 750 pro
504 705 612 739 eadem
635 705 787 745 Ecclesia,
814 718 949 752 quorum
968 707 1114 740 intererat
1136 706 1175 740 de

427 755 464 789 iis
489 754 603 790 liabere
616 756 770 797 notitiam,
798 756 1062 800 processernntin
1081 767 1173 801 grave

426 805 652 850 praeiudicium
672 805 832 839 Ecclesiae
855 813 1053 839 memoratae.

473 858 488 897 §
512 856 544 887 2.
562 854 731 888 Volentes
727 863 828 908 itaque
844 854 1063 888 indemnitati
1056 854 1170 888 inrium

402 953 578 987 universis
604 962 633 987 et
661 952 793 997 singulis
823 954 999 988 rectoribus
1035 954 1169 999 provin—

422 1003 554 1045 ciarum,
581 1003 755 1042 civitatum,
778 1010 950 1037 castrorum
974 1012 1004 1038 et
1027 1003 1166 1038 locorum

422 1052 520 1098 ipsius
554 1051 715 1086 Ecclesiae
744 1052 965 1098 praesentibus
992 1061 1021 1087 et
1055 1053 1167 1087 futuris

418 1101 601 1135 auctoritate
641 1101 809 1148 apostolica
841 1101 1012 1137 districtius
1040 1103 1166 1137 inliibe-

418 1163 500 1191 mus,
523 1163 561 1185 ne
585 1163 753 1198 processus
775 1152 896 1198 aliquos
923 1152 1102 1199 spirituales
1120 1153 1164 1187 vel

417 1200 616 1247 temporaleS,
645 1213 699 1247 per
721 1213 776 1235 eos
798 1209 828 1236 et
850 1202 1025 1249 quemlibet
1053 1214 1162 1237 eorum

417 1249 539 1284 liabitos
557 1250 604 1284 vel
623 1250 787 1285 habendos
803 1263 859 1298 pro
871 1252 1035 1298 exigendis
1056 1260 1086 1286 et
1115 1265 1164 1286 re-

415 1299 602 1345 colligendis
614 1312 649 1334 ac
665 1301 890 1347 recuperandis
901 1302 1081 1335 huiusmodi
1093 1314 1164 1336 cen—

415 1349 502 1382 sibus
528 1358 557 1383 et
580 1350 648 1383 aliis
674 1350 931 1397 quibuscumque
955 1351 1077 1385 iuribus
1098 1351 1161 1385 Ec-

413 1399 524 1433 elesiae
549 1408 753 1439 memoritae‚
779 1399 897 1446 absque
929 1401 1055 1447 speciali
1079 1413 1162 1434 con-

414 1448 542 1482 scientia
571 1457 601 1482 et
627 1460 782 1483 consensu
807 1450 1085 1493 thesaurariorum,
1107 1452 1160 1497 qui

416 1510 469 1543 pro
500 1507 640 1544 tempore
663 1498 801 1541 fuerint,
833 1500 1051 1546 suspendere,
1083 1500 1161 1534 rela-

414 1560 507 1586 xare,
530 1560 651 1582 cassare
674 1557 725 1582 aut
757 1549 918 1583 annullare
943 1559 1159 1596 praesumant:

414 1598 651 1644 suspensiones,
679 1598 896 1639 relaxationes,
919 1599 1109 1633 cassationes
1131 1608 1160 1634 et

411 1646 652 1682 cancellationes
663 1649 719 1692 (1),
735 1649 759 1682 si
772 1660 851 1695 quas
866 1657 971 1683 contra
991 1649 1159 1684 inhibitio—

412 1708 484 1730 nem
513 1705 650 1731 nostram
674 1697 857 1732 huiusmodi
886 1699 950 1732 lieri
979 1699 1158 1745 contigerit,

411 1747 618 1780 decernentes
645 1747 745 1781 irritas
763 1756 793 1781 et
817 1747 935 1782 inanes.

459 1795 541 1830 Nulli
580 1808 654 1841 ergo
688 1798 818 1831 omnino
852 1798 1017 1832 bominum
1069 1798 1159 1831 liceat

410 1845 489 1880 lianc
517 1846 659 1892 paginam
696 1856 819 1881 nostrae
841 1848 1075 1881 constitutionis
1103 1849 1159 1882 in-

409 1896 556 1940 fringere,
578 1904 629 1928 etc.

457 1944 572 1979 Datum
587 1944 668 1990 apud
687 1944 798 1979 Villam
822 1946 940 1980 Noram
959 1947 1153 1981 Avenionen

408 1994 573 2034 dioecesis,
603 1995 745 2029 kalendis
765 1996 855 2034 iunii,
872 1996 1072 2045 pontificatus
1100 2009 1158 2031 no—

408 2053 461 2078 stri
488 2057 571 2078 anno
598 2045 711 2091 primo.

467 2105 527 2135 Dat.
550 2106 595 2135 die
620 2107 631 2135 1
656 2107 728 2136 iunii
749 2107 834 2141 1353,
855 2108 956 2146 pontis.
981 2118 1056 2137 anno
1081 2118 1097 2138 1.

757 2209 810 2244 ΙΙΙ.

411 2279 434 2311 C
434 2281 546 2312 assatio
570 2287 731 2324 pactorum
760 2294 778 2314 α
806 2283 841 2315 S.
866 2283 902 2315 R.
923 2283 960 2314 E.
984 2283 1156 2316 cardinati-

456 2330 508 2362 bus
543 2337 613 2362 ante
640 2331 811 2364 electionem
846 2333 968 2365 Sunimi'
1000 2333 1156 2378 pontificis

455 2380 488 2411 in
503 2381 729 2423 praeiudicium
744 2383 937 2415 auctoritatis
951 2383 1082 2415 eiusdem
1101 2383 1156 2415 ini-

456 2435 553 2461 torum
583 2430 642 2470 (2).

673 2486 886 2517 sonnatium

408 2531 572 2563 Exordium.
602 2551 639 2556 —
675 2536 697 2564 l.
721 2535 750 2564 ln
779 2536 920 2571 conclavi,
949 2536 1097 2565 Clemente
1121 2535 1154 2566 t‘t

447 2578 569 2610 iiinrtuo,
588 2574 696 2611 habito,
712 2576 877 2605 cardinalis
892 2576 1068 2605 nonnullas
1063 2576 1154 2605 iniere

409 2655 427 2682 V
442 2621 480 2680 (tl)
501 2621 597 2648 Forsan
610 2625 814 2650 αηιιιιΙκιιῖοηιέ.
855 2624 894 2659 (2)
906 2625 943 2650 Ex
957 2625 1016 2659 neg
1033 2625 1058 2650 in
1073 2624 1150 2650 nich.

432 2663 445 2681 a

1013 257 1148 280 numam!
1155 259 1199 281 ΠΜ
1227 259 1316 281 ROMA
1323 259 1387 281 NUM

1264 315 1424 352 pactiones,
1453 315 1591 351 praestito
1615 315 1649 343 ad
1677 314 1891 346 observantiam
1921 326 1971 346 sa-

1263 364 1422 388 cramento.
1437 375 1476 380 —
1491 358 1519 388 9.
1544 358 1720 388 lluiusmodi
1739 360 1891 398 pactiones
1908 371 1972 400 pro-

1264 403 1401 432 hibentur
1420 403 1449 432 in
1472 402 1736 432 constitutionibus
1759 401 1891 441 Gregorii
1910 404 1931 435 X
1945 411 1972 436 et

1260 447 1420 476 Clementis
1445 446 1476 477 V.
1506 463 1545 468 —
1574 446 1696 476 [tomani
1729 446 1881 478 Pontificis
1913 449 1971 479 lae-

1260 492 1333 520 ‹lunt
1352 496 1534 530 potestatem.
1552 508 1590 513 -
1609 490 1726 521 Nullius
1745 501 1812 521 esse
1832 496 1970 525 momenti

1259 536 1434 565 declaratur.
1449 553 1487 558 —
1505 536 1532 566 3.
1548 535 1702 566 Pactiones
1719 537 1888 568 huiusmodi
1905 548 1970 577 quae

1259 580 1376 610 suerint.
1404 598 1443 603 -
1468 581 1496 610 4.
1521 579 1560 610 De
1583 581 1718 610 creandis
1747 582 1970 620 cardinalibus,

1257 634 1420 665 eorumque
1453 634 1585 655 numer0.
1617 643 1656 648 —
1683 626 1711 655 5.
1749 625 1788 656 De
1820 636 1967 657 consensu

1257 671 1450 700 cardinalium
1479 671 1514 700 ad
1545 671 1572 700 id
1597 671 1784 710 requirendo.
1813 688 1851 693 —
1879 672 1906 702 6.
1930 671 1968 702 De

1255 724 1404 745 consensu
1439 716 1559 745 fratrum
1592 717 1620 745 in
1652 715 1846 745 cardinalium
1877 717 1966 755 puni—

1255 760 1342 790 tione.
1368 777 1408 783 ——
1431 762 1456 791 7.
1485 760 1524 790 De
1550 761 1634 791 bonis
1658 761 1866 795 cardinalium,
1888 763 1965 800 qnod

1254 815 1311 835 non
1331 807 1390 836 sint
1408 806 1464 836 sub
1486 807 1551 835 eius
1582 807 1654 835 iure.
1676 821 1716 827 —
1737 805 1764 835 8.
1788 804 1827 835 De
1849 805 1965 835 aliena-

1253 852 1331 881 tione
1361 852 1506 882 bonorum
1539 851 1688 881 Ecclesiae
1719 860 1777 880 non
1811 851 1966 886 facienda,

1253 897 1309 926 nisi
1333 897 1368 926 de
1391 906 1539 926 consensu
1569 896 1777 926 cardinalium.
1806 913 1844 918 —
1876 897 1903 926 9.
1926 896 1965 926 De

1251 942 1406 972 medietate
1440 942 1588 971 fructuum
1623 942 1704 972 Rom.
1733 941 1884 971 Ecclesiae
1914 951 1965 980 per

1250 988 1368 1016 eosdem
1387 987 1583 1026 percipienda.
1603 1004 1640 1008 —
1659 987 1705 1017 1Ο.
1725 985 1764 1016 De
1780 987 1963 1016 institutione

1249 1035 1276 1059 et
1304 1030 1496 1061 destitutione
1521 1031 1691 1061 officialium
1726 1031 1962 1070 provinciarum,

1249 1081 1298 1105 etc.
1322 1093 1360 1097 —
1377 1076 1422 1105 11.
1442 1075 1479 1105 Dc
1498 1077 1721 1114 consanguineo
1741 1076 1836 1114 Papae
1856 1077 1884 1106 in
1903 1086 1963 1106 ma-

1248 1121 1416 1150 resriallnm
1441 1130 1498 1150 non
1523 1120 1669 1158 eligendo.
1691 1137 1730 1142 —
1753 1120 1799 1150 1⁶2.
1821 1120 1861 1150 De
1884 1121 1963 1150 deci-

1247 1166 1302 1194 mis
1327 1166 1524 1203 imponendis.
1542 1182 1581 1186 —
1605 1165 1650 1195 13.
1674 1164 1712 1194 De
1736 1165 1869 1194 libertate
1892 1174 1960 1195 car-

1247 1210 1389 1239 dinalium
1409 1210 1438 1239 in
1462 1210 1655 1239 consulendo.
1674 1226 1712 1232 —
1730 1209 1776 1239 14.
1800 1208 1838 1238 De
1858 1209 1962 1240 obser-

1246 1255 1342 1284 vantia
1363 1254 1466 1283 liarnm
1487 1255 1667 1292 pactionum.
1693 1270 1732 1276 ·—
1751 1254 1797 1283 15.
1820 1253 1860 1284 De
1877 1254 1960 1283 adhi-

1245 1299 1350 1328 bendis
1367 1299 1402 1328 ad
1419 1299 1579 1328 consilium
1599 1297 1802 1328 cardinalibus
1824 1298 1853 1327 in
1869 1297 1959 1327 rebus

1244 1344 1353 1374 dubiis.
1374 1361 1414 1366 —
1430 1343 1600 1373 Clausulae.

1218 1419 1391 1448 Innocentius
1422 1420 1563 1456 episcopus
1591 1426 1687 1448 servus
1717 1425 1856 1448 servorum
1880 1407 1941 1451 oei'.

1337 1470 1371 1497 ad
1401 1471 1561 1505 perpetuam
1590 1469 1632 1498 rei
1651 1468 1820 1497 memoriam.

1251 1542 1425 1577 Solicitndo
1448 1541 1612 1589 pastoralis
1633 1541 1724 1576 officii
1747 1542 1829 1575 sicut
1847 1541 1955 1588 exigit,

1203 1601 1235 1626 ut
1259 1593 1500 1647 prospiciamuS,
1529 1604 1566 1625 ne
1591 1590 1780 1626 Ecclesiae
1774 1603 1806 1625 in
1834 1591 1956 1626 iuribus

1201 1644 1266 1676 suis
1283 1643 1501 1676 minorationis
1523 1641 1746 1675 detrimentum
1769 1641 1954 1688 suscipiant,

1201 1693 1245 1726 sic
1268 1692 1408 1739 profecto
1431 1691 1571 1738 t··.equiiit
1597 1699 1630 1724 ut
1656 1690 1817 1726 Ecclesiae
1840 1690 1955 1727 Rorna-

1201 1755 1270 1783 nae,
1284 1743 1347 1785 cui,
1360 1750 1487 1776 auctore
1502 1741 1650 1781 Domino,
1661 1741 1888 1787 praesidemus,
1902 1741 1953 1776 ho-

1202 1805 1305 1835 nores,
1321 1793 1480 1826 libertates
1493 1800 1522 1825 et
1540 1792 1604 1824 iura
1624 1791 1798 1825 solertioris
1819 1790 1954 1837 diligen-

1201 1842 1261 1876 tiae
1284 1842 1389 1876 studio
1410 1853 1575 1876 seri-emus
1602 1853 1618 1874 a
1640 1840 1849 1875 diminutione
1871 1853 1953 1887 qua-

1201 1891 1273 1925 libet
1301 1891 1428 1926 illibata.

1249 1946 1263 1984 g·
1288 1946 1319 1975 1
1345 1940 1471 1975 Dudum
1496 1940 1654 1988 siquidem
1684 1951 1738 1985 per
1760 1939 1882 1974 obitum
1899 1940 1951 1974 fe.-

1200 1991 1267 2025 licis
1286 1991 1512 2025 recordationis
1528 1991 1704 2025 Clementis
1718 1988 1780 2023 ΡΡ.
1798 1988 1850 2033 Vl,
1867 2002 1952 2036 prae-

1199 2041 1353 2075 decessor
1349 2054 1372 2074 is
1388 2041 1498 2081 nostri,
1514 2040 1697 2088 Apostolica
1711 2039 1794 2073 Sede
1809 2048 1950 2084 vacante,

1201 2091 1394 2125 venerabiles
1416 2092 1527 2126 iratres
1550 2090 1647 2125 nostri
1670 2089 1705 2124 S.
1726 2088 1763 2123 R
1781 2089 1818 2123 E.
1842 2089 1950 2124 cardi-

1200 2141 1307 2181 nales,
1336 2141 1374 2175 de
1396 2153 1529 2188 quorum
1553 2152 1686 2186 numero
1713 2148 1788 2174 tunc
1810 2151 1948 2178 eramus,

1198 2191 1235 2224 ad
1259 2191 1456 2225 tractandum
1489 2191 1528 2225 de
1553 2190 1603 2233 iis,
1618 2201 1699 2237 quae
1720 2189 1801 2223 circa
1824 2188 1948 2223 electio-

1199 2252 1269 2274 nem
1284 2240 1419 2275 Romani
1434 2240 1600 2275 pontilicis
1615 2238 1853 2278 incumbebant
1868 2239 1947 2273 Ave

1200 2290 1304 2330 nione,
1320 2291 1349 2324 in
1367 2290 1480 2338 palatio
1494 2290 1680 2338 apostolico,
1697 2289 1749 2323 ubi
1766 2288 1949 2344 praedeces-

1198 2352 1248 2373 sor
1268 2340 1349 2374 idem
1377 2340 1508 2381 obierat,
1536 2340 1666 2374 insimul
1694 2339 1888 2385 congregati,
1916 2339 1945 2372 in

1197 2390 1349 2437 scriptura
1365 2390 1511 2437 quadam
1533 2392 1623 2424 cuius
1645 2389 1836 2424 tenoremde
1851 2388 1946 2423 verbo

1196 2439 1233 2472 ad
1263 2440 1391 2475 verbum
1417 2440 1636 2487 praesentibus
1666 2440 1760 2474 inseri
1792 2438 1944 2478 fecimus,

1197 2490 1443 2525 concordarunt:
1467 2500 1495 2525 et
1530 2490 1644 2525 deinde
1679 2489 1807 2537 qnidam
1834 2500 1944 2523 eorum

1196 2539 1380 2586 simpliciter
1406 2541 1599 2580 iuraverunt,
1621 2552 1656 2575 ac
1686 2552 1743 2574 nos
1764 2548 1793 2574 et
1815 2538 1943 2586 quidam

1196 2594 1245 2627 alii
1269 2594 1327 2627 sub
1351 2594 1407 2628 bac
1437 2594 1618 2629 conditione
1647 2595 1834 2630 iuravimus:
1858 2592 1944 2627 scili-

1195 2656 1254 2689 cet,
1277 2648 1301 2682 si
1325 2657 1353 2683 et
1374 2649 1403 2683 in
1421 2658 1574 2695 qnantum
1592 2649 1745 2696 scriptura
1760 2648 1941 2684 huiusmodi

1989 260 2037 288 An,
2055 261 2084 288 C.
2105 265 2171 292 ¹555

2004 1543 2121 1564 Exordium.

1981 1941 2004 1962 ln
2037 1942 2112 1963 conclu
2115 1943 2152 1966 vi,

1967 1972 2023 1994 Cleo
2027 1977 2076 1994 eote
2125 1972 2151 1993 Vt

1967 2007 2056 2029 mortuo,
2071 2003 2149 2027 habito,

1966 2036 2086 2057 cardinales
2099 2042 2151 2055 non—

1965 2067 2034 2087 nullas
2082 2068 2150 2088 iniere

1964 2100 2083 2125 pactiones,
2095 2104 2151 2125 prn—

1964 2130 2014 2150 siito
2030 2130 2054 2150 ad
2073 2129 2150 2150 obser-

1940 2161 2055 2181 ’annllflnl
2076 2167 2150 2181 ΞΒΓΓθ-

1964 2195 2044 2213 mento
