2274 3265
221 261 272 287 An.
297 258 323 284 C.
341 259 406 286 1556

236 1102 264 1122 De
275 1102 407 1128 praedictio-

224 1133 282 1153 ribus
304 1136 325 1152 et
353 1138 406 1152 con-

221 1163 345 1184 tessoritius.

472 247 541 278 408

1020 252 1204 275 ntuJAtttttat
1235 250 1394 272 tttntaxt'm

421 309 617 345 reddendum
645 307 771 355 saepius
798 307 948 341 rationem
987 306 1167 341 liuinsmodi
1211 318 1245 339 ac
1279 305 1317 339 tle
1346 302 1614 350 prohibitionibus
1640 310 1670 337 et
1706 302 1817 348 poenis
1852 315 1867 338 a
1896 303 1963 337 inre

420 367 597 393 teneantur.
634 356 819 391 praemissis
847 365 950 391 autem
979 356 1168 398 adiieimns,

418 408 501 455 quod
519 409 548 442 in
565 406 735 441 reddendis
748 405 924 440 rationibus
938 417 994 440 sen
1012 405 1170 451 computis

419 469 474 504 per
488 456 696 503 guardianum
713 467 768 490 seu
790 455 981 500 provisorem
1006 462 1057 488 ant
1070 466 1169 500 quos-

417 518 556 553 cumque
577 505 656 540 alios
677 504 830 539 officiales
851 516 908 539 scu
931 503 1166 538 administrato-

420 568 469 590 res
491 562 667 590 conventus
680 553 881 596 Parisiensis,
905 560 1086 599 praesentes
1100 563 1170 585 esse

418 605 553 639 debeant
568 604 763 651 quicumque
775 602 813 636 dc
826 601 1027 636 studentibus
1041 600 1169 642 ibidem,

419 655 471 701 qui
495 653 577 701 apud
613 664 668 687 eos
697 653 883 686 assistentes
917 658 1087 685 vocantur:
1116 649 1168 696 qui

419 713 567 750 computa
591 701 774 737 huiusmodi
794 700 925 735 audiant
945 709 973 734 et
988 699 1169 734 examinent

419 753 596 799 diligenter.
620 760 649 786 et
665 749 819 790 detectus,
833 749 859 783 si
881 760 961 795 quos
984 748 1169 795 repererint,

421 803 450 836 in
474 800 648 836 rationibus
669 811 724 834 seu
753 798 909 845 computis
931 807 983 832 aut
1008 797 1038 831 in
1065 797 1170 844 provi—

419 852 508 886 sione
521 850 569 885 vel
591 850 620 884 in
641 847 914 883 administratione
938 846 1169 892 praedictorum

420 907 580 947 exponant
603 897 753 932 fratribus
779 896 818 931 ‹le
840 895 974 930 consilio
995 895 1170 942 supradicti

420 957 593 983 conventus
608 946 813 989 Parisiensis‚
828 953 859 979 ut
880 945 985 992 ipsum
1002 944 1170 979 consilium

421 997 577 1045 provideri
601 996 691 1030 faciat
707 995 745 1029 de
769 993 909 1028 remedio
928 1001 1120 1040 opportuno.

469 1047 489 1093 S
510 1048 568 1080 27.
589 1044 784 1079 Ordinamus
811 1043 903 1078 etiam
929 1042 1012 1090 quod
1038 1043 1171 1089 provin-

421 1096 515 1131 ciales
541 1094 676 1129 ministri
699 1101 785 1127 extra
813 1104 922 1127 eorum
950 1092 1084 1138 capitula
1100 1104 1173 1138 pro-

422 1144 564 1179 vincialia
588 1156 650 1178 non
678 1142 795 1188 eligant
817 1142 862 1175 vel
887 1149 1049 1175 assumant
1064 1141 1173 1175 fratres

421 1194 459 1229 ad
485 1191 728 1241 praedicationis
764 1191 847 1225 verbi
871 1190 929 1225 Dei
957 1203 1013 1225 seu
1041 1191 1173 1225 confes-

422 1244 547 1278 sionum
588 1240 818 1276 audiendarum
852 1239 966 1274 officia.
1006 1239 1045 1273 Et
1086 1240 1174 1286 prins

422 1305 515 1340 quam
539 1290 693 1338 generalis
713 1302 768 1324 seu
799 1289 932 1324 ministri
950 1288 1101 1335 praedicti
1118 1289 1175 1323 fra·

423 1351 486 1376 tres
515 1340 669 1388 deputent
709 1351 766 1373 seu
800 1346 963 1372 assumant
998 1338 1035 1372 ad
1072 1338 1172 1372 officia

424 1398 607 1429 memorata,
635 1387 818 1434 diligentius
845 1387 1027 1422 examinent
1048 1386 1085 1421 ad
1114 1399 1174 1421 ea·-

423 1441 495 1474 dem
520 1439 621 1474 officia
641 1436 883 1485 promovendos,
906 1444 936 1470 et
958 1436 1173 1470 testimonium

426 1488 588 1535 recipiant,
611 1487 650 1522 de
672 1487 811 1534 ipsorum
837 1487 896 1520 vita
917 1494 947 1520 et
973 1485 1173 1530 sufficientia,

424 1551 439 1572 a
464 1537 611 1572 fratribus
634 1536 695 1570 fide
717 1535 821 1581 dignis
842 1543 872 1569 et
895 1534 1034 1569 notitiam
1060 1534 1176 1569 liaben-

424 1587 508 1622 tibus
530 1586 569 1621 de
599 1586 677 1633 ipsis
700 1584 846 1619 fratribus
875 1584 1117 1631 promovendi53
1145 1593 1174 1618 et

424 1636 464 1670 de
499 1647 608 1670 eorum
640 1647 675 1669 ac
709 1633 930 1668 custodialium
963 1633 1173 1667 discretorum

424 1685 462 1719 ad
497 1683 687 1731 provinciale
712 1681 885 1729 capitulum
913 1682 1173 1717 transmissorum

424 1734 554 1768 consilio
588 1733 657 1768 illos
688 1732 842 1779 deputent
869 1740 898 1766 et
932 1740 1106 1766 assumant.
1135 1731 1175 1766 Et

425 1783 633 1818 nibilominus
656 1782 798 1816 minister
819 1780 976 1828 generalis
991 1808 1000 1825 ,
1030 1781 1082 1827 qui
1112 1789 1173 1815 tam

426 1834 511 1867 intus
544 1845 637 1880 quam
666 1839 751 1866 extra
785 1830 957 1878 capitulum
995 1829 1105 1865 fratres
1138 1830 1174 1864 ad

426 1881 583 1929 praedicta
621 1880 721 1915 officia
761 1879 859 1915 valeat
898 1892 1073 1919 assumere,
1103 1892 1175 1913 cum

424 1939 510 1965 extra
526 1930 607 1965 dicta
630 1929 765 1977 capitula
781 1941 834 1964 eos
852 1940 1014 1964 assumere
1033 1928 1176 1969 voluerit,

425 1980 638 2014 testimonium
656 1987 685 2013 et
700 1979 869 2013 consilium
888 1991 1020 2013 suorum
1040 1978 1175 2013 ministri

425 2038 454 2063 et
476 2029 617 2064 custodis
639 2028 786 2063 adhibeat
813 2036 843 2062 et
867 2028 1014 2074 requirat,
1037 2028 1061 2061 si
1087 2040 1178 2074 prae-

426 2079 559 2113 sentiam
584 2077 695 2112 babeat
722 2077 926 2118 eorumdenn
954 2077 1092 2124 alioquin
1124 2089 1178 2122 per

426 2129 567 2175 ipsorum
590 2128 707 2167 literas,
729 2127 753 2161 si
778 2126 945 2161 commode
973 2126 1038 2160 lieri
1068 2126 1178 2169 valeat7

426 2187 454 2211 et
478 2178 502 2211 si
531 2176 568 2211 ad
592 2177 672 2211 dicta
701 2176 799 2211 officia
823 2175 1003 2210 assumendi
1027 2175 1110 2209 dicto
1125 2176 1180 2208 mi-

427 2228 525 2260 nistro
553 2235 583 2260 et
611 2226 760 2273 praefatis
781 2225 925 2260 discretis
951 2224 1179 2259 custodialibus

427 2276 589 2311 videantur
611 2276 737 2316 idonei,
760 2287 856 2322 super
877 2286 940 2322 quo
963 2286 1074 2309 eorum
1102 2285 1179 2307 con-

428 2326 575 2360 scientias
601 2337 782 2365 oueramuS,
810 2332 1012 2359 assumantur
1035 2333 1066 2358 et
1093 2323 1180 2357 ordi-

430 2383 544 2408 nentur
572 2387 626 2421 per
661 2375 763 2421 ipsum
791 2373 971 2419 generalem
1002 2373 1178 2407 ministrum

429 2424 466 2457 ad
490 2423 589 2458 oflicia
617 2423 815 2471 supradicta:
839 2423 892 2470 qni
915 2431 1018 2457 antem
1043 2423 1080 2456 ad
1114 2422 1181 2455 bu-

432 2473 566 2507 insmodi
584 2473 794 2507 confessionis
809 2472 945 2507 osticium
966 2479 1181 2509 assumentur,

432 2523 518 2568 prius
540 2535 633 2570 quam
657 2522 794 2557 officium
813 2522 995 2557 huiusmodi
1025 2533 1181 2567 exequan-

433 2581 494 2613 tur,
521 2572 582 2605 sint
610 2571 803 2607 sufficienter
826 2572 970 2606 instructi
995 2571 1034 2605 de
1056 2570 1182 2605 casibus

434 2620 506 2653 Sedi
532 2621 731 2666 Apostolicae
745 2629 772 2653 et
790 2620 985 2654 dioecesanis
1006 2619 1181 2653 reservatis:

1211 355 1335 388 statutis
1358 361 1465 387 contra
1489 352 1560 386 illos
1575 379 1582 393 ,
1606 351 1660 399 qui
1693 352 1866 386 temeritate
1889 363 1964 399 pro-

1213 404 1275 449 pria
1305 403 1334 436 in
1359 401 1485 436 casibus
1508 401 1679 448 praedictis
1707 400 1885 444 absolvunt,
1915 401 1960 435 vel

1212 453 1241 485 in
1264 451 1343 492 aliis,
1367 452 1396 485 in
1416 451 1532 498 quibus
1547 450 1709 485 absolvere
1734 462 1794 484 non
1821 459 1964 496 possunt.

1211 500 1348 535 Caveant
1376 509 1481 535 autem
1506 500 1616 534 fratres
1646 499 1822 546 praedicti,
1845 499 1898 545 qui
1926 499 1964 533 ad

1211 550 1447 584 confessionum
1484 548 1713 584 audiendarum
1742 547 1880 582 officium
1913 560 1967 583 as-

1211 600 1327 647 sumpti
1352 599 1478 639 fuerint,
1507 607 1539 633 ut
1565 611 1626 632 non
1651 598 1769 644 passim
1799 599 1966 644 poeniten—

1213 651 1271 684 tias
1303 650 1500 696 pecuniarias
1523 649 1697 695 imponant,
1720 655 1750 681 et
1774 647 1803 681 in
1832 659 1918 688 casu,
1935 647 1965 681 iu

1212 711 1276 746 quo
1299 699 1490 745 poenitentia
1516 697 1698 744 pecuniaria
1716 696 1907 743 imponenda
1923 709 1967 731 ra-

1213 748 1404 784 tionabiliter
1419 748 1523 792 fuerit,
1539 747 1585 782 vel
1601 747 1772 781 satisfactio
1787 746 1966 785 indicenda,

1214 810 1274 833 non
1299 797 1449 832 mandent
1477 809 1545 832 eam
1574 795 1620 830 vel
1646 803 1816 843 procurent
1837 795 1896 829 sibi
1913 803 1967 829 aut

1213 847 1283 882 aliis
1297 846 1510 893 singularibus
1527 845 1676 880 fratribus
1691 845 1737 880 vel
1755 845 1968 880 conventibus

1213 897 1260 930 sui
1288 896 1409 931 ordinis
1431 895 1578 930 distribui
1594 894 1640 928 vel
1663 895 1802 941 erogari:
1829 893 1966 928 ministri

1213 954 1329 985 antem,
1352 944 1500 980 custodes
1535 952 1565 978 et
1591 943 1753 989 guardiani
1777 943 1967 990 compellant

1214 994 1324 1029 fratres
1346 996 1440 1029 etiam
1469 993 1624 1028 notabiles
1646 992 1684 1027 ad
1699 992 1882 1037 audiendas
1898 1004 1968 1027 con-

1215 1044 1378 1088 sessiones7
1409 1056 1469 1078 non
1498 1042 1600 1077 solum
1626 1043 1801 1088 potentium
1829 1050 1859 1076 et
1887 1041 1968 1076 divi-

1216 1101 1305 1137 tum7
1341 1093 1395 1128 sed
1425 1093 1517 1127 etiam
1547 1103 1722 1138 pauperum
1747 1103 1967 1138 personarum.

1215 1143 1408 1177 Ordinamus
1431 1142 1525 1176 etiam
1550 1149 1579 1176 ct
1599 1140 1740 1175 districte
1768 1139 1969 1184 mandamus,

1214 1192 1298 1238 quod
1322 1192 1537 1227 confessiones
1560 1190 1726 1224 mulierum
1751 1190 1921 1224 audiantur
1939 1189 1968 1223 in

1215 1241 1322 1287 aliquo
1347 1241 1463 1288 patenti
1488 1241 1558 1275 loco
1583 1239 1745 1274 Ecclesiae
1769 1239 1814 1273 vel
1838 1239 1901 1273 alio
1917 1239 1970 1272 bo-

1217 1298 1304 1324 nesto
1328 1292 1420 1325 etiam
1446 1290 1588 1337 patenti,
1611 1297 1641 1323 et
1670 1288 1879 1323 nibilominus
1900 1300 1970 1322 ser-

1217 1348 1350 1384 ventur,
1386 1351 1465 1386 quae
1500 1339 1580 1373 circa
1610 1337 1687 1372 baec
1714 1346 1789 1372 sunt
1817 1338 1846 1371 in
1885 1338 1970 1372 dicto

1216 1388 1327 1423 ordine
1357 1388 1484 1436 provide
1513 1387 1665 1422 instituta.
1701 1387 1762 1421 Per
1798 1386 1969 1434 praemissa

1215 1446 1319 1472 autem
1345 1451 1406 1472 nou
1442 1437 1637 1471 intendimus
1665 1436 1820 1484 praefatae
1844 1436 1971 1470 consti-

1216 1488 1329 1521 tutioni
1353 1487 1456 1521 felicis
1479 1486 1708 1521 recordationis
1734 1485 1888 1520 Bonifacii
1909 1485 1971 1519 Pa-

1218 1548 1273 1582 pae
1300 1537 1399 1571 octavi
1437 1536 1688 1583 praedecessoris
1730 1535 1850 1574 nostri,
1888 1546 1970 1581 quae

1218 1586 1348 1632 incipit:
1378 1588 1478 1631 Super
1499 1586 1700 1623 cathedram,
1729 1584 1759 1618 in
1783 1584 1888 1631 aliquo
1918 1583 1973 1618 de-

1219 1646 1339 1680 rogare.

1266 1684 1286 1730 g
1312 1686 1370 1718 ⁶28.
1390 1683 1436 1718 De
1459 1683 1606 1719 fratribus
1625 1691 1728 1718 autem
1749 1683 1785 1717 ad
1808 1690 1911 1729 partes
1928 1682 1972 1716 in-

1219 1733 1357 1768 fidelium
1395 1746 1452 1780 pro
1480 1733 1715 1780 praedicatione
1752 1732 1836 1767 verbi
1873 1732 1969 1766 divini

1219 1833 1316 1866 nister
1339 1833 1444 1867 nullos
1472 1832 1581 1868 fratres
1595 1833 1696 1867 mittat
1716 1832 1761 1867 vcl
1775 1832 1914 1866 licentiet
1934 1831 1970 1866 ad

1218 1882 1318 1916 dictas
1351 1891 1469 1929 partes,
1501 1883 1559 1916 nisi
1587 1881 1769 1930 praehabito
1792 1881 1972 1916 testimonio

1220 1931 1354 1965 ministri
1380 1932 1582 1978 provinciae,
1617 1931 1710 1966 cuius
1735 1939 1825 1965 erunt
1864 1930 1973 1964 fratres

1220 1980 1375 2014 mittendi.
1400 1981 1607 2015 provincialis
1630 1989 1735 2015 autem
1757 1980 1901 2014 minister
1918 1992 1974 2026 per

1219 2029 1430 2064 obedientiam
1451 2043 1547 2077 super
1567 2030 1625 2064 boc
1645 2030 1816 2077 requisitus
1832 2037 1974 2063 teneatur

1221 2079 1389 2125 perbibere
1425 2079 1516 2114 fidele
1551 2079 1771 2113 testimonium
1810 2078 1948 2113 veritatis
1966 2105 1973 2117 ,

1220 2144 1256 2165 an
1286 2132 1428 2167 videlicet
1453 2134 1561 2167 fratres
1585 2133 1764 2167 huiusmodi
1788 2132 1849 2166 sint
1868 2131 1972 2165 idonei

1220 2185 1256 2219 ad
1299 2186 1501 2221 mittendum.
1530 2186 1610 2221 Ante
1644 2199 1715 2220 vero
1743 2198 1836 2233 quani
1862 2186 1975 2219 liuius-

1221 2238 1306 2272 modi
1331 2240 1545 2273 testiinonium
1576 2239 1750 2286 perhibeat,
1776 2238 1884 2273 fratres
1900 2239 1975 2273 mit-

1222 2292 1345 2333 tendos,
1368 2293 1407 2327 de.
1424 2294 1483 2327 lide.
1502 2302 1529 2327 et
1555 2294 1710 2332 doctrina,
1725 2306 1817 2340 quam
1834 2305 1975 2339 sequun-

1222 2355 1272 2381 tur
1296 2348 1341 2381 vel
1366 2349 1516 2382 bactenus
1539 2349 1637 2383 secuti
1662 2357 1753 2392 sunt,
1777 2348 1858 2382 idem
1883 2347 1976 2381 mini-

1221 2411 1285 2435 ster
1319 2402 1519 2448 provineialis
1553 2403 1709 2436 examinet
1733 2401 1916 2447 diligenter:
1945 2409 1973 2435 et

1225 2456 1428 2490 nibilominus
1461 2457 1590 2491 fratrum
1627 2457 1836 2490 discretorum
1861 2455 1976 2489 buius-

1225 2511 1307 2544 modi
1328 2511 1455 2545 fratrum
1473 2511 1615 2545 notitiam
1635 2511 1818 2544 habentium
1837 2510 1973 2557 requirat

1225 2565 1442 2599 testiinonium
1471 2574 1501 2599 ct
1529 2566 1718 2605 consilium,
1743 2577 1778 2599 ac
1804 2564 1845 2598 illi
1884 2564 1975 2598 fidele

1225 2619 1440 2652 testimoninm
1467 2628 1493 2652 ‹·t
1524 2619 1689 2653 consilium
1714 2620 1788 2652 dare
1817 2630 1872 2665 per
1894 2630 1976 2652 ean-

1978 246 2027 272 An,
2045 245 2074 272 C.
2095 246 2162 272 ¹536

2006 1688 2033 1708 De
2049 1687 2149 1708 tratribus

1986 1720 2084 1740 euntibus
2132 1726 2170 1739 sen

1986 1750 2094 1771 mittendis
2145 1758 2155 1768 a

1218 1783 1379 1817 mittendis
1401 1783 1597 1827 ordinamus,
1619 1783 1704 1829 quod
1727 1782 1883 1828 generalis
1911 1782 2057 1832 ¹¹¹³·1.'„'...‘⁵
2096 1788 2114 1800 '¹¹
2147 1788 2157 1800 ⁸
