2274 3265
202 286 251 311 An.
268 284 297 310 C.
319 283 382 310 t37¹t

250 1907 365 1928 clausulae.

450 271 521 304 576

398 334 579 382 cognoverit
602 332 753 367 violenter
774 332 909 378 aliquam
929 331 1109 375 mulierem,
1125 332 1149 365 si

400 392 505 431 postea
530 383 624 417 ducat
647 393 714 415 eam
744 381 772 414 in
797 381 1048 421 matrimonium,
1072 393 1152 414 nun-

399 446 493 480 quam
516 444 553 466 ex
576 443 610 465 ea
632 429 743 477 poterit
768 429 886 476 prolem
911 429 1081 476 legitimam
1096 442 1152 475 ge-

401 493 522 517 nerare.
544 479 753 523 Undecimus,
775 478 859 525 quod
882 479 1076 526 quicumque
1096 490 1152 513 co—

400 531 507 577 guovit
545 528 672 576 publice
711 539 838 562 uxorem
862 528 1009 567 alicuius,
1032 529 1152 561 vivente

402 580 526 619 marito,
548 579 586 618 si,
611 585 680 624 post
703 585 836 611 mortem
859 577 972 621 mariti,
995 577 1065 611 talis
1084 588 1151 610 eam

400 629 494 663 ducat
517 629 546 662 in
569 639 713 670 uxorem,
736 638 895 672 nunquam
919 638 956 660 ex
978 638 1012 660 ea
1033 625 1152 671 prolem

402 679 574 724 legitimam
598 675 771 722 generabit.
806 675 868 709 Iste
895 676 978 708 enim
1002 674 1154 708 articulus

403 727 583 761 indistincte
603 734 632 759 et
651 725 680 758 in
696 724 781 758 omni
804 736 878 758 casu
898 723 1073 757 intellectus
1092 735 1153 757 nou

403 775 639 821 distinguendo,
664 783 754 821 prout
776 773 928 807 canonice
955 773 1155 818 distinguunt

403 826 556 869 Saxones,
572 835 724 858 erroneus
743 831 800 856 est.
824 821 1054 861 Duodecimus,
1069 820 1154 868 quod

405 875 514 909 haeres
548 885 610 907 non
647 879 788 905 teneatur
818 871 856 904 de
879 870 962 904 furto
987 870 1031 904 vel
1055 869 1156 916 spolio

404 923 595 969 respondere
619 927 797 968 perpatrato
821 932 876 966 per
898 919 984 953 illum
1009 919 1058 952 cui
1082 931 1157 953 suc-

403 972 487 1006 cedit
521 972 550 1005 in
574 970 775 1012 haereditate,
797 968 881 1014 quod
915 980 1083 1002 erroneum
1109 975 1155 1001 est

404 1021 513 1055 saltem
537 1021 567 1053 in
591 1019 657 1053 soro
684 1017 908 1051 conscientiae.
942 1016 1158 1051 Tertiusdeci-

407 1082 488 1111 mus,
510 1068 593 1116 quod
616 1068 812 1114 quicumque
835 1067 879 1100 vir
901 1066 1083 1100 succinctus
1098 1066 1157 1112 gla-

404 1119 469 1159 dio,
492 1119 637 1166 clypeum
661 1124 784 1158 tenens,
808 1128 869 1149 nou
888 1123 987 1162 potest
1011 1114 1049 1149 de
1072 1114 1158 1161 ligno

407 1168 452 1202 vel
475 1167 582 1215 lapide
607 1165 729 1212 pollicis
744 1165 1028 1211 ulnam,quantum
1052 1164 1089 1198 ad
1113 1165 1158 1198 al-

406 1217 587 1256 titudinem,
603 1214 737 1249 habente
762 1226 858 1261 super
871 1214 1050 1248 dextrarum
1072 1225 1159 1247 scan-

406 1267 493 1305 dere,
517 1265 586 1300 talis
618 1276 679 1298 non
713 1270 815 1310 potest
841 1263 964 1301 cedere,
992 1262 1158 1306 dimittere,

408 1315 582 1355 infeudare,
605 1325 665 1348 nec
697 1313 791 1347 etiam
818 1312 944 1346 mobilia
969 1312 1050 1346 bona
1085 1312 1159 1346 dare

411 1372 523 1411 potest,
545 1364 589 1398 sic
625 1362 709 1409 quod
747 1361 803 1395 iste
837 1362 1013 1396 custoditus
1046 1362 1086 1394 sit
1107 1361 1158 1408 qui

410 1413 480 1448 talia
496 1422 565 1460 post
581 1419 713 1446 mortem
736 1423 823 1445 suam
846 1418 1000 1457 expectat.
1023 1410 1160 1452 Quartus

410 1463 563 1505 decimus,
577 1460 660 1509 quod
678 1460 793 1499 nullus,
809 1459 876 1494 sine
891 1459 1013 1494 licentia
1030 1472 1158 1493 suorum

413 1511 582 1546 haeredum
597 1519 627 1544 et
649 1509 768 1544 iudicio
792 1509 875 1556 quod
907 1508 1063 1543 Saxoniae
1079 1508 1161 1542 dici-

413 1571 462 1596 tur
479 1561 710 1605 Enyhedinqlte,
726 1565 826 1605 potest
848 1558 921 1592 dare
938 1557 1158 1604 proprietatem

411 1622 500 1645 suam
525 1610 570 1643 vel
594 1608 738 1643 homiues
768 1619 854 1650 suos,
877 1615 906 1640 et
927 1607 952 1640 si
977 1607 1047 1641 talia
1075 1606 1161 1640 daret

413 1661 502 1693 aliter
523 1657 674 1692 haeredes
695 1656 894 1703 acquirerent
924 1656 972 1690 illa
1000 1668 1055 1703 per
1078 1656 1162 1690 iudi-

413 1710 510 1749 cium,
533 1719 567 1741 ac
589 1707 613 1741 si
642 1707 720 1741 dans
743 1705 792 1739 illa
817 1714 961 1739 mortuus
982 1712 1084 1739 esset:
1114 1705 1161 1739 isti

415 1759 499 1792 enim
516 1756 579 1791 duo
594 1756 715 1790 articuli
731 1763 804 1789 sunt
820 1754 942 1789 erronei
961 1755 990 1788 in
1008 1762 1161 1801 quantum

414 1808 629 1853 eleemosynas
639 1813 668 1838 et
679 1805 735 1839 alia
747 1804 868 1851 pietatis
877 1815 971 1851 opera
984 1803 1162 1850 prohibenL

464 1860 479 1899 §
495 1858 526 1888 7.
544 1855 628 1888 Nulli
645 1866 719 1900 ergo
737 1853 867 1887 omnino
889 1853 1054 1887 bominum
1073 1853 1164 1887 liceat

417 1905 495 1939 hanc
518 1904 662 1951 paginam
678 1912 802 1937 nostrae
822 1902 1065 1949 reprobationiiS‚
1080 1902 1165 1936 dam-

419 1954 565 1995 nationis,
593 1952 842 1991 constitutionis,
866 1951 1015 1991 mandati,
1048 1951 1164 1985 volun-

419 2004 488 2037 tatis
510 2011 538 2036 et
562 2001 778 2048 requisitionis
800 2000 971 2047 insi-ingere
992 2008 1045 2034 etc.

467 2052 581 2086 Datum
610 2051 784 2094 Ax‘enioue,
819 2058 908 2084 sexto
944 2050 1014 2084 idus
1047 2050 1166 2096 aprilis,

419 2101 620 2148 pontificatus
643 2100 739 2134 nostri
763 2111 846 2133 anno
868 2107 991 2145 quarto.

458 2153 518 2182 Dat.
537 2153 584 2182 die
603 2153 620 2181 8
639 2153 741 2192 aprilis
761 2152 846 2188 1374,
870 2151 972 2191 pontis.
995 2161 1071 2180 anno
1091 2160 1126 2181 tv.

426 2340 534 2371 stertei
564 2339 717 2382 illeqizimi
736 2351 797 2372 non
823 2339 1028 2372 admittantur
1049 2340 1091 2372 ad
1117 2351 1171 2372 ca-

472 2390 632 2421 nonicatus
653 2396 677 2421 et
699 2390 763 2422 alia
786 2389 927 2433 beneficia
950 2389 1042 2421 trium
1064 2389 1173 2420 Eccle-

472 2439 588 2470 siarum
613 2439 870 2481 patriarchalium
892 2439 927 2470 de
951 2437 1039 2479 Urbe,
1061 2439 1173 2481 absque

474 2488 597 2531 speciali
618 2488 706 2519 Sectis
727 2487 920 2531 Apostoli'cae
936 2487 1171 2529 dispensatione.

691 2551 904 2580 stutttitttttsstu
950 2566 954 2570 ›

428 2608 448 2635 Α
481 2608 573 2636 saeris
606 2613 724 2637 cavetur
746 2607 929 2643 canonibus,
961 2617 997 2637 ne
1030 2607 1173 2644 illegitimi

468 2647 666 2676 ecclesiastica
687 2647 835 2676 obtineant
849 2647 1001 2677 beneficia.
1014 2664 1052 2668 —
1070 2648 1091 2675 l.
1109 2646 1175 2675 Pro-

981 278 1017 300 BU
1024 278 1079 300 ΗΑ
1086 278 1165 300 RlUM
1191 277 1257 299 [10³1
1263 278 1279 298 A
1286 276 1350 298 Num

1235 329 1339 358 bibitio
1368 329 1412 367 (de
1431 338 1481 366 qim
1499 328 1526 356 in
1550 327 1684 365 rubrica).
1706 344 1745 350 —-
1766 327 1946 358 2‘1rritatio

1234 381 1320 401 secus
1353 376 1494 400 actorum.
1523 387 1562 392 —
1591 371 1618 399 3.
1642 369 1777 410 Exceptio
1807 379 1859 409 pro
1881 376 1947 401 actu

1233 415 1446 446 obtinentibus.

1240 486 1386 521 Gregorius
1406 486 1549 521 episcopus
1576 491 1672 513 servus
1688 491 1829 514 servorum
1848 485 1905 518 Dei,

1330 536 1363 563 ad
1393 535 1554 570 perpetuam
1588 534 1628 562 rei
1647 534 1816 563 memoriam.

1247 606 1311 640 Etsi
1347 618 1362 639 a
1394 606 1494 639 sacris
1528 605 1714 645 canonibus,
1742 606 1779 639 ad
1804 605 1949 640 decorem

1197 655 1410 689 Ecclesiarum
1439 663 1468 688 et
1496 654 1524 687 in
1549 653 1794 688 desiccationem
1821 655 1951 701 illegiti-

1199 716 1320 737 moruut
1345 703 1509 742 natalium,
1542 711 1605 737 tatu'
1626 711 1733 737 sancte
1756 716 1849 750 quam
1876 717 1951 750 pro—

1963 275 2011 300 Αη.
2026 274 2054 299 C.
2077 272 2142 298 t57‘t

1979 616 1995 635 Δ
2007 616 2074 635 saeris
2090 620 2152 634 eave-

1966 650 1998 666 tur
2018 646 2134 665 canonibus
2145 661 2150 668 ,

1966 683 1992 697 ne
2005 677 2108 701 illegitimi
2118 682 2153 695 ee-

1966 707 2088 727 clesiastiea
2112 707 2151 726 oh-

1925 755 1931 760 ,
1967 739 2048 757 tineant
2071 738 2152 757 heneti-

1198 753 1267 786 vide
1291 752 1459 786 inhibitum
1483 753 1719 787 demonstratur
1741 753 1825 799 quod
1849 753 1951 800 illegi-

1198 802 1272 835 time
1299 802 1373 844 nati,
1396 801 1514 848 absque
1531 801 1767 846 dispensatione
1788 803 1952 845 canonica,

1197 851 1234 885 ad
1249 851 1452 885 canonicatus
1466 859 1494 884 et
1511 850 1708 896 praehendas
1721 863 1757 885 ac
1773 851 1954 896 dignitates,

1200 907 1388 946 personatus
1410 908 1439 933 et
1462 899 1562 933 officia
1587 910 1637 933 aut
1658 900 1717 934 alia
1740 900 1954 936 ecclesiastica

1200 948 1351 983 beneficia
1377 948 1533 982 inhabiles
1556 948 1750 990 habeantur3
1774 949 1880 984 hocin
1900 962 1956 997 pa-

1200 997 1421 1033 triarchalibus
1442 997 1595 1032 Ecclesiis
1618 997 1714 1032 Urbis
1728 1006 1813 1033 tanto
1829 999 1957 1045 dignius

1199 1047 1347 1081 convenit
1383 1046 1555 1089 observari,
1578 1056 1695 1093 quanto
1727 1047 1796 1081 illae
1818 1058 1958 1083 caeteras

1199 1096 1285 1130 orbis
1314 1095 1475 1130 Ecclesias
1499 1096 1607 1130 maiori
1632 1096 1785 1142 dignitate
1819 1097 1959 1144 praecel-

1202 1147 1282 1186 lunt,
1305 1153 1335 1178 et
1358 1145 1530 1180 honestiori
1560 1144 1675 1179 debent
1699 1146 1839 1181 decorari
1863 1146 1959 1181 obse-

1200 1195 1274 1242 quio
1303 1194 1533 1229 ministrorum.

1249 1244 1269 1290 5³
1293 1246 1323 1277 1.
1348 1243 1392 1277 Ea
1429 1253 1558 1291 propter
1586 1244 1642 1279 hac
1668 1252 1816 1291 perpetua
1840 1244 1960 1278 consti-

1202 1294 1322 1327 tutione
1344 1294 1513 1327 statuimus
1535 1294 1620 1340 quod
1644 1293 1682 1327 de
1707 1303 1832 1328 caetero
1855 1293 1960 1328 nullus

1201 1343 1336 1376 clericus
1358 1341 1516 1377 desectum
1541 1344 1689 1377 natalium
1709 1343 1841 1390 patienS,
1861 1343 1889 1376 in
1906 1342 1960 1377 La-

1203 1391 1359 1426 teranensi
1391 1391 1435 1425 vel
1459 1392 1495 1426 Β.
1526 1392 1607 1426 Petri
1639 1393 1791 1439 principis
1816 1392 1962 1439 Aposto-

1203 1441 1304 1475 lorum
1337 1448 1390 1474 aut
1412 1440 1450 1475 B.
1473 1441 1590 1475 Mariae
1619 1441 1745 1475 Maioris
1770 1441 1962 1488 patriarcha-

1205 1490 1285 1523 libus
1304 1489 1455 1524 Ecclesiis
1473 1491 1572 1524 dictae
1587 1490 1694 1530 Urbis,
1718 1491 1763 1524 vel
1787 1491 1890 1538 aliqua
1913 1502 1963 1524 ea-

1205 1539 1359 1576 rumdem,
1382 1539 1600 1574 canonicatum
1625 1548 1654 1573 et
1679 1539 1888 1586 praebendam
1909 1548 1962 1573 aut

1204 1588 1402 1634 dignitatem,
1427 1597 1628 1634 personatum
1646 1590 1690 1623 vel
1708 1589 1858 1633 officium,
1878 1601 1964 1635 prae-

1205 1646 1291 1672 textu
1314 1638 1545 1683 cuiuscumque
1567 1638 1811 1684 dispensationis
1829 1637 1888 1671 sibi
1909 1651 1964 1672 su-

1206 1698 1260 1732 per
1281 1687 1391 1720 eodem
1415 1686 1552 1724 defectu,
1567 1686 1626 1721 sub
1647 1700 1849 1734 quacumque
1865 1687 1963 1722 forma

1205 1748 1260 1769 seu
1295 1736 1505 1782 conceptione
1538 1735 1705 1771 verborum
1740 1750 1754 1771 a
1792 1745 1964 1771 memorata

1205 1785 1288 1819 Sede
1313 1785 1372 1819 iam
1403 1784 1504 1819 forsan
1528 1797 1700 1820 conces-ae
1724 1787 1831 1829 (cuius
1852 1797 1965 1821 aucto-

1208 1835 1295 1868 ritate
1324 1833 1464 1868 nondum
1501 1835 1573 1881 quis
1596 1835 1685 1869 suerit
1710 1836 1913 1870 canonicatus
1935 1844 1964 1869 et

1208 1883 1416 1930 praebendas,
1439 1883 1620 1930 dignitate&
1645 1894 1832 1931 personatus
1854 1886 1898 1919 vel
1916 1885 1964 1919 of-

1208 1938 1275 1971 licia
1298 1936 1480 1971 huiusmodi
1504 1942 1693 1981 assecutus)
1717 1939 1761 1972 rel
1785 1938 1823 1972 de
1841 1947 1965 1973 caetero

1207 1991 1441 2034 concedendae,
1451 1991 1574 2025 etiamsi
1585 1991 1779 2038 dispensatio
1794 1991 1859 2038 ipsa
1871 1991 1968 2025 conti-

1210 2054 1278 2079 neat
1290 2044 1373 2091 quod
1391 2047 1419 2078 in
1434 2044 1600 2092 quibusvis
1615 2044 1965 2089 catliedralil)us,etiam

1210 2098 1458 2145 metropolitanis
1472 2106 1502 2133 et
1519 2098 1779 2145 patriarchalilms
1803 2099 1968 2140 Ecclesiis,

1211 2154 1310 2199 possit
1337 2153 1543 2187 canonicatus
1569 2161 1599 2187 et
1628 2152 1833 2198 praebendas,
1858 2153 1969 2199 digui-

1212 2214 1300 2250 tates,
1325 2215 1514 2253 personatus
1532 2206 1578 2241 vel
1595 2207 1694 2241 officia
1714 2206 1795 2241 licite.
1813 2207 1968 2245 obtinere,

1211 2261 1236 2294 si
1250 2261 1309 2294 sibi
1331 2261 1483 2295 canonice
1505 2260 1720 2304 conferantur,
1743 2261 1800 2295 nisi
1821 2261 1860 2295 de
1876 2273 1969 2307 prae—

1214 2315 1383 2349 nominatis
1406 2314 1558 2349 Ecclesiis
1582 2315 1845 2361 patriarchalibus
1867 2315 1968 2350 dictae

1214 2368 1318 2412 Urbis,
1334 2381 1387 2402 seu
1412 2368 1459 2402 illa
1483 2381 1520 2402 ex
1543 2369 1599 2409 eis,
1625 2370 1654 2403 in
1678 2381 1738 2415 qua
1766 2369 1970 2403 canonicatus

1214 2430 1240 2455 et
1267 2422 1463 2467 praebendae
1497 2431 1550 2456 aut
1572 2423 1758 2467 dignitates,
1782 2431 1969 2469 personatus

1216 2476 1260 2509 rel
1285 2476 1384 2510 oflicia
1414 2476 1594 2510 huiusmodi
1629 2490 1684 2511 seu
1714 2477 1839 2523 aliquod
1864 2489 1900 2510 ex
1924 2477 1970 2511 eis

1217 2531 1376 2574 impetrata
1401 2530 1528 2570 luerint,
1551 2540 1579 2565 et
1604 2539 1667 2565 toto
1690 2540 1799 2565 tenore
1819 2542 1970 2577 praesen-

1217 2585 1294 2618 tium
1320 2585 1349 2617 in
1374 2585 1472 2619 liu-ris
1505 2585 1749 2631 dispensationis
1785 2585 1967 2619 huiusmodi

1216 2646 1361 2671 caveatur
1383 2650 1543 2685 expresse,
1567 2638 1663 2672 valeat
1691 2638 1843 2673 obtinere.

1968 770 2007 788 clu.

1988 1253 2105 1275 Prohibitio
2124 1254 2158 1274 J'de

1979 1287 2047 1313 quain
2059 1285 2159 1311 rubrica)

2266 2919 2274 3038 -e—.—⁴
