2274 3265
139 277 176 302 Αιι
207 278 233 301 (1.
256 278 320 303 iliis<
977 281 1142 303 maurim-us
1165 281 1183 301 v
1206 281 1253 302 ιψ.
1759 276 1828 306 667
1893 285 1943 310 An.
1959 285 1987 310 κ,
2007 285 2074 311 mis<

1126 337 1271 378 comites,
1292 335 1437 376 barones,
1462 337 1587 377 milites,
1617 346 1799 384 potestates,
1823 353 1878 374 re-
1911 350 2063 377 Ριῑπίιιωίυρ

1126 393 1239 427 ctores,
1273 386 1439 429 consules,
1473 387 1688 433 proconsules,
1720 386 2077 433 scabinos,22222¹¹¹ss¹1⁰⁰f1⁰s

1125 434 1368 468 communitates
1395 444 1423 468 et
1450 436 1669 470 universitates
1697 443 2034 494 ‘⁰3¹¹⁰l¹¹¹¹'⁷millib-‘¹¹¹⁴
2051 448 2075 462 ‘³¹¹

334 332 408 366 salis
431 332 533 377 docet,
558 336 715 380 praedicat
738 343 767 369 ct
790 335 945 378 observat,
969 343 1021 369 aut
1041 348 1082 369 ar<

335 382 447 415 tirulos
469 395 523 417 seu
541 384 636 418 libros
652 394 679 417 et
697 385 856 419 ‹lot-trinas
873 385 1081 431 praefatorum

335 431 622 467 haeresiarcharum
648 433 772 468 loannis
794 434 926 468 Wictett
945 442 973 468 et
997 433 1083 467 loan-

140 1171 295 1198 Receptatnres

127 1208 198 1223 eorum
247 1209 312 1224 coer*

127 1237 196 1253 ceant.

134 1867 182 1887 Cum
194 1867 310 1890 nhdus--tis,

126 1899 205 1925 pieriis
215 1900 313 1919 mont-'io-

126 1930 186 1949 nibus
197 1946 202 1953 ,

127 1963 224 1982 mantum

236 1934 312 1951 §eterss

334 481 381 513 nis
404 481 489 514 Iluss
513 491 542 516 ct
558 482 754 530 Hieronymi,
773 495 827 530 per
841 483 984 516 eamdem
1001 483 1083 516 Con-

333 530 538 564 stantienwm
563 532 729 578 synodum,
753 544 824 566 cum
853 532 919 566 suis
946 532 1082 565 auctori-

334 578 402 619 buS,
422 588 450 612 ιιι
469 581 671 627 praedicitur,
687 582 852 615 damnatos
864 589 894 615 et
907 581 1081 624 damnatas,

332 636 450 667 tenere,
485 629 614 664 credere
641 638 671 664 et
698 630 921 675 dogmatizare,
944 643 979 664 ac
1004 631 1081 664 vitae

332 678 425 711 linem
464 679 603 724 ipsorum
641 679 931 714 haeresiarcharum
957 679 1080 725 publice

332 726 377 760 vel
400 727 522 761 occulte
547 728 750 774 pertinaciter
763 728 1001 775 quomodolibet
1020 729 1080 763 lau-

329 775 403 809 dare
438 776 482 809 vel
511 777 687 823 approbare
723 779 1004 825 praesumpserint,
1027 791 1079 812 eo-

329 837 463 872 rumque
497 834 719 872 receptatores,
747 828 931 862 defensores
954 837 983 862 et
1011 828 1079 861 fau-

329 882 412 908 tores
427 875 699 920 quoslil‘›et,etiam
718 878 982 923 contemplatione
995 891 1081 924 prac-

327 923 482 958 dictorum
519 937 675 969 errorum,
699 938 821 960 necnon
858 927 1023 961 credentes
1050 937 1078 961 et

327 972 537 1007 adhaerentes
564 974 697 1016 eisdem,
721 984 879 1022 tamquam
904 976 1080 1011 haereticos

328 1021 498 1065 iudicetis,
534 1031 563 1056 et
598 1023 680 1058 velut
718 1025 891 1059 haereticos
926 1026 1077 1061 saeculari

327 1072 432 1106 curiae.
463 1072 657 1119 relinquatis.

375 1121 395 1167 S
417 1125 448 1155 5.
481 1121 704 1168 Receptatores
727 1136 866 1170 quoque,
891 1124 1027 1159 fautores
1050 1133 1079 1157 et

326 1169 508 1204 defensores
546 1171 725 1206 huiusmodi
762 1173 978 1218 pestiferarum
1005 1186 1078 1220 per-

325 1231 486 1257 sonarum,
510 1233 589 1266 quae
605 1220 766 1255 erroribus
781 1222 857 1267 ipsis
874 1223 1077 1265 crediderint,

327 1281 383 1302 nec
420 1269 522 1303 favore
557 1280 609 1303 aut
645 1272 912 1315 (cntemplatione
935 1284 1076 1305 errorum

326 1318 485 1364 ipsorum,
509 1319 562 1352 sed
589 1319 665 1352 forte
688 1319 823 1353 carnalis
845 1322 962 1354 amoris
984 1334 1077 1354 causa

327 1367 370 1401 vel
405 1369 571 1401 occasione
611 1368 670 1402 alia
706 1368 885 1403 huiusmodi
928 1382 1078 1416 personas

324 1416 489 1463 pestiferas
526 1418 775 1463 receptai‘erint,
811 1427 933 1462 praeter
961 1431 1078 1465 poenas

324 1466 363 1500 ab
388 1474 518 1512 utroque
543 1467 609 1500 iure
630 1466 745 1500 talibus
769 1467 910 1507 inllictas,
940 1482 995 1515 per
1023 1468 1078 1501 iu—

324 1515 410 1550 dices
441 1524 668 1562 competentes,
693 1524 774 1549 tauta
808 1519 971 1551 severitate
995 1531 1077 1564 poe.—

326 1578 448 1607 narum,
473 1566 501 1599 in
526 1574 587 1599 tam
615 1567 736 1599 enormi
766 1566 898 1605 scelere,
927 1568 1076 1602 ultionem

324 1615 491 1660 accipiant,
507 1614 590 1661 quod
608 1615 697 1649 cedat
713 1616 844 1649 caeteris
863 1618 1078 1651 crassantibus

325 1665 354 1698 ιιι
379 1665 572 1711 exemplum,
598 1672 640 1707 ut,
664 1677 743 1711 quos
768 1665 823 1700 Dei
849 1666 941 1700 timor
961 1679 976 1701 a
997 1667 1078 1701 malo

325 1726 385 1747 non
412 1722 547 1754 revocat,
570 1714 678 1748 saltem
703 1723 845 1749 coerceat
868 1717 1016 1751 severitas
1036 1716 1079 1750 di-

325 1763 486 1809 sciplinae.

375 1813 395 1860 g
418 1815 449 1846 6.
466 1814 547 1847 Cum
565 1813 694 1859 reliquis
710 1827 781 1847 vero
797 1814 977 1849 huiusmodi
994 1823 1076 1849 secta

326 1863 497 1897 damnabili
516 1863 755 1909 quomodolibet
775 1864 908 1903 infectis,
925 1866 990 1912 qui,
1011 1872 1079 1910 post

327 1920 558 1959 competentem
585 1913 791 1947 monitionem
824 1927 859 1948 ac
883 1914 1077 1961 frequentem

327 1963 591 2004 exhortationem,
615 1975 676 2009 qua
701 1963 748 2008 pie
765 1976 837 2008 erga
853 1976 918 2003 eos,
935 1977 990 2010 spc
1007 1976 1078 1997 cor—

326 2012 477 2046 rectionis
504 2019 533 2045 et
561 2011 793 2046 emendationis
820 2025 855 2047 ac
878 2013 914 2047 ad
940 2012 1079 2047 melioris

327 2062 406 2095 vitae
442 2061 562 2107 frugem
599 2061 825 2106 conversionis,
862 2076 952 2097 usum
976 2070 1034 2105 est,
1062 2075 1077 2096 a

327 2110 496 2158 praedictis
519 2110 678 2144 erroribus
698 2119 726 2144 et
750 2119 834 2145 secta
859 2112 1016 2146 noluerint
1037 2124 1079 2146 re-

325 2165 490 2211 sipiscere,
505 2163 587 2198 etad
602 2164 755 2209 gremium
776 2165 992 2212 unitatemque
1011 2178 1079 2199 san—

325 2227 391 2252 ctae
408 2218 514 2251 matris
534 2218 694 2251 Ecclesiae
715 2230 750 2251 ac
767 2218 859 2252 {idem
879 2219 1078 2261 catholicam,

325 2285 406 2319 quae
441 2272 506 2306 sola
543 2272 661 2306 salvare
685 2280 797 2318 potest,
820 2273 889 2307 sine
912 2286 971 2319 qua
1001 2272 1078 2306 nulli

327 2339 416 2360 verae
451 2326 561 2360 salutis
590 2325 769 2360 subsidium
795 2327 963 2372 contingit,
988 2327 1078 2373 plene

327 2392 555 2426 recognoscere
578 2388 608 2414 et
630 2380 784 2419 confiteri,
822 2381 960 2414 iustitiae
982 2392 1078 2414 seve—

328 2435 412 2476 ritas,
437 2442 529 2480 prout
553 2434 623 2467 facti
649 2434 827 2479 poposcerit
850 2433 996 2479 qualitas,
1013 2434 1080 2468 dul-

327 2500 398 2522 core
422 2487 658 2521 misericordiae
687 2495 890 2533 temperetur.

376 2541 442 2587 §T
467 2540 506 2574 Et
531 2540 735 2574 nihilominus
759 2552 870 2574 omnes
891 2541 1079 2575 christianae

329 2603 358 2628 et
380 2594 551 2628 catholicae
575 2593 647 2628 fidei
679 2594 884 2640 professores,
909 2595 1079 2640 imperato-

329 2660 406 2693 rem,
431 2660 529 2695 reges,
553 2649 662 2691 duces,
678 2648 848 2695 principes,
869 2648 1079 2688 marchiones,

1126 483 1371 528 provinciarum,
1394 484 1567 524 civitatum,
1596 486 1800 532 oppidorum,
1823 500 1875 521 ca-

1125 539 1273 572 strorum,
1303 533 1457 572 villarum,
1486 541 1653 578 terrarum,
1680 535 1877 582 aliorumque

1125 581 1263 615 locorum
1295 582 1490 625 huiusmodi,
1519 596 1640 617 necnon
1664 593 1805 619 caeteros
1829 586 1877 619 iu-

1125 630 1339 665 risdictionem
1359 632 1562 677 temporalem
1580 642 1776 678 exercentes,
1795 634 1875 669 iuxta

1126 680 1202 713 iuris
1239 680 1368 714 formam
1399 689 1428 714 et
1463 681 1665 726 exigentiam,
1695 683 1877 717 auctoritate

1123 729 1308 775 apostolica,
1336 729 1531 764 exhortando
1555 731 1709 765 moneatis
1724 740 1753 765 et
1777 733 1878 779 requi-

1124 779 1197 812 ratis
1222 787 1254 813 ut
1278 779 1316 812 de.
1340 779 1456 824 regnis,
1482 779 1664 825 provinciis,
1684 781 1876 820 civitatibus,

1123 828 1260 873 oppidis,
1290 829 1410 868 castris,
1441 828 1533 873 villis,
1557 830 1647 863 terris
1675 840 1704 863 et
1727 830 1877 864 omnibus

1122 877 1190 911 aliis
1215 877 1290 911 locis
1313 891 1347 912 ac
1371 878 1521 912 dominiis
1548 879 1738 925 supradictis
1765 892 1877 914 omnes

1123 935 1150 960 et
1173 926 1317 972 singulos
1340 927 1514 962 haereticos
1543 928 1737 966 huiusmodi.
1753 942 1876 964 secun—

1122 976 1197 1010 dum
1222 984 1361 1010 tenorem
1386 977 1608 1012 Lateraueusis
1630 978 1766 1021 concilii,
1790 979 1874 1024 quod

1123 1025 1243 1072 incipit,
1272 1027 1359 1059 Sicut
1381 1028 1436 1066 αιί,
1460 1027 1496 1060 ad
1518 1027 1616 1061 instar
1629 1029 1721 1062 etiam
1739 1028 1875 1063 irretito-

1124 1087 1189 1108 rum
1214 1076 1345 1109 crimine
1368 1088 1548 1116 usurarum,
1571 1089 1650 1122 quos
1680 1076 1805 1123 publice
1828 1078 1873 1111 vel

1123 1124 1288 1157 manifeste
1317 1137 1372 1170 per
1395 1124 1464 1158 facti
1492 1125 1681 1160 evidentiam
1710 1138 1873 1172 cognove-

1123 1173 1183 1206 rint
1211 1185 1281 1207 esse
1305 1173 1381 1206 tales
1398 1202 1405 1214 ‚
1429 1182 1587 1220 tamquam
1611 1188 1685 1210 oves
1714 1175 1874 1209 morbidas

1121 1234 1248 1267 gregem
1274 1221 1400 1256 Domini
1426 1222 1603 1258 inficientes
1622 1224 1791 1271 expellant,
1814 1224 1874 1258 do-

1122 1279 1227 1305 necet
1250 1284 1419 1318 quousque
1445 1284 1461 1305 a
1486 1272 1578 1306 nobis
1613 1286 1666 1308 seu
1704 1273 1792 1307 vobis
1827 1274 1873 1307 vel

1121 1320 1188 1353 aliis
1217 1320 1375 1354 iudicibus
1412 1321 1636 1357 ecclesiasticis
1670 1323 1714 1356 vel
1740 1323 1873 1368 inquisi—

1122 1369 1243 1402 toribus
1267 1369 1360 1402 lidem
1384 1378 1413 1402 et
1436 1372 1694 1405 communionem
1711 1371 1873 1405 Romanae

1122 1418 1282 1452 Ecclesiae
1316 1419 1498 1452 tenentibus
1535 1419 1618 1453 aliud
1657 1421 1807 1466 recipiant
1842 1421 1871 1453 ιιι

1121 1467 1288 1506 mandatis,
1312 1480 1369 1501 nec
1391 1468 1520 1502 eosdem
1542 1469 1570 1502 in
1592 1469 1658 1503 suis
1677 1468 1874 1503 districtibus

1122 1517 1315 1563 praedicare,
1332 1517 1490 1551 domicilia
1509 1525 1627 1556 tenere,
1644 1518 1740 1553 larem
1758 1518 1874 1561 fovere,

1120 1574 1301 1600 contractus
1325 1567 1415 1604 inire,
1435 1568 1670 1613 negociatioues
1685 1576 1715 1602 et
1731 1580 1874 1602 mercan-

1122 1616 1178 1649 tias
1211 1616 1370 1662 quaslibet
1402 1628 1561 1656 exercere,
1590 1625 1643 1651 ant
1670 1618 1875 1652 humanitatis

1121 1665 1228 1699 solatia
1252 1677 1323 1699 cum
1347 1665 1464 1699 Christi
1487 1666 1632 1701 fidelibus
1660 1666 1773 1701 habere
1796 1679 1875 1714 per-

1122 1722 1256 1749 mittant.

1170 1764 1190 1811 ἓ
1218 1766 1249 1797 8.
1274 1764 1312 1798 Εῑ
1340 1765 1364 1798 si
1390 1764 1467 1798 tales
1504 1764 1652 1799 haeretici
1688 1765 1804 1812 publici
1838 1777 1872 1799 ar

1123 1814 1292 1856 manifesti,
1327 1813 1397 1848 licet
1433 1813 1575 1848 nondum
1613 1828 1667 1861 per
1698 1814 1872 1849 Ecclesiam

1121 1863 1282 1905 declarati,
1306 1863 1335 1896 ιιι
1360 1862 1418 1896 hoc
1443 1872 1502 1897 tam
1536 1865 1620 1910 gravi
1657 1864 1789 1898 crimine
1811 1864 1872 1898 de-

1122 1913 1287 1955 cesserint,
1310 1912 1521 1947 ecclesiastica
1549 1922 1674 1947 careant
1696 1913 1873 1960 sepultura,

1123 1975 1179 1996 nec
1214 1961 1390 1996 oblationes
1426 1962 1500 1995 liant
1523 1971 1574 1997 aut
1603 1963 1795 2009 recipiantur
1819 1976 1873 2010 pro

1121 2012 1258 2045 eisdem:
1286 2011 1365 2044 bona
1391 2020 1494 2045 tamen
1533 2013 1671 2058 ipsorum
1695 2024 1711 2046 a
1732 2020 1873 2059 tempore

1121 2060 1281 2095 commissi
1306 2060 1459 2099 criminis,
1493 2061 1669 2096 secundum
1706 2062 1874 2096 canonicas

1121 2111 1313 2148 sanctiones,
1330 2109 1512 2150 confiscata,
1527 2123 1588 2145 non
1608 2120 1805 2158 occupentur
1820 2123 1874 2158 per

1122 2163 1190 2197 illos
1212 2163 1249 2197 ad
1272 2175 1352 2209 quos
1375 2163 1449 2197 alias
1473 2165 1677 2210 pertinerent,
1699 2164 1800 2199 donec
1820 2176 1874 2211 per

1121 2217 1301 2251 huiusmodi
1324 2217 1445 2252 iudices
1459 2219 1691 2253 ecclesiasticos
1705 2231 1801 2265 super
1815 2218 1874 2252 hoc

1123 2279 1306 2318 potestatem
1332 2271 1482 2306 babentes
1501 2274 1655 2307 sententia
1669 2272 1873 2306 declaratoria

1121 2338 1218 2372 super
1246 2326 1312 2371 ipso
1342 2325 1482 2359 haeresis
1511 2327 1644 2360 crimine
1672 2326 1764 2361 fuerit
1795 2338 1873 2372 pro-

1122 2379 1269 2424 mulgata.

1170 2433 1190 2477 ξ
1213 2436 1244 2466 9.
1269 2432 1331 2474 Qui
1354 2441 1459 2466 autem
1484 2433 1521 2466 ‹le
1545 2432 1679 2476 haeresi,
1704 2446 1758 2479 per
1785 2432 1873 2466 iudi-

1122 2499 1191 2520 cem
1215 2494 1446 2531 competentem
1475 2486 1734 2530 ecclesiasticum,
1758 2486 1872 2520 inventi

1123 2540 1238 2574 fuerint
1259 2539 1323 2574 sola
1338 2540 1520 2585 suspicione
1537 2540 1631 2574 notati
1649 2552 1703 2574 seu
1720 2540 1873 2586 suspecti,

1124 2594 1195 2633 nisi,
1219 2594 1301 2628 iuxta
1320 2593 1605 2628 considerationem
1630 2602 1661 2628 et
1683 2594 1871 2639 exigentiam

1123 2648 1313 2695 suspicionis
1348 2648 1597 2694 qualitatemque
1632 2660 1805 2695 personae,
1836 2648 1873 2682 ad

1899 1776 2024 1796 llaeretivos
2037 1782 2075 1796 ec—

1890 1807 2010 1827 clesiastiea
2030 1814 2075 1833 prt-

1891 1844 1932 1857 vari
1945 1838 1986 1857 vult
2003 1838 2074 1863 sepul<

1890 1872 1943 1891 lura,
1953 1874 2024 1888 eorum
2036 1875 2074 1888 -iu-

1890 1903 1930 1918 iem
1947 1898 2000 1918 bona
2020 1904 2074 1918 con-

1889 1930 1967 1950 sisrariv

1904 2444 1931 2465 De
1945 2446 2058 2470 suspectis
