2274 3265
809 267 946 289 lomnes
969 265 1025 287 xxi
1050 254 1158 296 ‹flictus
1182 256 1276 293 xxiiij»
1299 264 1347 286 rr,
1729 252 1799 284 245
1865 262 1917 287 An.
1934 261 1962 286 c.
1981 261 2045 286 t5t7

106 270 156 297 An.
175 269 204 295 C.
222 270 287 296 1517

1361 317 1575 347 subtuar-tuat

1099 380 1121 408 t.
1133 379 1245 408 Causae
1257 379 1407 409 dividendi
1423 378 1623 408 'l'liolosanum
1637 379 1848 417 episcopatum.

1134 441 1172 446 —
1194 425 1221 453 02.
1240 424 1376 453 Clemens
1397 424 1429 453 lV
1455 425 1529 453 lianc
1552 424 1728 453 divisionem
1757 424 1849 453 medi-

1135 469 1260 499 tabatur.
1283 485 1322 491 —
1344 470 1370 498 3.
1390 468 1498 499 Divisio
1523 470 1568 506 (tle
1591 478 1642 507 qua
1663 470 1690 497 in
1717 468 1848 504 rubrica).

1134 531 1172 536 —
1189 514 1217 543 t.
1237 513 1350 543 Erectio
1369 517 1497 552 quatuor
1512 513 1747 551 episcopatuum.
1766 529 1804 534 —
1820 513 1847 542 5.

1134 557 1320 588 Tliolosanae
1352 557 1502 587 Ecclesiae
1535 557 1564 586 in
1594 557 1847 597 metropolitanam

1135 602 1339 632 erectio—6.
1360 601 1458 631 Dictae
1484 605 1610 640 quatuor
1632 601 1727 631 eidem
1751 602 1849 631 subii-

1135 646 1262 675 ciuntur.
1287 663 1324 667 —
1348 646 1373 675 7.
1393 645 1559 684 Unicuique
1583 645 1628 674 sui
1659 645 1850 683 assignantur

1135 691 1278 720 redditus.
1306 707 1345 712 —
1373 691 1399 726 8,
1427 691 1454 719 (l.
1485 689 1700 719 Beneficiorum
1734 689 1851 719 collatio

1136 735 1203 765 Sodi
1227 735 1329 774 Apost.
1352 739 1431 764 certo
1454 738 1585 772 tempore
1605 737 1780 762 reservatur.

303 323 469 363 eiusdem,
511 323 684 369 praelatum
727 322 975 361 monasterium,
1001 327 1053 354 aut

302 372 399 407 abbas
428 372 512 407 illius
542 372 675 407 niediate
710 372 755 407 vel
780 370 968 410 immediate,
997 381 1051 403 seu

301 423 377 457 alias
398 422 698 468 quomodocumque
720 421 865 460 habebat,
888 431 1051 466 quaecum-

301 484 362 519 que
375 481 403 506 et
420 472 663 518 qualiacumque
691 471 739 504 illa
754 471 817 503 siut
839 477 869 503 et
894 480 1053 516 quocum-

301 534 363 568 que
382 521 508 555 nomine
522 528 720 559 censeantur,
746 519 775 552 in
804 518 919 553 dictam
946 517 1051 552 Sancti

302 570 386 605 Flori
411 570 576 604 ecclesiam
616 576 646 603 et
675 569 745 603 eius
767 568 976 614 episcopum,
1000 567 1051 613 qui

301 620 360 655 erit
389 631 444 667 pro
474 628 626 665 ternpore,
662 617 909 657 transferentes,
940 616 1053 663 illaque

302 681 400 717 penes
422 681 477 704 eos
508 668 647 702 volentes
677 666 767 713 plene
802 674 832 701 et
863 665 1054 712 integraliter

302 725 454 766 perpetuo
472 728 645 752 remanere.

350 768 370 814 g
396 771 429 801 2.
458 766 589 809 Verum,
611 765 683 812 quia
707 765 816 800 eadem
840 764 982 799 Ecclesia
1015 765 1055 798 l'a-

113 823 288 873 ”efdssuwm
303 817 436 852 cultates
458 829 518 850 non
535 815 628 850 habet
641 814 927 861 correspondentes
943 814 1052 848 honori

102 854 212 910 agnem«,
233 859 289 874 ⁶⁵⁵¹-
302 875 333 900 et
360 865 475 907 statui,
498 865 536 899 ad
564 876 645 911 quos
677 864 798 898 noviter
824 872 871 898 est
895 871 1052 910 proveeta,

302 915 488 949 auctoritate
522 913 680 961 praedicta
711 912 925 952 decernimus,
955 913 1052 959 ipsam

303 965 347 999 sic
378 964 593 999 honorandam
628 976 698 997 esse
722 963 750 996 in
787 961 989 997 facultatibus
1024 969 1055 996 et

302 1014 491 1058 aagendam,
519 1012 604 1060 quod
629 1024 736 1046 mensa
765 1011 953 1058 episcopalis
975 1011 1055 1045 eius·

303 1062 373 1097 dem
397 1063 539 1109 quinque
577 1061 672 1095 millia
705 1061 854 1095 librarum
886 1072 1053 1107 parvorum

1139 801 1252 830 loannes
1283 801 1425 837 episcopus
1453 807 1549 830 servus
1574 806 1713 828 servorum
1744 799 1807 831 Det.

1231 851 1264 878 ad
1295 851 1455 886 perpetuam
1485 849 1528 879 rel
1546 849 1717 878 memor-tam.

1143 914 1287 949 Salvator
1310 921 1419 948 noster
1451 919 1504 946 etc.

1145 966 1165 1008 ,ξ
1182 967 1211 997 l.
1227 963 1311 998 Sane
1328 961 1565 997 considerantes
1583 959 1733 995 attentius
1755 968 1786 994 et
1804 960 1853 994 in-
1881 970 1959 989 naum
1998 972 2052 989 am-

1097 1010 1305 1059 trapeetoris
1332 1012 1466 1047 claustra
1496 1008 1698 1045 meditatione
1719 1009 1852 1045 sollicita
1868 1000 2052 1057 222⁶¹JP¹J2¹2221

1099 1063 1316 1105 revolventes,
1350 1061 1435 1108 quod
1468 1060 1499 1094 in
1535 1067 1618 1093 tanta
1651 1059 1853 1094 multitudine
1868 1067 1909 1083 ‘⁰¹¹²

302 1112 464 1146 Turonen.
492 1111 588 1146 annui
612 1118 643 1144 et
670 1111 813 1157 perpetui
840 1109 983 1144 redditus
997 1109 1055 1144 ha-

305 1161 386 1205 beat,
410 1169 471 1195 tam
500 1160 539 1195 de
562 1160 654 1194 bonis
675 1168 706 1193 et
728 1159 821 1194 rebus
844 1170 972 1193 mensae
986 1159 1056 1205 epi-

301 1210 438 1258 scopalis
469 1209 734 1252 Claromonten.,
766 1208 870 1243 eidem
905 1208 1055 1242 ecclesiae

301 1260 409 1294 Sancti
422 1258 506 1293 Flori
523 1258 622 1303 magis
638 1257 852 1293 accommodis
873 1264 904 1291 et
927 1256 1056 1303 propin-

301 1309 384 1355 quis,
407 1320 501 1354 quam
525 1308 619 1342 etiam
643 1307 681 1341 de
699 1307 790 1341 bonis
812 1314 842 1341 et
857 1305 950 1339 rebus
971 1307 1057 1340 eius-

301 1358 373 1392 dem
388 1357 495 1392 Sancti
508 1356 593 1391 Flori
607 1355 868 1402 Ecclesiae,quae
883 1355 942 1388 iam
955 1354 1056 1389 dictae

301 1406 470 1454 episcopali
510 1418 635 1440 mensae
676 1405 775 1452 ipsius
816 1404 1057 1439 convenientius

304 1468 466 1491 remanere
487 1463 647 1503 poterunt,
671 1456 754 1490 iuxta
775 1465 978 1489 communem
1007 1466 1058 1489 ex-

303 1505 497 1540 timationem
526 1504 681 1539 bonorum
701 1511 732 1539 et
748 1516 852 1539 rerum
874 1503 1056 1537 huiusmodi

304 1554 525 1590 redditualium
548 1553 706 1588 situanda.
736 1553 822 1588 Haec
850 1552 955 1598 igitur,
990 1561 1056 1593 etc„

302 1606 448 1649 usquead
476 1605 566 1638 verba
592 1603 824 1638 ordinationem
848 1601 1055 1649 apostolicam

301 1666 358 1688 seu
384 1653 521 1700 aliquem
546 1652 592 1687 vel
620 1652 747 1700 aliquod
777 1651 816 1686 de
844 1652 1004 1686 contentis
1026 1651 1055 1685 in

301 1716 336 1738 ea
368 1702 479 1750 quovis
512 1702 673 1749 quaesito,
696 1710 761 1741 etc„
783 1714 876 1746 nsque
903 1703 945 1735 ad
965 1702 1058 1735 verba

302 1752 424 1787 valeant
454 1751 608 1787 obtinere.
632 1751 718 1786 Nulli
741 1763 816 1797 ergo
840 1750 971 1785 omnino
1000 1750 1058 1785 lio-

302 1802 424 1836 minum
452 1801 545 1837 liceat
580 1802 661 1836 lianc
696 1800 842 1848 paginam
878 1808 1055 1835 nostrarum

302 1851 467 1886 divisionis
482 1880 490 1896 ,
524 1850 719 1885 voluntatum
739 1878 746 1890 ,
770 1850 1031 1884 constitutionum
1049 1879 1056 1891 ,

301 1901 469 1937 erectionis
487 1929 495 1945 ,
537 1901 778 1948 insignitionis,
827 1900 1056 1941 absolutionis,

302 1951 521 1990 liberationis,
548 1951 772 1988 translationis,
805 1950 1004 1985 inhibitionis
1028 1958 1058 1984 et

305 2001 570 2048 promulgationis
599 2001 780 2047 infringere,
804 2009 857 2034 etc.

351 2051 465 2085 Datum
503 2051 656 2085 Avenioni
688 2051 826 2097 septimo
863 2049 933 2084 idus
970 2049 1056 2090 iulii,

302 2100 503 2147 pontificatus
527 2100 622 2135 nostri
651 2112 734 2134 anno
759 2101 870 2146 primo.

470 2162 530 2192 Dat.
553 2163 599 2193 die
620 2172 756 2202 annoque
779 2163 892 2192 eodem.

655 2321 706 2355 Vl.

302 2395 424 2427 Divisio
451 2397 638 2440 episcopatus
673 2395 834 2428 Tholosan.
868 2396 898 2428 ιἰι
925 2402 1058 2439 quatuor

351 2445 430 2478 alias
467 2446 616 2479 Ecclesias
658 2445 873 2489 suffrayaneas
891 2472 898 2482 ,
946 2445 1058 2477 scilicet

352 2494 576 2529 Montisalban.
593 2521 600 2537 ,
619 2496 729 2528 Sancti
750 2495 879 2537 Papuli,
902 2495 1057 2526 Lambria-

355 2558 417 2579 cen.
442 2554 467 2578 ec
492 2545 596 2577 [ἰὴ-οη.
611 2572 618 2582 ,
634 2545 753 2587 eiusque
773 2545 880 2576 erectio
899 2545 931 2575 t'n
952 2549 1058 2576 melro-

349 2596 524 2640 polt‘tanam
547 2594 715 2627 Ecclesiam
733 2595 786 2635 tl).

340 2665 379 2700 (1)
395 2665 433 2692 Ex
451 2665 556 2699 Regest.
578 2663 661 2690 Vatic.

1098 1111 1204 1159 populi
1218 1138 1226 1151 ,
1249 1118 1365 1158 quanta
1388 1108 1587 1144 foecundavit
1604 1107 1787 1143 Altissimus
1809 1108 1854 1142 cia

1098 1162 1225 1195 vitatem
1248 1168 1279 1194 et
1292 1159 1463 1194 dioecesim
1478 1157 1703 1201 Tliolosanam,
1717 1157 1853 1204 singulo·

1099 1223 1166 1245 rum
1192 1210 1295 1244 vultus
1319 1208 1481 1255 nequibat,
1505 1215 1538 1241 ut
1559 1206 1725 1250 condecet,
1742 1208 1859 1242 unicus·

1099 1267 1204 1305 pastor
1232 1258 1401 1304 inspicere,
1417 1265 1469 1292 aut
1490 1256 1567 1291 alias
1596 1264 1700 1303 partes
1716 1255 1789 1291 boni
1804 1268 1855 1302 pa-

1098 1309 1192 1343 storis
1220 1307 1371 1354 implere:
1396 1306 1545 1353 quodque
1573 1305 1688 1339 durum
1716 1313 1782 1340 erat
1808 1313 1857 1340 at-

1098 1369 1160 1404 que
1195 1356 1323 1391 difficile
1357 1356 1387 1390 in
1409 1363 1469 1389 tam
1493 1354 1552 1389 lata
1576 1362 1607 1389 et
1628 1353 1743 1389 diffusa
1766 1354 1857 1389 dioe-

1097 1407 1162 1442 cesi
1185 1406 1223 1441 ad
1254 1418 1350 1440 unum
1379 1412 1501 1439 tantum
1529 1416 1545 1439 a
1569 1412 1613 1438 tot
1642 1403 1786 1450 personis
1804 1416 1856 1438 ec-

1098 1454 1283 1491 elesiasticis
1305 1462 1336 1490 et
1351 1453 1522 1488 mundanis
1542 1465 1707 1488 recursum
1727 1452 1856 1493 liaberi3

1098 1505 1298 1541 attendentes
1320 1504 1428 1543 etiam,
1450 1502 1548 1550 quod,
1565 1502 1638 1537 licet
1656 1501 1857 1537 Tholosanus

1098 1557 1301 1602 episcopatus
1324 1552 1444 1588 divitiis
1465 1551 1641 1587 abundaret
1669 1551 1834 1586 immensis
1848 1579 1857 1595 ,

1099 1606 1146 1639 vix
1185 1612 1289 1638 tamen
1326 1609 1492 1650 supererat
1532 1602 1698 1648 hucusque
1730 1612 1858 1635 memo—

1100 1654 1160 1694 ria,
1184 1652 1268 1700 quod
1301 1664 1338 1687 cx
1365 1664 1496 1686 suorum
1531 1650 1692 1698 opulentia
1727 1650 1857 1696 copiosa

1100 1702 1281 1738 reddituum
1300 1701 1426 1748 aliquod
1450 1701 1482 1735 in
1495 1700 1638 1735 Ecclesia
1657 1698 1703 1734 vel
1719 1698 1855 1734 dioecesi

1098 1753 1276 1787 Tholosaua
1304 1750 1501 1798 provenisset
1519 1749 1616 1784 divini
1641 1748 1745 1784 cultus
1761 1760 1859 1794 augu-

1099 1810 1255 1843 mentum,
1278 1802 1376 1835 iunno
1398 1801 1444 1835 sie
1472 1812 1508 1835 ex
1536 1799 1631 1847 adipe
1655 1798 1806 1846 prodierit
1829 1805 1858 1832 et

1100 1852 1246 1899 prodibat
1269 1851 1427 1899 iniqnitas,
1458 1858 1491 1884 ut
1519 1849 1618 1884 multo
1633 1849 1693 1883 iam
1718 1856 1858 1894 tempore

1099 1903 1203 1942 luxus,
1231 1914 1304 1937 cura
1327 1900 1430 1936 earnis
1453 1900 1484 1934 in
1508 1898 1692 1937 desideriis,
1720 1898 1859 1933 evectio-

1100 1965 1174 1986 num
1200 1964 1331 1999 pompa,
1355 1949 1566 1985 numerositas
1588 1947 1772 1986 clientelae,
1798 1947 1858 1981 im-

1099 2002 1258 2037 moderata
1282 2000 1463 2036 distributio
1486 1999 1516 2033 in
1538 2006 1693 2045 parentes,
1711 2004 1859 2043 sumptus

1098 2063 1245 2087 enormes
1260 2078 1268 2094 ,
1305 2063 1340 2084 ae
1376 2061 1451 2084 usus
1491 2046 1756 2083 extraordinarios
1795 2045 1857 2080 sibi

1099 2101 1311 2135 vindicassent
1334 2099 1451 2133 ibidem
1475 2098 1562 2145 quasi
1584 2105 1683 2131 totum
1708 2095 1859 2143 patrimo-

1100 2151 1185 2185 nium
1222 2149 1395 2188 Crucifixi;
1419 2156 1448 2183 et
1483 2146 1656 2182 verendum
1692 2154 1780 2185 erat,
1818 2156 1857 2178 ne

1100 2199 1224 2247 praesul
1249 2200 1364 2234 unicus
1386 2197 1586 2232 Tliolosanus
1615 2196 1806 2230 incrassatus
1828 2201 1858 2228 et

1099 2249 1246 2284 dilatatus
1269 2262 1305 2283 ex
1328 2247 1499 2282 excessivis
1532 2244 1713 2280 huiusmodi
1743 2243 1858 2290 opibus

1099 2308 1129 2334 et
1151 2298 1297 2345 superbis
1321 2296 1497 2344 periculose
1521 2294 1733 2334 recalcitrans,
1752 2292 1856 2327 Deum

1099 2348 1250 2383 factorem
1286 2359 1380 2382 sunm
1409 2345 1664 2391 derelinqueret,
1694 2350 1725 2377 et
1753 2355 1770 2377 a
1798 2354 1857 2376 sno

1099 2398 1225 2432 salutari
1256 2396 1417 2435 recedens,
1447 2393 1634 2441 perditionis
1659 2391 1802 2439 exempla
1826 2391 1856 2425 in

1099 2447 1242 2482 subditos
1271 2446 1435 2481 derivaret.

1150 2504 1164 2539 ,ξ
1191 2502 1223 2531 ⁶2.
1248 2496 1422 2530 pensantes
1449 2506 1595 2540 quoque,
1618 2490 1702 2539 quod
1731 2498 1857 2525 sanctae

1100 2548 1271 2582 mentor-iae
1298 2545 1448 2579 Clemens
1471 2543 1555 2589 Papa
1578 2549 1709 2589 quartus
1724 2539 1856 2588 praede-

1100 2648 1177 2680 vitas
1199 2653 1228 2680 et
1256 2643 1411 2679 dioecesis
1443 2641 1596 2678 antefatae
1624 2641 1717 2687 longe
1750 2638 1857 2673 minus

1898 2503 1996 2523 Clemens
2013 2502 2038 2523 1¹:

1871 2535 1925 2555 lianc
1967 2536 2057 2555 divisio-

1871 2572 1918 2587 nem
1938 2567 2057 2587 meditaba-

1100 2609 1206 2632 CPSSOl'
1230 2603 1335 2629 noster
1357 2606 1395 2628 ΕΟ
1426 2593 1519 2627 ellam
1547 2600 1688 2638 [empore
1716 2602 1779 2638 qth
1811 2601 1857 2623 et·
1871 2601 1911 2618 ¹1¹¹-
