2274 3265
106 293 154 319 Αιι,
174 293 202 320 C.
220 293 285 319 1285

109 757 208 779 ramme
218 764 236 777 ιιι
246 761 286 778 ter-

104 789 131 808 ris
158 790 250 815 privator
254 795 285 809 um

103 825 144 840 uon
169 820 262 840 iacienda
253 826 285 840 a.e

119 1348 146 1369 De
160 1349 232 1369 salinis
247 1348 287 1369 Ec-

104 1379 175 1400 otonis
220 1380 288 1405 perti-
315 1386 320 1391 ·

103 1411 208 1431 uentibus.

117 1791 197 1811 Abusus
206 1792 286 1812 tollun-

103 1825 142 1842 tut’⁴

130 2143 158 2164 De
173 2144 258 2164 strenis.

914 294 1076 316 ttONotttt's

301 347 398 394 ipsius
433 348 664 394 cxeqtttionem,
690 349 771 383 nulla
808 349 836 382 in
872 349 928 382 hat:
966 348 1048 382 ‹litti-

300 396 414 431 cultate
450 398 640 444 ingerenda,
670 411 724 445 per
745 399 854 433 fiscum
883 398 1048 432 ellicaciter

302 447 504 493 procedatur:
542 448 579 481 ita
615 448 788 494 quodvnec
825 448 854 481 in
889 447 1047 494 praedicto

299 497 455 539 examine,
472 509 528 531 nec
560 498 588 530 ιιι
606 497 776 544 prolatione
796 497 1047 543 velexequtione

300 546 473 581 sententiae
510 549 653 580 iniustam
696 558 831 587 moram,
869 547 914 581 vel
955 547 1045 581 aliam

301 596 446 630 iniuriam
485 596 616 642 patiatur
640 608 694 642 per
716 596 779 630 lisci
805 596 973 642 potentiam
998 597 1047 630 iu-

300 646 381 680 stitia
407 645 606 691 privatorum.

348 696 436 738 524.
452 693 649 728 Providendo
665 694 838 729 districtius
854 694 1047 739 inhibemus,

301 745 430 779 forestas
453 755 508 790 per
540 756 656 787 regem,
690 752 742 778 aut
779 753 938 790 magnates
975 758 1048 780 sure

300 794 417 832 curiae
456 793 501 827 vel
538 793 700 833 officiales,
740 807 795 829 5ιιι
831 806 1048 841 quoscumque

302 843 459 877 ministros
491 843 521 876 ιιι
551 843 640 877 terris
673 843 737 878 fieti
768 843 973 890 ριιιιι,ιοιιιιιι
1003 845 1047 879 vel

301 892 473 939 aliquarum
498 892 682 927 forestarum
706 893 871 928 occasione
908 906 962 941 per
999 906 1049 928 re-

300 942 381 988 giam
417 942 547 984 curiam,
576 943 742 988 magistros
771 943 815 977 vel
839 943 987 977 custodes
1010 943 1048 977 fo

301 999 451 1026 restarum
476 991 611 1037 ipsarum
635 992 801 1047 aliquem
796 1005 824 1026 tn
848 993 969 1027 cultura
993 1001 1049 1027 ter-

302 1053 404 1075 rarum
441 1053 586 1081 suarum,
624 1054 679 1075 5ιιι
719 1042 810 1077 etiam
850 1043 1050 1089 perceptione

302 1090 459 1124 fructuum
484 1069 644 1137 impediti,
667 1091 731 1126 sive
751 1092 827 1146 ipsis
843 1101 969 1146 propter
992 1093 1049 1127 hoc

301 1140 450 1174 damnum
483 1140 607 1186 aliquod
644 1141 690 1174 vel
719 1141 864 1175 iniuriam
902 1142 1049 1188 irrogari;

301 1189 396 1224 factas
424 1201 494 1224 veto
526 1190 565 1224 de
594 1202 673 1224 novo
708 1190 836 1225 forestas
868 1191 1048 1226 huiusmodi

301 1238 430 1273 omnino
458 1239 670 1285 praecipimus
692 1240 840 1274 amoveri.

350 1292 364 1331 g
391 1290 447 1322 25.
472 1288 591 1322 Omnes
622 1288 791 1332 Ecclesiae,
821 1301 875 1323 seu
903 1290 1051 1324 ecclesia-

301 1337 408 1377 sticae,
437 1337 649 1372 saecularesve
678 1350 828 1384 personae
851 1339 938 1385 regni
966 1338 1050 1374 Sici-

301 1386 359 1420 ltae
383 1386 479 1421 libere
507 1387 573 1421 suis
600 1387 708 1421 salinis
737 1395 873 1427 utantur,
902 1397 931 1422 et
958 1401 1051 1435 prae-

301 1435 398 1470 sentis
420 1436 609 1483 provisionis
624 1437 751 1472 oraculo
775 1437 992 1484 prollibemuS,
1012 1451 1050 1473 ne

301 1484 360 1518 illis
384 1497 437 1532 per
461 1498 579 1533 regem,
613 1486 770 1527 officiales,
793 1496 846 1522 aut
876 1500 1051 1543 quoscum-

300 1546 360 1582 que
385 1535 543 1570 ministros
563 1536 662 1583 ipsius
690 1549 764 1571 usus
785 1545 838 1571 ant
864 1538 1049 1572 exercitium

300 1584 504 1620 interdicatur
523 1598 647 1627 earum·
668 1598 771 1634 neque
794 1587 960 1641 quisquam
982 1601 1051 1634 pto-

300 1633 444 1669 hibeatur
469 1635 513 1670 sal
541 1635 579 1670 de
614 1635 722 1670 salinis
754 1649 829 1683 ipsis
865 1638 1050 1684 proveniens

300 1694 403 1718 emere
430 1684 469 1719 ab
491 1685 622 1720 eisdem

348 1737 363 1776 ἕ
396 1735 452 1768 26.
481 1734 664 1769 Abusiones
699 1735 959 1779 castellanorum,
997 1749 1051 1783 per

300 1795 377 1830 quas
401 1783 546 1819 homines
572 1784 646 1819 dicti
675 1785 762 1832 regni
785 1785 823 1819 ad
861 1785 1049 1832 portandum

301 1832 345 1867 eis
369 1833 483 1880 paleas,
514 1834 597 1881 ligna
625 1843 655 1869 et
685 1847 734 1869 res
753 1834 842 1879 alias,
863 1835 955 1870 etiam
983 1836 1051 1870 sine

301 1883 412 1930 pretio,
429 1884 624 1930 cogebantur
646 1884 745 1940 inviti,
764 1893 794 1919 et
822 1885 914 1919 iidem
938 1885 1051 1920 castel-

300 1932 360 1967 laui
383 1933 421 1968 de
447 1934 551 1977 r,ebus
563 1948 643 1982 quae
655 1935 736 1970 eirca
751 1948 871 1982 seuper
884 1945 981 1970 castra
997 1948 1050 1970 ea-

299 1984 371 2020 dem
388 1987 609 2033 poittbantur
624 1987 752 2035 pedagia
767 1988 943 2035 exigebant,
966 2001 1052 2035 prac-

300 2036 396 2071 sentis
430 2038 616 2084 provisionis
649 2015 1048 2085 beneficio⁰f›t·0tiil)e111115.

348 2089 435 2131 ξ27.
458 2087 608 2122 Eiusdem
633 2087 820 2135 provisionis
841 2088 944 2123 edicto
961 2101 1051 2134 prae·

301 2137 450 2184 cipimus,
474 2147 505 2172 ιιι
537 2151 591 2185 pro
631 2138 727 2173 literis
760 2139 853 2185 regiis
885 2146 915 2173 et
950 2138 1050 2185 sigillo

302 2187 378 2221 nihil
403 2188 480 2223 ultra
501 2188 598 2234 ipsius
621 2188 706 2235 regni
731 2189 891 2236 antiquam
914 2201 1051 2223 consue-

302 2236 444 2272 tudinem
468 2238 621 2285 exigatur,
646 2238 788 2273 videlicet
816 2247 850 2273 ut
873 2252 928 2286 pro
954 2238 1050 2273 literis

302 2286 449 2332 iustitiae,
485 2288 558 2322 nillil
587 2289 728 2329 omnino3
758 2302 813 2336 pro
847 2289 945 2323 literis
980 2302 1050 2323 vero

301 2337 429 2383 gratiae,
458 2338 485 2372 in
515 2350 575 2385 qua
612 2350 673 2372 non
697 2346 743 2374 est
766 2338 848 2373 feudi
879 2339 925 2373 vel
950 2348 1050 2374 terrae

302 2388 481 2426 concessio,
526 2388 602 2421 nibil
638 2388 717 2423 ultra
753 2398 887 2436 quatuor
929 2398 1050 2423 tarenos

301 2437 367 2472 auri
404 2437 442 2471 ab
485 2437 673 2484 impetrante
711 2438 864 2479 solvatur,
901 2439 984 2473 nulla
1020 2439 1049 2473 in

302 2487 484 2535 praemissis
506 2487 708 2522 distinctione
731 2488 833 2523 habita
858 2490 935 2523 inter
963 2489 1051 2523 clau-

302 2550 351 2572 sas
381 2537 485 2573 literas
521 2546 550 2572 et
577 2546 711 2584 apertas.
736 2537 796 2572 Pro
824 2539 920 2573 literis
946 2547 1048 2573 autem

302 2599 397 2633 super
418 2587 622 2622 concessione
657 2587 741 2621 feudi
775 2588 821 2622 vel
858 2598 956 2623 terrae
979 2601 1051 2623 con-

303 2636 404 2678 sectis,
429 2650 485 2672 nec
508 2650 569 2672 non
593 2646 622 2672 et
643 2649 698 2685 pro
715 2637 883 2684 privilegiis
899 2638 978 2677 aliis,
996 2651 1050 2685 pro

304 2687 535 2736 concessionis}
549 2699 604 2722 seu
639 2686 788 2735 privilegii
825 2688 984 2735 qualitate,
1017 2700 1051 2722 ac

1743 289 1786 319 77

1090 349 1304 384 benevolentia
1339 352 1541 387 concedentis
1563 353 1668 388 curiae
1696 354 1835 409 satisfiat,

1089 398 1262 433 dummodo
1282 406 1385 434 tamen
1415 414 1568 436 summam
1597 402 1705 438 decem
1730 404 1836 438 uncia-

1091 460 1157 482 rum
1187 460 1242 495 pro
1267 449 1405 495 quolibet
1430 451 1523 485 feudo
1544 452 1664 498 integro
1687 465 1837 488 concesso

1088 497 1257 532 satisfactio
1273 511 1334 532 non
1351 499 1496 534 excedat:
1520 501 1574 535 sed
1599 514 1653 536 nec
1675 510 1837 549 praetextu

1088 547 1182 593 sigilli
1213 547 1287 594 regii
1317 547 1453 584 iustitiae
1486 550 1550 584 sive
1588 552 1703 607 gratiae
1740 552 1837 588 literis

1090 597 1118 631 in
1148 598 1253 644 aliquo
1282 610 1410 632 casuum
1436 599 1663 646 praedictorum
1693 601 1835 649 impressi

1091 646 1135 681 vel
1158 647 1288 702 appensi
1313 648 1439 683 ίοι5ιιιιιι
1457 648 1627 694 impetrans
1643 650 1721 686 ultra
1744 664 1836 698 quarn

1091 697 1298 743 praemittitur
1324 697 1444 732 solvere
1472 698 1689 744 compellatur

1137 746 1236 793 §28
1260 746 1413 781 Animalia
1448 747 1595 794 deputata
1631 749 1836 789 molendinis

1089 808 1168 842 quae
1197 795 1369 831 Centimuli
1399 797 1566 852 vulgariter
1593 807 1837 845 nuncupantur

1091 858 1145 892 per
1179 846 1311 892 regalem
1348 846 1483 891 curiam,
1512 847 1557 881 vel
1588 847 1753 893 officiales,
1786 857 1838 884 aut

1091 895 1251 930 ministros
1285 895 1401 943 ipsius,
1428 874 1535 931 eaiiive
1564 906 1748 944 sequentes,
1783 899 1839 933 sti-

1092 944 1287 991 pendiarios,
1316 945 1362 980 vel
1396 958 1616 994 quoscumque
1647 947 1726 982 alios
1753 948 1839 983 nullo

1091 994 1185 1028 modo
1206 994 1245 1029 ad
1267 995 1391 1042 aliquod
1415 1007 1525 1031 eorum
1549 996 1758 1032 ministerium
1783 998 1840 1032 do-

1091 1044 1185 1077 minis
1206 1044 1367 1091 capiantur
1390 1045 1512 1085 invitis,
1547 1058 1605 1080 nec
1632 1046 1691 1081 alia
1727 1047 1839 1088 etiam,

1091 1092 1144 1127 sed
1169 1106 1224 1140 pro
1251 1095 1442 1150 competenti
1468 1095 1584 1142 pretio,
1608 1096 1647 1131 de
1676 1109 1740 1144 quo
1763 1109 1839 1132 con-

1092 1151 1218 1176 ventum
1243 1142 1336 1178 fuerit
1371 1145 1451 1178 inter
1478 1152 1597 1199 partes,
1624 1158 1640 1180 a
1664 1146 1840 1181 volentibus

1091 1191 1323 1227 conducantur:
1347 1201 1377 1227 et
1398 1193 1476 1229 haec
1499 1194 1537 1228 ita
1562 1195 1600 1230 de
1619 1203 1741 1231 caetero
1755 1209 1840 1243 prae-

1092 1241 1227 1287 cipimus
1269 1242 1447 1283 observari,
1480 1244 1613 1279 maxime
1647 1257 1718 1280 cum
1756 1245 1838 1281 idem

1100 295 1131 316 tV
1154 295 1201 316 1’1‘.

1092 1303 1142 1323 tex
1171 1291 1316 1325 statuisse
1345 1271 1483 1336 dicattir,
1517 1294 1600 1340 quod
1630 1294 1786 1331 iustitiarii
1810 1303 1840 1330 et

1091 1339 1300 1375 subofficiales
1315 1353 1436 1381 eorum,
1455 1354 1490 1377 ac
1508 1343 1702 1398 stipendiarii
1725 1353 1755 1379 et
1769 1344 1841 1379 sub

1091 1389 1238 1424 officiales
1273 1402 1382 1425 eorum
1426 1404 1486 1426 non
1532 1393 1656 1440 capiant
1696 1394 1840 1429 animalia

1091 1438 1238 1485 deputata
1273 1440 1310 1474 ad
1349 1440 1564 1485 Centimulos,
1604 1443 1658 1478 sed
1691 1456 1763 1479 cum
1795 1451 1841 1478 est

1092 1500 1237 1529 necesse,
1262 1489 1460 1525 inveniantur
1483 1491 1628 1527 animalia
1646 1493 1705 1529 alia
1727 1493 1841 1528 habilia

1091 1538 1129 1572 ad
1145 1547 1300 1573 vecturam
1317 1548 1347 1574 et
1369 1540 1499 1575 loerium
1521 1544 1566 1584 (1)
1581 1544 1794 1581 εοιινθιιιειι5ς
1811 1551 1841 1578 et

1091 1589 1115 1622 si
1144 1596 1250 1623 contra
1284 1588 1431 1629 feceriut,
1456 1591 1606 1626 restitutis
1639 1592 1840 1634 animalibus,

1091 1650 1163 1672 cum
1190 1646 1253 1673 toto
1280 1638 1395 1674 damno
1418 1652 1526 1675 eorum
1550 1641 1698 1687 dominis,
1722 1655 1840 1689 poenae

1093 1687 1219 1723 nomine
1251 1696 1280 1723 et
1300 1701 1356 1737 pro
1381 1689 1519 1737 qualibet
1547 1691 1613 1726 vice
1642 1700 1672 1726 et
1699 1692 1841 1748 quolibet

1091 1737 1216 1772 animali
1234 1738 1353 1773 solvant
1375 1751 1480 1774 curtae
1500 1740 1622 1775 unciam
1649 1743 1716 1777 auri
1736 1755 1838 1777 unam.

1140 1787 1160 1833 S
1188 1789 1245 1822 ⁶29.
1287 1788 1495 1824 praemissam
1534 1803 1661 1838 quoque
1687 1792 1841 1828 constitu-

1093 1837 1208 1871 tionem
1253 1837 1326 1872 dicti
1372 1839 1453 1886 regis
1493 1840 1637 1875 similiter
1683 1842 1840 1878 observari

1093 1887 1316 1934 praecipimus.

1141 1938 1244 1994 §130
1281 1938 1327 1973 De
1361 1940 1516 1975 creatione
1544 1940 1722 1976 officialium
1752 1955 1842 1990 prae-

1092 1989 1198 2024 sertim
1223 1996 1460 2034 extraneorum,
1495 1992 1547 2038 qui
1584 2000 1709 2038 propter
1744 1992 1841 2038 igno-

1093 2040 1221 2074 rantiam
1250 2048 1348 2075 status
1371 2041 1470 2088 regni,
1498 2049 1528 2075 et
1550 2041 1702 2086 favorem,
1724 2042 1778 2089 qui
1797 2043 1842 2077 eis

1092 2102 1107 2124 a
1151 2089 1245 2136 regali
1285 2090 1369 2125 curia
1416 2091 1650 2138 praestabatur,
1697 2092 1842 2127 subditos

1093 2140 1222 2187 impune
1245 2140 1431 2186 gravabant,
1454 2140 1597 2175 consulte
1620 2142 1818 2188 suggerimus
1833 2169 1840 2182 ‚

1092 2189 1174 2236 quod
1201 2202 1253 2225 rex
1269 2202 1373 2225 creare
1387 2190 1512 2225 studeat
1533 2191 1681 2225 officiales
1697 2191 1840 2235 idoneos,

1092 2240 1144 2285 qui
1168 2239 1311 2274 subditos
1335 2240 1449 2275 iniuste
1476 2253 1537 2275 non
1561 2248 1700 2286 gravent.

1139 2289 1159 2336 g
1182 2292 1239 2324 51.
1265 2289 1368 2336 Super
1396 2302 1431 2324 eo
1454 2290 1537 2338 quod
1563 2290 1737 2336 regnicolae
1759 2303 1839 2338 que-

1092 2339 1253 2380 rebantur,
1281 2340 1423 2375 videlicet
1445 2339 1528 2386 quod
1552 2340 1596 2374 eis
1617 2340 1751 2386 gravatis
1783 2353 1839 2388 pro

1093 2389 1289 2424 relevationis
1313 2389 1484 2424 obtinendo
1507 2389 1645 2424 remedio
1671 2389 1708 2424 ad
1733 2401 1838 2438 regem

1091 2439 1194 2473 aditus
1216 2451 1278 2473 non
1302 2439 1437 2485 patebat,
1457 2438 1628 2474 suademus
1654 2451 1710 2486 per
1732 2452 1838 2486 regem

1093 2489 1193 2523 taliter
1219 2489 1389 2535 provideri,
1417 2488 1500 2536 quod
1523 2488 1672 2536 querelae
1693 2488 1838 2524 subdito-

1093 2552 1159 2573 ium
1184 2539 1221 2573 ad
1244 2551 1315 2572 eum
1349 2538 1468 2573 valeant
1495 2537 1590 2573 libere
1613 2539 1788 2586 pervenire.

1140 2590 1160 2636 g
1183 2590 1238 2622 52.
1262 2587 1489 2630 prohibemus,
1525 2601 1563 2624 ne
1591 2588 1758 2637 quisquam
1783 2602 1838 2637 pro

1127 2660 1166 2694 (1)
1187 2660 1310 2686 ιοενιιιιη
1327 2659 1429 2695 (gallice
1449 2659 1533 2694 loyer)
1553 2660 1669 2695 pretium
1685 2660 1840 2689 conductio-

1092 2701 1131 2727 nis
1148 2700 1306 2735 (Ducange).

1853 301 1900 326 An,
1920 299 1945 325 C.
1968 300 2032 326 1285

1866 809 1968 830 Animalia
1978 815 2036 835 regin

1853 841 1937 861 nomine
1948 841 1992 866 capi
2004 845 2038 860 ve-

1854 872 1888 891 titi
1894 886 1897 890 .

1870 1955 1942 1976 idonci
1959 1954 2040 1975 officia-

1857 1987 1888 2007 te-
1903 1993 1914 2006 n
1927 1991 1978 2012 rege
1991 1990 2039 2005 ers-

1857 2018 1912 2037 andi.

1868 2300 1957 2322 Μοιιιιιιι
2000 2306 2036 2321 rex

1854 2333 1990 2360 querentibus
2014 2339 2038 2351 a-

1854 2364 1917 2384 ditum
1929 2363 2027 2390 praebeat
