2274 3265
221 273 270 297 An.
290 271 317 297 C.
338 272 402 298 tam>

470 261 481 291 vl
493 260 538 291 30

460 324 474 352 li
492 335 496 349 i
512 334 535 349 io

460 334 579 394 1313101135
603 366 679 394 Petri
707 373 863 394 successor
885 374 984 404 pacem
1010 365 1078 395 fecit
1099 375 1166 395 cum

460 410 591 448 lbilippo
615 420 662 446 reg
667 419 681 438 t
705 408 893 444 Francorum,
912 413 939 438 et
961 409 1090 439 sicui-im
1110 410 1165 440 l‘a—

459 465 510 491 pue
534 455 670 483 restituit.
693 471 731 475 —
754 453 780 482 3.
804 452 925 483 Carolus
955 453 1096 491 Valesius,
1116 455 1168 484 ob—

459 504 534 527 tento
568 498 602 527 ab
636 497 765 527 Ecclesia
800 499 881 536 regni
916 499 1071 535 Aragonici
1095 499 1167 536 iure,

458 542 580 572 decedit¹
620 559 657 564 --
692 542 828 572 Restituit
865 541 968 571 lacobo
999 541 1167 572 Bonifacius

459 587 620 623 ,tragoniae
649 591 677 616 ct
697 586 807 616 Valent.
839 595 995 623 regnorum
1029 587 1101 616 iura.
1130 605 1169 609 —

457 631 483 659 4.
513 630 550 659 De
574 630 723 660 l'ontitiris
753 641 839 660 manu
863 630 1021 659 cardinalis
1045 631 1073 659 S.
1101 631 1166 661 Cle-

458 676 572 711 mentis,
589 674 682 704 lacobi
697 676 823 710 nomine,
852 680 969 713 accepto
989 675 1107 709 annulo,
1133 676 1168 704 iis

458 719 621 748 investitur.
644 735 682 741 —
704 720 730 747 5.
754 719 919 748 Clausulae.

417 794 569 824 uonifactus
591 795 733 831 episcopus
763 802 859 824 servus
889 801 1030 823 servorum
1048 794 1105 827 Dei.
1137 796 1170 823 ad

463 845 655 873 certitudinem
679 845 876 880 praesentium.
897 846 927 872 et
953 843 1110 872 memoriam
1128 843 1168 872 su-

462 896 597 922 tui-orum.

468 965 626 1013 Splendor
641 966 772 1021 gloriae,
801 973 831 999 et
859 966 956 1010 ligura
976 966 1171 1001 substantiae

422 1016 475 1049 l)ei
502 1016 613 1059 l'atris,
643 1017 672 1049 iu
701 1016 793 1050 cuius
816 1015 934 1049 lumine
970 1015 1077 1049 lumen
1115 1017 1171 1050 in—

419 1066 562 1111 spicitur,
590 1077 724 1111 operoso
753 1066 898 1119 mysterio
923 1065 1080 1100 lenitatem
1122 1077 1173 1113 pa-

419 1129 463 1147 vi
486 1126 590 1149 amare
616 1126 673 1148 nos
703 1115 839 1154 instruit,
859 1122 888 1149 et
909 1114 1045 1161 quodam
1069 1127 1173 1150 exem-

421 1166 516 1209 plaris
554 1165 684 1211 speculo
724 1164 883 1210 fragilitati
931 1173 1055 1199 nostiae
1091 1165 1169 1199 viam

422 1216 577 1248 humanae
600 1214 809 1248 miserationis
831 1214 982 1248 ostendit.

469 1266 542 1311 51.
567 1263 650 1297 Sane
686 1271 813 1310 propter
849 1264 1032 1298 iniustitiam
1069 1276 1172 1298 maui-

348 1314 529 1347 modis-iam
557 1313 716 1360 quondam
742 1313 838 1357 Petri,
871 1312 945 1347 olim
985 1314 1066 1360 regis
1098 1313 1172 1347 Ara-

365 1361 439 1406 ’ζωζι
432 1375 551 1402 ‹›,uum
574 1375 656 1397 circa
689 1365 928 1409 occupationem
967 1363 1085 1397 insulae
1119 1362 1171 1397 Si-

351 1423 364 1435 11
385 1424 405 1434 ἢ·
422 1427 436 1443 ‹·
443 1413 521 1455 iliae,
545 1420 644 1447 terrae
669 1412 835 1459 peculiaris
858 1412 1030 1456 Ecclesiae
1058 1413 1172 1446 varios-

422 1475 482 1508 que
504 1470 636 1496 conatus
663 1470 691 1495 et
729 1462 856 1496 insidias
884 1461 923 1495 ad
957 1463 1032 1496 alias
1068 1471 1171 1509 partes

424 1512 509 1557 regni
533 1511 661 1545 Siciliae
685 1512 894 1558 occupandas,
918 1511 1104 1545 seditionem
1139 1511 1169 1545 in

422 1574 455 1594 ea
481 1561 580 1594 insula
604 1570 732 1600 motam,
760 1561 1004 1595 commotionem
1028 1569 1058 1595 et
1099 1573 1172 1595 con-

422 1611 602 1645 citationem
643 1611 750 1658 populi
794 1611 905 1645 factam
947 1611 1022 1644 inibi
1063 1618 1169 1645 contra

424 1660 646 1706 rempublicam
670 1660 884 1695 Ecclesiamve
918 1659 1105 1705 Romanam,
1142 1669 1171 1694 ct

423 1711 523 1744 clarae
545 1710 714 1744 memoriae
734 1709 883 1744 Carolum
903 1709 1030 1745 Siciliae
1053 1722 1170 1757 regem,

425 1772 484 1793 303
503 1760 621 1806 absque
643 1768 745 1805 strage
763 1768 793 1794 et
808 1760 967 1794 occisione
987 1761 1171 1799 multorum:

424 1810 522 1843 felicis
545 1809 769 1844 recordatiouis
795 1809 949 1844 Martinus
971 1808 1055 1856 Papa
1083 1821 1173 1856 quar-

424 1869 483 1897 tus,
512 1859 734 1905 praedecessor
767 1867 885 1899 noster,
927 1871 1058 1904 regnum
1095 1860 1173 1893 Ara-

424 1909 547 1954 gomae,
569 1917 772 1955 caeterasque
800 1918 896 1944 terras
927 1908 1009 1943 Petri
1041 1909 1168 1955 praefati

424 1970 596 2005 exponenS,
624 1958 662 1993 de
696 1957 824 1992 fratrum
859 1971 989 1992 suorum
1030 1959 1171 1998 consilio.

426 2010 525 2054 ipsunt
552 2007 692 2048 Petrum,
715 2008 833 2042 dudum
857 2008 1040 2054 Aragonum
1057 2021 1172 2054 regem,

425 2058 543 2092 eisdem
573 2070 669 2104 regno
696 2066 725 2092 et
753 2059 843 2092 terris
866 2059 1014 2104 regioque
1056 2059 1172 2092 honore

427 2107 665 2152 sententialiter,
694 2108 807 2142 iustitia
831 2108 986 2153 exigente,
1032 2107 1173 2153 privavit,

427 2168 454 2191 ct
484 2157 609 2204 privans
640 2158 785 2204 exposuit
825 2157 934 2191 eadem
969 2169 1100 2202 regnum
1144 2165 1173 2191 et

428 2218 524 2242 terras
546 2207 728 2254 occupanda
752 2207 925 2251 catholicis,
966 2208 1005 2240 de
1046 2206 1173 2253 quibus⁷

428 2267 456 2291 vt
481 2266 572 2304 prout
600 2257 699 2291 Sedes
727 2257 906 2304 Apostolica
942 2258 1071 2291 duceret
1107 2269 1174 2304 pro-

350 2334 366 2346 m
394 2334 413 2345 ,1⁷
430 2308 609 2341 ridendum.
646 2307 852 2342 Postmodum
894 2319 964 2341 vero
1003 2306 1084 2340 idem
1126 2318 1175 2341 re-

396 2364 524 2407 ’1-3333)
559 2358 740 2404 Aragouum
786 2366 880 2405 atque
924 2356 1109 2400 Valentiae,
1145 2365 1176 2390 et

339 2426 412 2439 ωηο.
430 2408 611 2442 comitatum
647 2408 875 2447 Barchinouae,
903 2419 982 2454 quae
1025 2415 1098 2440 sunt
1137 2406 1175 2440 de

395 2457 518 2492 ¹¹'1crris
555 2459 677 2505 positis,
713 2471 792 2506 quae
828 2458 900 2491 olim
941 2457 1063 2492 fueraut
1100 2456 1173 2490 ‹licti

431 2507 526 2551 Petri,
573 2509 673 2543 clarae
714 2509 884 2542 memoriae
921 2507 1068 2554 Philippo
1110 2507 1175 2551 regi

431 2558 633 2598 Francorum,
661 2567 689 2592 et
719 2558 833 2592 dilecto
875 2557 937 2592 lilio
977 2556 1073 2592 nobili
1113 2557 1176 2590 viro

430 2608 541 2640 (ξω-010
565 2618 636 2642 nato
658 2610 725 2642 eius
751 2608 901 2642 Alanzoui
925 2616 953 2642 et
985 2606 1097 2642 Valesii
1129 2618 1174 2640 co-

430 2658 495 2691 miti
519 2658 630 2702 eiecto,
660 2659 695 2692 ad
732 2658 889 2693 dictorum
924 2669 1115 2704 regnorum,

997 268 1182 290 minantum
1212 268 1279 289 ΝΟΜ
1285 268 1372 290 ANUM

1973 265 2022 291 Αη.
2040 264 2069 292 C.
2087 265 2154 291 ¹²9⁶

587 322 765 350 {minumum
798 321 857 358 regi
891 322 1034 350 comessi.
1066 338 1103 343 —
1136 322 1164 350 ⁹2.
1186 321 1376 357 lcomit-itus
1400 322 1537 366 regimen
1566 333 1580 354 a
1617 333 1689 367 rege
1730 321 1866 368 praefato
1901 333 1956 369 per

1210 372 1419 406 ministerium
1444 383 1497 404 seu
1521 370 1753 416 deputationem
1773 369 1871 404 bonae
1896 383 1957 405 me-

1211 422 1326 456 moriae
1359 420 1485 455 loannis
1524 419 1603 454 tituli
1645 419 1779 453 Sanctae
1818 418 1956 454 Cecittae

1212 471 1380 518 presbyteri
1405 470 1580 509 cardinalis,
1604 469 1641 502 de
1666 469 1803 515 ipsorum
1827 468 1955 503 fratrum

1210 521 1354 561 consilio,
1394 519 1570 566 praehabita
1606 518 1857 559 deliberatione,
1880 529 1958 554 con-

1210 571 1312 604 cessu.

1259 620 1332 665 §2-
1362 619 1491 662 Verum,
1529 617 1665 664 praefato
1705 617 1799 653 Petro
1833 617 1958 652 sublato
1987 625 2021 645 1·
2025 625 2075 645 obus
2100 625 2156 645 rem

1211 668 1249 701 de.
1273 669 1387 707 medio,
1416 675 1485 714 post
1507 667 1608 702 varios
1629 675 1778 702 tractatus
1801 667 1886 714 pacis
1907 662 2086 702 1]3-’“““5οῘ
2119 662 2157 681 ¹³⁸

1974 692 2018 707 eom
2040 686 2069 707 fet
2070 688 2090 706 tt
2112 692 2156 706 cuin

1211 717 1291 752 bitos
1316 719 1396 752 inter
1414 717 1663 752 charissimum
1658 730 1687 752 m
1704 717 1832 752 Christo
1859 717 1957 751 fitium
1973 716 2069 743 ⁹¹¹¹¹¹P¹³⁰
2108 721 2157 743 ‘⁰⁸⁰

1213 776 1354 802 nostrum
1400 767 1548 802 Carolum
1583 766 1709 802 Siciliae
1748 779 1852 813 regem
1885 766 1960 801 illu-
1974 747 2158 806 ἑῖἓῗιῖᾚζῖιυηῦμῖζ

1213 826 1307 851 strem
1346 816 1552 863 eiusdemque
1587 816 1673 851 Petri
1711 825 1863 863 posteros,
1899 811 2075 851 sibi¹⁰¹¹¹¹¹¹¹¹

1213 879 1415 901 successores
1438 867 1468 900 iu
1497 861 1620 910 vitium,
1647 866 1709 908 Qui
1739 866 1813 901 facit
1835 879 1959 901 concor-

1213 917 1294 951 diam
1320 917 1350 950 in
1381 915 1572 950 sublimibus
1594 916 1672 961 suis,
1693 915 1797 951 Iacobi
1820 914 1859 951 de
1889 917 1960 950 Ara·

1213 967 1305 1013 gonia
1337 965 1464 1013 praefati
1488 964 1647 1012 quondam
1677 965 1773 1006 Petri,
1806 966 1880 1000 olim
1917 977 1963 1000 re-

1213 1017 1262 1062 gis
1286 1016 1468 1061 Aragonum
1510 1014 1574 1058 titii,
1598 1015 1766 1062 praecipue
1794 1015 1961 1050 succeden-

1215 1067 1253 1100 tis
1277 1066 1306 1100 in
1330 1065 1468 1111 culpam,
1493 1064 1658 1111 praefatam
1680 1065 1813 1099 insulam
1836 1073 1866 1099 et
1883 1076 1962 1099 non-

1215 1115 1296 1149 nulla
1325 1115 1381 1148 alia
1406 1115 1484 1157 loca,
1521 1115 1550 1148 in
1587 1125 1684 1160 regno
1722 1113 1847 1148 Siciliae
1885 1115 1961 1148 eitra

1214 1165 1350 1199 Pharum
1374 1171 1524 1210 occupata
1548 1164 1695 1204 tenentis,
1719 1163 1816 1198 hostis
1851 1163 1964 1198 Eccle-

1214 1215 1290 1257 siae,
1331 1213 1475 1259 regisque
1510 1213 1678 1258 dictorum,
1727 1221 1759 1248 ut
1793 1213 1964 1248 insinuatio

1214 1265 1306 1299 nohis
1325 1272 1352 1297 et
1376 1262 1524 1297 fratribus
1554 1264 1669 1297 nostris
1696 1263 1773 1297 facta
1811 1264 1962 1303 continet,

1214 1315 1352 1348 animum
1377 1313 1528 1347 convertit
1551 1312 1589 1346 ad
1613 1325 1732 1359 pacem:
1756 1313 1865 1359 sicque
1909 1312 1963 1346 in—

1214 1373 1261 1397 ter
1289 1364 1345 1396 iam
1375 1363 1475 1396 dictos
1503 1374 1608 1408 regem
1644 1371 1673 1396 et
1712 1361 1860 1396 Iacobum
1899 1370 1964 1396 tra—

1213 1422 1314 1447 <tatus
1338 1411 1423 1459 pacis
1450 1419 1497 1446 est
1526 1411 1651 1446 habitus
1670 1419 1699 1445 et
1728 1411 1890 1453 firmatus;
1931 1412 1962 1445 in

1214 1474 1275 1509 quo
1302 1474 1338 1496 ex
1367 1470 1453 1508 parte
1495 1460 1622 1507 praefati
1659 1461 1761 1496 lacobi
1806 1460 1856 1496 illa
1885 1462 1964 1495 inter

1212 1521 1332 1546 caetera
1356 1519 1430 1545 sunt
1456 1519 1630 1545 conventa:
1653 1510 1736 1559 quod
1765 1511 1865 1545 insula
1896 1522 1964 1545 me-

1214 1569 1330 1596 morata
1353 1560 1478 1595 Siciliae
1509 1573 1581 1594 cum
1625 1559 1773 1595 omnibus
1809 1560 1899 1595 terris
1933 1568 1963 1595 et

1214 1611 1335 1655 castris,
1375 1609 1542 1653 casalibus,
1570 1609 1738 1650 fortalitiis,
1761 1610 1861 1645 insula
1884 1609 1965 1644 Mat-

1214 1669 1261 1694 tae
1283 1661 1415 1708 aliisque
1438 1659 1585 1694 omnibus
1612 1660 1721 1694 insulis
1744 1658 1847 1694 eidem
1875 1659 1965 1694 insu-

1215 1711 1260 1744 lae
1277 1710 1403 1745 Siciliae
1425 1709 1653 1751 adiacentibus,
1677 1710 1869 1756 ubicumque
1889 1709 1964 1753 sint,

1213 1760 1303 1795 sicuti
1321 1760 1420 1794 bonae
1442 1760 1614 1794 memoriae
1643 1759 1799 1806 praefatus
1827 1771 1879 1794 rex
1905 1758 1964 1794 Si-

1214 1810 1301 1845 ciliae
1328 1817 1400 1844 ante
1424 1808 1626 1844 rebellionem
1667 1808 1788 1844 insulae
1824 1820 1965 1856 praeno-

1215 1860 1351 1894 minatae
1377 1858 1516 1901 tenebat,
1545 1860 1628 1893 iuxta
1651 1859 1749 1893 nostri
1769 1858 1966 1894 determina-

1216 1911 1332 1944 tionem
1352 1908 1469 1943 arbitrii
1494 1921 1548 1955 per
1567 1907 1715 1943 eumdem
1736 1908 1882 1943 lacobum
1899 1907 1966 1942 Ro-

1216 1971 1325 1994 manae
1353 1959 1570 1993 restitueretur
1597 1958 1768 1999 Ecclesiae;
1783 1958 1853 1992 aliis
1876 1957 1965 1998 locis,

1215 2009 1324 2044 castris
1350 2017 1379 2043 et
1407 2008 1530 2052 insulis7
1557 2020 1636 2055 quae
1653 2020 1708 2055 per
1734 2009 1837 2054 ipsum
1872 2007 1967 2043 laco—

1217 2059 1302 2098 bum,
1326 2058 1480 2097 valitores,
1507 2057 1650 2098 factores,
1672 2058 1843 2104 complices
1864 2065 1895 2091 et
1912 2057 1967 2091 mi-

1217 2109 1330 2142 nistros
1352 2108 1452 2155 ipsius
1474 2108 1549 2142 citra
1577 2107 1716 2141 Pharum
1740 2115 1891 2154 occupata
1914 2116 1967 2140 te-

1218 2167 1342 2197 nentur,
1363 2157 1567 2192 restituendis
1594 2156 1732 2204 praefato
1755 2156 1869 2191 Carolo
1900 2157 1965 2203 regi

1217 2208 1348 2246 viventi,
1383 2208 1466 2242 iuxta
1493 2215 1616 2241 nostrae
1656 2207 1842 2254 provisionis
1878 2206 1967 2240 arbi-

1217 2258 1324 2298 trium,
1348 2269 1405 2291 nec
1433 2269 1494 2291 non
1523 2256 1628 2290 liberis
1655 2264 1685 2290 et
1712 2257 1781 2290 aliis
1802 2256 1967 2291 obsidibus

1218 2307 1291 2341 dicti
1321 2307 1416 2353 regis,
1439 2319 1518 2354 quos
1542 2306 1624 2340 idem
1649 2306 1783 2341 lacobus
1809 2305 1892 2354 apud
1933 2317 1968 2340 se

1218 2357 1347 2396 detinet,
1375 2357 1460 2391 iuxta
1489 2357 1619 2391 formam
1658 2357 1689 2390 in
1723 2356 1803 2392 serie
1838 2355 1966 2403 praefati

1219 2415 1367 2441 tractatus
1391 2419 1556 2447 annexam,
1580 2407 1674 2440 certis
1697 2406 1770 2440 hinc
1797 2406 1868 2440 inde
1912 2417 1968 2452 pro

1219 2456 1349 2491 firmiori
1374 2457 1457 2512 pacis
1486 2469 1569 2491 nexu
1592 2465 1621 2490 et
1648 2456 1808 2491 charitatis
1838 2463 1967 2490 mutuae

1220 2507 1429 2541 matrimoniis
1457 2506 1653 2554 (ἿηῚΙΙΙΞΙΠὼδ.

1267 2558 1287 2603 g
1310 2559 1341 2589 3.
1366 2555 1430 2589 Nos
1464 2558 1568 2604 itaque
1600 2564 1765 2590 cernentes
1804 2556 1966 2589 frementia

1220 2608 1359 2652 undique
1388 2606 1496 2641 mundi
1522 2606 1671 2661 pericula,
1692 2614 1723 2641 et
1744 2617 1823 2653 quae
1851 2605 1967 2640 instant

1148 2664 1175 2690 et
1221 2668 1293 2703 piae
1326 2656 1447 2691 toribus
1489 2657 1610 2691 ruinam
1650 2656 1823 2697 minantia,
1864 2655 1967 2703 gravia
