2274 3265
115 292 163 318 An.
183 293 212 319 C.
232 294 298 320 ¹555

119 600 199 626 Quibus
207 601 232 621 de
244 607 296 621 eau-

112 632 140 650 sis·
152 632 243 651 visitator

250 632 295 651 ibus

111 663 238 687 adiungendi
257 662 295 682 ab-

111 694 178 713 bates.

122 1340 208 1360 Nomina
221 1346 293 1360 eorum

109 1373 142 1397 qui
159 1374 243 1391 secreta
263 1373 293 1391 eiu

108 1404 218 1423 notificant

108 1434 151 1454 lare
181 1440 223 1453 non

109 1468 167 1485 suut⁴

121 1835 214 1855 Abantes

235 1408 295 1422 ΙἘΥΕ-

247 1440 294 1460 11111-

240 1836 291 1855 visi-

108 1869 178 1886 tantes
196 1867 243 1892 quid
260 1871 292 1886 re-

108 1898 181 1923 cipere
201 1903 237 1923 pos

241 1898 290 1917 sint>

116 2277 208 2297 Antiates
220 2281 241 2298 et
251 2283 294 2298 mo-

109 2309 170 2328 naehi
186 2309 295 2329 declinan-

109 2341 171 2360 tesad
178 2340 218 2360 alia
225 2346 293 2360 mona-

110 2373 181 2395 steria.
191 2376 241 2395 etri,

251 2378 262 2391 n
267 2378 292 2392 0ss

110 2405 163 2424 utu-u
179 2405 229 2423 duos
248 2404 294 2423 die!

110 2438 261 2454 commorentui
273 2435 293 2453 in

110 2467 135 2485 ‘hs
169 2472 205 2491 per
240 2471 292 2491 quae

109 2501 226 2518 tran—eunt.

913 297 1109 319 ntssNEnttthJs

313 348 399 394 plum
425 350 590 385 restituere
626 360 778 385 teneatur.
816 351 966 385 Monacus
992 364 1062 384 rere

311 398 463 444 quicquid
500 408 606 434 contra
639 401 667 434 id
708 401 858 447 receperit
897 401 1062 434 restituere

313 459 374 481 uon
405 456 581 495 postponat,
604 458 633 483 et
656 449 695 483 ob
720 449 778 483 boc
802 449 935 495 regulari
959 448 1063 484 subia-

311 504 378 530 ceat
400 496 597 544 disciplinae.

359 545 380 591 g
409 548 463 580 14.
492 547 558 582 Nec
579 547 713 581 audeant
737 547 864 594 praefati
887 547 1060 581 visitatores

312 594 340 627 in
372 595 445 640 ipsis
474 596 703 630 visitationibus
738 596 797 630 sibi
826 596 904 630 alios
930 596 1061 630 abbates

310 643 495 690 adiungere,
520 657 578 679 nec
606 645 664 691 ipsi
693 646 744 680 alii
771 645 900 679 abbates
933 658 966 680 se
1001 645 1061 679 illis

310 692 493 739 adiungam,
523 694 581 729 nisi
606 707 662 741 pro
690 695 822 729 consilio
851 694 898 728 vel
921 695 1060 738 auxilio,

311 741 362 775 ubi
392 754 485 777 casus
512 743 721 790 depositionis
755 745 889 778 alicuius
923 744 1060 789 abbatis,

311 792 356 825 vel
385 791 469 825 aliud
499 805 648 838 magnum
677 801 705 827 et
725 794 859 828 arduum
880 795 1060 840 negocium,

309 852 364 874 seu
390 841 507 886 patriae
523 843 569 875 vel
593 842 752 885 locorum,
779 856 833 889 pei
855 856 935 898 quac
958 853 1061 879 trans-

310 891 353 923 ire
388 889 559 933 haben-,ent
584 893 760 938 periculum
786 893 976 930 immiuctffet
1005 906 1060 928 seu

310 938 526 985 interpretatio
551 919 734 987 linguarum
764 943 939 977 necessaria
971 943 1060 984 foret,

309 997 522 1023 verumtamen
551 989 773 1025 Cisteiciensis
796 1000 823 1025 et
849 1000 986 1038 quatuor
1004 992 1061 1026 ab-

309 1037 396 1072 bates
418 1047 553 1084 quatuoi
578 1040 802 1087 principalium
833 1041 978 1085 liliatum,
1006 1043 1059 1088 qui

307 1095 379 1121 sunt
397 1100 459 1142 'pio
483 1096 638 1135 tempore,
663 1102 698 1123 ac
721 1091 867 1135 superius
895 1091 1060 1125 nominan-

308 1145 373 1180 tur,
397 1137 425 1171 in
449 1137 569 1172 eisdem
594 1138 825 1173 visitationibus
843 1152 939 1173 unum
963 1140 1059 1174 alium

308 1185 465 1226 abbatem,
493 1187 518 1221 si
552 1187 667 1227 velint,
695 1200 801 1222 seeum
833 1189 973 1236 iecipeie
1014 1190 1059 1224 vel

308 1234 366 1269 sibi
396 1236 570 1281 adiungere
595 1237 725 1271 valeant.

357 1285 377 1331 S
402 1287 456 1318 15.
485 1285 594 1332 Neque
611 1286 777 1340 praedicti
803 1286 977 1321 visitatorts
1003 1300 1060 1321 no-

310 1334 392 1368 mina
421 1346 543 1374 eorum
564 1335 616 1381 (1111
645 1335 691 1369 015
720 1348 750 1369 111
772 1335 847 1382 ipsis
869 1336 1060 1370 visitationi-

310 1382 367 1417 bus
389 1392 507 1418 secreta
533 1384 736 1418 revelaverint
764 1385 883 1430 aliqua,
911 1398 945 1419 ea
971 1399 1058 1420 1(νο-

309 1432 371 1466 131·0
394 1442 609 1479 praesumant,
637 1433 695 1467 nisi
720 1443 795 1467 tunc
823 1433 964 1478 demum,
987 1447 1058 1468 eum

308 1490 436 1536 propter
472 1482 605 1517 revelata
640 1482 822 1517 huiusmodi
851 1483 888 1518 ad
924 1484 1059 1519 alicuius

308 1531 503 1577 punitionem
534 1532 579 1566 vel
609 1544 741 1578 poenam
766 1532 856 1566 sueiit
882 1533 1060 1579 proceden-

306 1580 394 1621 dum,
430 1592 553 1615 necnon
591 1581 765 1616 revelantes
788 1582 970 1616 ludusmodi
1001 1596 1059 1630 pu-

307 1630 431 1663 niantur
454 1629 523 1676 plus
547 1630 593 1664 vel
618 1632 741 1675 minus,
771 1639 863 1677 prout
887 1631 957 1665 sacti
981 1645 1059 1679 qua-

307 1678 375 1714 litas
397 1679 521 1725 exiget
548 1681 723 1714 secuudum
761 1681 922 1715 arbitiium
959 1682 1060 1728 ipsius

306 1729 425 1763 ordinis
453 1730 581 1775 capituli
605 1730 772 1775 generalis

354 1778 374 1825 S
399 1779 453 1812 16.
489 1779 529 1813 Et
552 1779 636 1827 quod
671 1779 800 1814 abbates
828 1780 962 1814 maiores
990 1788 1059 1827 post

306 1827 450 1862 abbatem
487 1827 732 1863 Cistcrcicusem
770 1837 799 1863 et
836 1839 972 1876 quatuor
1007 1830 1057 1864 alii

306 1876 435 1911 abbates
457 1877 640 1912 earumdem
665 1878 885 1925 principalium
911 1879 1058 1919 tiliarum,

306 1927 357 1973 qui
381 1934 454 1960 sunt
479 1939 534 1973 pro
563 1936 723 1974 tempore,
751 1939 834 1962 extra
865 1927 1059 1963 visitationes

306 1987 435 2015 eorum,
463 1988 518 2010 sex
551 1984 691 2017 tantum,
727 1977 777 2010 alii
812 1990 885 2012 vero
920 1978 1059 2012 minores

306 2024 434 2058 abbates
469 2034 604 2072 quatuor
640 2026 856 2060 evectionibus
883 2026 944 2060 sint
980 2039 1059 2061 cou—

308 2074 400 2115 tenti3
428 2086 486 2109 nec
502 2075 560 2109 hoc
581 2082 755 2122 praetextu,
779 2076 831 2122 qui
857 2076 1059 2122 paucioribus

308 2123 349 2156 uti
373 2123 529 2167 solebant,
556 2124 687 2158 credant
708 2124 765 2158 sibi
783 2133 968 2171 potestatem
993 2126 1060 2172 plu-

308 2172 387 2206 rium
414 2172 604 2208 attributam.

356 2222 460 2268 §17-
497 2222 639 2263 Rursus,
683 2235 865 2270 praecavere
907 2223 1058 2264 volentes,

309 2283 347 2305 ne
372 2284 428 2318 per
449 2271 575 2306 abbates
596 2273 640 2306 vel
665 2284 814 2307 monacos
832 2273 905 2308 ‹licti
926 2273 1058 2314 ordinis,

308 2320 503 2355 declinantes
526 2321 564 2356 ad
595 2321 652 2356 alia
690 2323 878 2357 monasteria
915 2322 1056 2357 eiusdem

309 2370 446 2410 ordinis,
470 2370 623 2405 veniendo
651 2370 688 2405 ad
718 2371 899 2406 huiusmodi
934 2372 1058 2419 capitu-

309 2419 373 2454 lum
397 2420 553 2467 generale,
582 2420 626 2454 vel
655 2420 694 2454 de
719 2420 770 2454 illo
794 2421 972 2461 redeundo,
1002 2434 1055 2456 seu

307 2469 394 2514 alias,
418 2469 600 2504 huiusmodi
630 2470 686 2504 alia
711 2471 899 2504 monasteria
922 2470 992 2517 plus
1007 2471 1058 2505 de-

308 2519 371 2553 bito
387 2527 605 2565 aggraventur,
629 2519 797 2554 statuimus
813 2528 843 2553 ct
859 2520 1056 2561 ordinamus,

307 2569 390 2615 quod
406 2569 535 2603 abbates
548 2577 597 2602 aut
623 2569 744 2603 monaci
769 2569 896 2615 praefati
912 2570 948 2603 ad
974 2570 1054 2604 idom

307 2619 478 2665 capitulum
504 2618 664 2652 venientes
687 2619 732 2652 vel
760 2619 797 2651 de
828 2619 895 2665 ipso
919 2619 1056 2654 redeun-

308 2676 371 2707 tes,
394 2679 448 2702 seu
477 2667 563 2711 alias,
588 2675 746 2714 tamquam
777 2667 916 2715 hospites
939 2668 975 2702 ad
992 2668 1057 2702 ali-

1738 291 1804 307 '¹12'

1132 297 1178 319 ΧΙΙ
1205 298 1252 319 ΙΨ.
1737 303 1768 321 ι.)
1774 304 1806 321 ))

1104 352 1186 397 quod
1208 353 1436 386 monasterium
1460 366 1514 388 5·ου
1540 354 1643 389 locum
1667 363 1858 389 conventua-

1104 400 1164 434 111111
1195 400 1254 434 iam
1283 400 1356 435 dicti
1386 402 1507 437 ordinis
1543 404 1759 443 declinantes,
1794 416 1855 438 non

1105 461 1231 483 remant¹
1235 458 1284 483 int
1310 450 1339 483 iu
1365 451 1443 484 (1()(1(·
1439 464 1476 484 Ι111
1503 453 1693 487 monasterio
1714 465 1769 487 scu
1785 465 1857 487 con-

1106 498 1240 532 veutuali
1267 498 1335 532 loco
1361 500 1406 532 vel
1432 500 1570 535 locorum
1596 502 1753 548 ipsorum,
1778 503 1854 536 ultra

1103 547 1199 591 diem,
1217 560 1277 594 (1113
1303 548 1376 581 illuc
1400 549 1637 592 declinaverint,
1662 559 1691 585 ct
1713 563 1854 597 sequen—

1105 605 1267 635 10111,110(’
1297 598 1373 630 ultra
1399 597 1501 632 dictos
1520 599 1603 638 dies;
1619 599 1714 633 abbas
1729 600 1774 634 vel
1791 600 1857 634 cel-

1105 645 1234 680 lerarius
1266 654 1319 680 aut
1342 646 1456 693 aliquis
1473 648 1552 681 alius
1574 648 1648 682 dicti
1674 650 1855 684 monasterii

1103 707 1156 729 seu
1182 695 1239 729 loci
1273 697 1502 735 conventualis,
1531 705 1582 731 aut
1605 697 1784 744 aliquorum
1809 698 1856 733 lo-

1103 756 1212 778 corum
1237 745 1435 784 corumde,m
1460 746 1545 800 ipsos
1568 746 1700 781 invitare
1723 748 1768 781 vel
1789 760 1858 782 am-

1105 793 1186 839 plius
1209 794 1255 828 eis
1277 794 1394 841 aliquid
1425 795 1604 830 ministrare
1641 806 1855 851 piaesumant.

1103 843 1195 884 Quod
1224 844 1249 877 si
1278 856 1314 877 ex
1341 843 1444 890 aliqua
1469 844 1644 878 rationabili
1682 858 1774 880 causa
1800 846 1855 891 ipsi

1108 892 1152 926 vel
1177 892 1291 939 aliquis
1313 892 1352 927 de
1370 893 1483 927 familia
1513 893 1697 928 eorumdem
1720 895 1857 942 amplius

1105 954 1268 976 remanere
1294 942 1461 981 volueriut,
1489 955 1655 990 expensas,
1678 957 1757 991 quas
1780 953 1856 979 tunc

1105 991 1145 1025 ibi
1171 991 1318 1031 feceriut,
1341 991 1380 1026 de
1405 991 1495 1026 bonis
1515 993 1633 1039 proprii
1659 994 1855 1037 monasterii,

1105 1041 1148 1074 vel
1172 1041 1300 1075 aliunde
1326 1041 1511 1087 procuratis.
1534 1041 1655 1076 solvere
1678 1051 1854 1078 teneantur.

1102 1089 1307 1137 Quicumque
1331 1102 1402 1124 vero
1418 1091 1610 1125 contrarium
1629 1091 1770 1130 fecerint.
1794 1101 1854 1127 tam

1103 1139 1226 1177 dantes,
1254 1152 1347 1186 quam
1374 1140 1574 1186 (111-1111011105,
1597 1141 1635 1174 (10
1659 1141 1854 1176 inobedien-

1103 1188 1141 1221 tia
1171 1196 1201 1222 et
1229 1189 1479 1233 transgressione
1520 1189 1704 1224 huiusmodi
1744 1192 1852 1225 statuti

1102 1245 1132 1270 et
1168 1237 1376 1271 ordinationis
1411 1246 1588 1272 nostrorum
1625 1251 1679 1293 pet·
1708 1239 1856 1285 generale

1102 1286 1174 1320 dicti
1212 1286 1333 1320 ordinis
1369 1287 1542 1332 capitulum
1579 1288 1763 1334 puniantur
1791 1289 1854 1323 Sed

1105 1347 1159 1381 per
1182 1335 1341 1389 111·;10(11(13
1367 1335 1488 1369 nullum
1520 1336 1568 1370 ius
1592 1337 1732 1383 ipsorum
1756 1337 1856 1372 decli-

1104 1384 1243 1419 nantium
1268 1384 1360 1419 alicui
1380 1385 1571 1431 acquiratur,
1593 1386 1685 1420 etiam
1702 1398 1757 1433 per
1772 1387 1855 1433 ipsos

1102 1433 1182 1468 duos
1210 1433 1279 1468 dies
1303 1434 1348 1468 vel
1379 1435 1455 1468 alias
1480 1435 1518 1468 ad
1541 1434 1668 1481 aliquod
1694 1445 1855 1471 monaste-

1104 1482 1183 1516 rium
1213 1496 1270 1517 seu
1301 1484 1404 1518 locum
1441 1484 1681 1518 conventualem
1711 1484 1853 1520 eiusdem

1102 1532 1222 1566 ordinis
1256 1540 1308 1566 aut
1337 1533 1477 1567 locorum
1514 1545 1624 1568 eorum
1653 1533 1854 1575 declinandi,

1102 1590 1153 1615 aut
1178 1582 1206 1615 iu
1231 1594 1339 1616 eorum
1364 1582 1469 1628 aliquo
1493 1583 1696 1624 remaneudi;
1724 1583 1784 1618 boc
1807 1591 1856 1618 ta-

1102 1643 1172 1664 men
1197 1631 1293 1671 salvo,
1322 1631 1405 1677 quod
1429 1632 1511 1665 cirea
1538 1639 1679 1678 patenter
1699 1632 1854 1667 infirman-

1103 1688 1148 1713 tes
1181 1681 1271 1715 solita
1304 1681 1418 1716 caritas
1445 1690 1475 1716 et
1502 1681 1551 1728 pia
1580 1681 1775 1728 hospitalitas
1797 1682 1855 1716 ob-

1102 1738 1277 1764 serventur.

1150 1779 1170 1825 5
1200 1781 1253 1813 18.
1283 1779 1362 1820 Quia
1387 1791 1458 1814 vero
1483 1779 1554 1814 ideo
1575 1787 1651 1814 sunt
1671 1779 1852 1816 huiusmodi

1101 1829 1257 1874 generalia
1286 1829 1421 1876 capitula
1452 1829 1605 1868 instituta,
1634 1837 1667 1863 ut
1690 1830 1719 1864 in
1743 1830 1788 1864 eis
1815 1831 1853 1865 de

1101 1885 1180 1911 statu
1211 1878 1473 1912 monasteriorum
1497 1887 1528 1912 et
1555 1879 1687 1913 aliorum
1711 1879 1851 1914 locorum
1868 1894 1901 1937 :fo

1103 1926 1291 1972 regularium
1321 1939 1355 1962 ac
1377 1927 1418 1962 de
1437 1928 1658 1963 reformatione
1682 1928 1802 1963 ordinis
1823 1937 1852 1963 et

1101 1976 1297 2010 observantia
1341 1976 1473 2022 regulari
1504 1985 1653 2012 tractatus
1675 1977 1789 2012 debeat
1810 1978 1854 2012 di-

1103 2025 1204 2071 ligens
1231 2025 1386 2069 adbiberi,
1409 2026 1540 2071 dignum
1564 2034 1595 2061 et
1618 2026 1760 2061 debitum
1788 2027 1853 2061 fore,

1101 2075 1320 2121 dignoscitur,
1351 2083 1383 2109 ut
1419 2076 1455 2109 ad
1486 2075 1536 2109 illa
1562 2077 1751 2111 conveniant
1779 2077 1853 2111 uui-

1103 2125 1195 2165 versi,
1231 2124 1348 2171 quibus
1377 2125 1405 2158 id
1444 2125 1608 2168 imminet,
1638 2125 1853 2172 praepeditio-

1103 2185 1173 2208 nem
1197 2175 1381 2208 canonicam
1403 2186 1463 2208 uon
1489 2173 1652 2209 babentes.
1672 2174 1778 2216 Quare
1793 2183 1854 2209 sta-

1103 2223 1219 2258 tuimus
1239 2231 1269 2258 et
1291 2224 1383 2258 etiam
1401 2223 1596 2267 ordinamus,
1624 2224 1708 2270 quod
1724 2223 1853 2259 abbates

1103 2272 1202 2319 ipsius
1226 2273 1357 2313 ordinis,
1385 2272 1436 2319 qui
1460 2273 1498 2307 de
1520 2281 1643 2307 caetero
1671 2285 1733 2307 nou
1758 2285 1853 2307 vene-

1102 2322 1163 2356 rint
1186 2322 1222 2356 ad
1261 2322 1380 2356 dietum
1419 2322 1593 2368 capitulum
1617 2322 1764 2367 generale
1785 2323 1850 2370 (qui

1102 2371 1207 2406 venire
1235 2380 1338 2406 tamen
1364 2371 1572 2411 tenebantur,
1595 2371 1770 2406 secuudum
1799 2384 1853 2406 or-

1100 2420 1183 2455 dinis
1212 2421 1361 2468 praedicti
1385 2428 1512 2463 statuta,
1536 2433 1597 2455 non
1628 2420 1779 2456 babentes
1797 2422 1852 2456 im-

1102 2470 1333 2517 110111111011111111μ
1359 2470 1554 2516 legitimum,
1591 2482 1646 2504 seu
1690 2470 1850 2506 licentiam

1100 2520 1268 2567 specialem
1292 2520 1330 2554 ab
1359 2531 1415 2563 eo,
1444 2520 1497 2567 qui
1521 2519 1595 2554 dare
1632 2520 1729 2566 possit
1762 2532 1852 2555 eam-

1100 2569 1184 2607 dem)
1215 2569 1364 2603 exhibere
1398 2576 1563 2603 teneantur
1598 2569 1731 2616 duplum
1768 2570 1851 2613 eius,

1099 2619 1182 2665 quod
1212 2619 1378 2665 expensuri
1406 2626 1512 2653 essent
1539 2618 1576 2653 ad
1606 2618 1688 2652 idem
1725 2619 1852 2666 capitu-

1100 2668 1163 2702 lum
1202 2668 1357 2703 veniendo
1380 2676 1409 2701 et
1445 2667 1604 2702 redeundo
1633 2668 1671 2702 de
1695 2668 1759 2710 illo,
1788 2668 1851 2703 du-

1874 299 1920 326 Αιι.
1941 301 1969 327 C.
1991 300 2056 327 1335

1882 1793 1973 1814 Ahtmtos
2010 1800 2051 1814 nan

1869 1826 1997 1845 accedentes
2027 1827 2051 1845 ad

1868 1857 1979 1882 capitulum
2014 1861 2052 1881 ge*

1898 1887 1941 1906 rale
1965 1893 2052 1913 11110113-

1918 1918 2030 1937 coercendi
