2274 3265
221 2536 248 2557 Ue
278 2537 387 2562 pensioni-

206 2568 243 2587 tus
255 2567 388 2586 studentium.

437 235 507 268 560

389 312 481 347 qnam
502 297 678 335 secundum
695 298 885 332 taxationem
899 299 1134 345 contingentem

389 349 516 384 eosdem
540 348 660 383 solvere
683 348 870 383 tenebantur
888 348 964 383 infra
979 360 1134 386 mensem,

390 397 584 433 tantumdem
621 397 749 431 nomine
781 409 899 445 poenae.
933 397 1052 432 solvere
1074 399 1134 431 sint

389 447 539 483 adstricti.
571 447 665 490 Quod
701 447 726 481 si
755 460 816 482 non
846 447 989 486 fecerint.
1023 448 1060 481 sit
1091 448 1135 479 eis

390 497 508 533 tamdiu
536 509 574 532 eo
595 498 662 544 ipso
685 496 846 532 Ecclesiae
878 497 1065 531 interdictus
1094 497 1136 529 in-

389 559 528 591 gressus,
549 546 651 582 donec
674 555 734 580 tam
759 546 950 594 principale,
982 546 1018 579 ad
1050 545 1134 593 qnod

390 596 592 641 tenebantur,
614 608 707 643 quam
728 596 907 631 huiusmodi
930 597 1021 630 aliani
1040 607 1135 642 quan·

390 647 510 682 titatem
545 647 671 682 nomine
700 658 837 692 poenae,
880 653 911 679 ut
947 645 1135 700 praefertur,

389 696 577 744 appositam
603 695 748 730 duxerint
771 694 1022 743 persolvendam
1046 694 1083 728 Et
1110 695 1135 729 si

390 758 427 780 ex
454 753 528 781 tunc
555 757 611 801 per
641 753 776 793 quatuor
803 757 928 779 menses
951 744 1135 779 huiusmodi

391 795 603 830 sustinuerint
630 794 843 834 interdictum
871 794 933 829 sint
962 794 1029 848 ipso
1057 794 1137 828 facto

391 844 508 879 tamdiu
532 857 547 879 a
570 844 685 879 divinis
707 843 869 891 suspensi,
893 843 995 877 donec
1016 842 1137 890 integre

392 894 573 929 huiusmodi
596 893 771 942 principale
806 905 842 927 ac
870 905 1003 947 poenam
1027 893 1137 927 solve—

393 945 468 985 tint,
499 943 583 978 nulla
611 955 657 978 eis
680 942 867 977 rennssione
894 955 924 976 in
954 942 1137 988 praemissis

390 992 630 1040 quomodolibet
645 992 819 1039 protutura
845 991 1011 1033 Quantitas
1033 1000 1136 1026 autem

390 1042 568 1077 huiusmodi
586 1042 714 1077 nomine
735 1053 863 1096 poenae,
887 1050 919 1075 ut
935 1042 1137 1088 praedicitur,

389 1091 601 1131 exsoltenda,
642 1092 672 1126 in
711 1091 951 1138 acquisitionem
986 1091 1136 1126 librorum

392 1142 514 1176 utilium
542 1149 573 1176 et
599 1141 677 1176 alios
705 1140 864 1196 profectus
886 1140 1043 1175 dictorum
1067 1149 1137 1175 stu-

390 1192 546 1231 dentium,
568 1203 662 1238 quam
681 1191 774 1225 etiarn
790 1191 946 1237 quantitas
962 1200 1065 1245 (quam
1083 1203 1138 1238 per

390 1249 646 1276 contemnentem
674 1240 853 1275 satistacere
876 1252 906 1273 m
927 1240 1062 1274 termino
1086 1253 1138 1274 as-

391 1291 515 1338 signato
548 1289 779 1325 studentibus
773 1289 850 1336 ipsis
873 1290 950 1323 mitti
981 1290 1138 1337 praecipi-

392 1344 474 1384 mus)
510 1339 547 1374 ad
581 1340 681 1387 ipsius
717 1339 951 1373 contemnentis
985 1352 1139 1386 expensas

393 1390 476 1424 iuxta
499 1388 671 1436 superioris
698 1389 745 1423 sui
778 1388 939 1423 arbitrium
975 1398 1137 1423 converta-

392 1448 452 1473 tnr.
477 1438 663 1473 praemissis
684 1451 809 1486 quoque
836 1438 1020 1475 adiicimus,
1055 1439 1137 1485 qnod

393 1489 512 1536 priores
532 1496 561 1523 et
584 1489 698 1523 caeteri
722 1488 988 1523 administratores
1011 1488 1139 1523 abbates

394 1539 541 1586 proprios
575 1550 636 1572 non
673 1537 834 1580 habentes,
862 1550 916 1572 seu
954 1537 1056 1584 quivis
1088 1538 1138 1571 alii

393 1587 587 1631 beneficiati,
614 1587 667 1635 qui
696 1587 875 1621 huiusmodi
911 1599 1052 1621 summas
1074 1588 1139 1621 sol-

392 1649 463 1672 vere
473 1637 733 1684 contempserint,
754 1644 782 1670 et
800 1637 1053 1683 praenominatas
1069 1650 1141 1684 poe-

392 1699 448 1721 nas
470 1699 526 1734 per
547 1687 625 1722 alios
653 1695 786 1733 quatuor
809 1698 932 1720 menses
960 1686 1140 1721 immediate

392 1745 562 1783 sequentes
588 1736 797 1771 sustinuerint
832 1736 947 1770 animis
974 1736 1139 1776 indurans,

393 1786 730 1821 excommunicationis
773 1785 959 1820 sententiam
1000 1798 1037 1821 eo
1072 1786 1141 1833 ipso

395 1836 573 1877 incurrant;
595 1848 610 1870 a
633 1849 693 1883 qua
710 1836 909 1883 nonpossint
928 1835 1059 1876 absolvi,
1083 1836 1139 1869 nisi

394 1885 498 1920 debita
525 1885 736 1921 satisfactione
775 1886 962 1931 praemissa:
1000 1893 1030 1919 et
1067 1894 1142 1920 tunc

396 1947 449 1982 per
476 1935 689 1983 praesidentes
711 1935 874 1970 dumtaxat
909 1935 1035 1981 capituli
1068 1948 1142 1982 pro-

395 1985 541 2020 vincialis
557 1985 640 2019 illius
663 1985 853 2032 ριοιὶιιοίειρ
876 1997 967 2019 cutus
987 1994 1079 2019 erunt
1097 1985 1141 2019 tel

395 2034 526 2069 alterum
555 2035 757 2070 eorumdem:
786 2047 877 2082 quam
902 2033 926 2067 si
951 2046 1141 2081 perannum

397 2084 609 2132 pertinacibus
630 2084 743 2119 animis
775 2083 995 2121 sustinuerint
1018 2085 1079 2118 sint
1106 2097 1143 2118 eo

398 2146 467 2181 ipso
488 2135 612 2169 cunctis
635 2134 807 2177 beneficiis,
829 2145 909 2181 quae
936 2133 1143 2170 obtinuerint,

397 2185 525 2231 privati:
560 2192 591 2218 et
617 2183 656 2218 de
682 2183 844 2219 beneficiis
875 2183 1055 2218 huiusmodi
1090 2196 1145 2230 per

398 2234 477 2273 illos,
504 2233 542 2268 ad
565 2246 699 2281 quorum
724 2233 936 2277 collationem,
961 2245 1014 2267 seu
1038 2245 1146 2280 quam-

398 2284 443 2317 vis
468 2283 558 2318 aliam
590 2283 830 2330 dispositionem
855 2283 1083 2331 pertinuerint,
1108 2283 1145 2317 li-

399 2333 470 2368 berc
494 2333 524 2368 in
549 2333 692 2381 personis
717 2333 786 2368 aliis
812 2333 1006 2381 disponatur.

679 2405 759 2441 Car.
783 2405 866 2440 VIII.

449 2483 532 2517 Sane
573 2484 646 2530 quia
693 2484 934 2530 prosecutiones
973 2481 1145 2516 liberalium

402 2533 592 2576 studiorum,
621 2533 787 2580 praecipue
811 2533 840 2567 in
869 2532 1072 2579 generalibus
1093 2543 1146 2565 sen

403 2581 615 2616 saecularibus
653 2582 797 2620 Studiis
834 2582 957 2617 diversa
985 2582 1147 2628 requirnnt

404 2643 496 2666 onera
531 2643 755 2679 expensarum:
786 2643 842 2666 nos
870 2631 1050 2666 huiusmodi
1079 2643 1150 2665 mo-

977 243 1160 267 titttitdttttt'm
1192 243 1350 265 ttmtaxt'xt

1178 299 1261 332 uncis
1287 296 1449 332 mittendis
1471 296 1507 330 ad
1533 296 1598 342 ipsa
1615 297 1728 332 Studia
1751 305 1781 332 et
1804 311 1858 346 pro
1881 298 1926 333 eis

1176 356 1206 382 et
1228 347 1298 381 aliis
1321 346 1439 380 ratione
1462 346 1618 380 dictorum
1648 346 1822 381 studiorum
1847 360 1925 395 pen-

1176 398 1282 431 siones
1323 396 1352 429 in
1389 395 1619 442 ‹piantitatibus
1657 395 1926 443 subsequentibus

1178 445 1377 492 providemus
1400 446 1464 479 sore.
1486 445 1576 479 aunis
1595 445 1727 491 singulis
1749 446 1925 481 ministran-

1176 495 1232 529 das
1265 503 1291 529 et
1331 495 1536 542 infrascriptis
1563 495 1703 529 terminis
1732 496 1927 531 trasmitteu-

1177 545 1242 579 das.
1270 544 1424 579 Videlicet
1461 545 1611 591 magistro
1644 545 1673 578 in
1707 545 1862 590 theologia
1896 546 1926 580 in

1176 594 1290 629 Studio
1316 594 1453 641 generali
1479 595 1591 640 legenti
1615 595 1792 641 sexaginta;
1816 595 1928 630 bacca-

1178 644 1296 684 laureo,
1325 656 1447 679 necnon
1482 644 1615 678 scholari
1645 644 1818 690 theologiae
1841 656 1928 691 qua-

1177 694 1335 740 <lraginta;
1365 694 1484 728 doctori
1508 694 1719 737 decretorum,
1743 695 1807 728 iura
1831 707 1928 729 cano-

1179 744 1246 778 nica
1270 743 1300 778 in
1330 742 1510 777 huiusmodi
1530 743 1645 778 Studio
1669 744 1801 790 legenti,
1828 745 1928 791 quin-

1177 793 1343 840 quaginta·,
1368 792 1570 828 baccalaureo
1593 805 1680 838 vero,
1707 806 1761 828 seu
1792 793 1927 828 scholari

1178 842 1360 878 canonistae
1389 843 1514 889 triginta
1545 843 1687 890 quinque
1720 843 1815 877 libras
1838 852 1929 878 turo-

1179 892 1324 927 nensium
1349 904 1514 938 parvorum
1539 892 1585 926 vel
1614 905 1720 927 earum
1745 893 1879 928 valorem
1897 893 1926 926 in

1178 943 1234 977 alia
1260 950 1397 985 moneta,
1432 949 1493 976 tam
1518 954 1574 988 pro
1596 942 1797 987 victualibus,
1832 943 1929 977 vesti-

1180 991 1294 1026 mentis
1320 1001 1348 1026 et
1372 991 1611 1030 calceamentis,
1637 1004 1730 1039 quam
1756 1005 1812 1039 pro
1840 992 1928 1027 libris

1178 1050 1207 1075 et
1231 1041 1487 1088 quibuscumque
1508 1041 1577 1075 aliis
1604 1041 1847 1077 necessitatibus
1874 1054 1929 1076 eo-

1181 1091 1344 1129 rumdem:
1370 1091 1430 1125 illis
1457 1091 1612 1132 videlicet,
1642 1092 1695 1138 qui
1718 1091 1755 1125 ad
1779 1090 1926 1126 Studium

1180 1141 1355 1176 I'arisieuse
1375 1141 1404 1175 in
1429 1140 1507 1175 festo
1526 1140 1735 1175 Exaltationis
1757 1142 1790 1175 S.
1815 1140 1928 1175 Crucis

1180 1191 1224 1226 rel
1253 1191 1393 1229 circiter,
1430 1191 1466 1225 iis
1488 1202 1573 1229 vero,
1600 1191 1651 1238 qui
1675 1190 1712 1225 ad
1736 1190 1792 1224 alia
1819 1189 1929 1225 Studia

1179 1241 1318 1288 deputati
1348 1241 1482 1282 suerint,
1512 1240 1539 1273 in
1574 1240 1651 1275 l'esto
1678 1241 1716 1275 B.
1747 1240 1854 1274 Lucae
1883 1240 1929 1273 vel

1179 1292 1273 1333 circa,
1301 1290 1435 1336 singulis
1457 1289 1549 1325 aunis
1577 1302 1632 1336 per
1664 1290 1750 1324 illum
1776 1290 1821 1323 vel
1849 1289 1930 1328 illos,

1179 1341 1231 1387 qui
1256 1340 1292 1374 ad
1326 1341 1410 1386 ipsas
1438 1339 1606 1385 pensiones
1641 1339 1836 1386 colligendas
1868 1338 1931 1372 de-

1182 1391 1278 1436 putati
1298 1389 1426 1429 luerint,
1443 1388 1646 1423 infallibiliter
1661 1388 1930 1424 transmittendas:

1180 1448 1208 1473 et
1233 1452 1288 1486 per
1320 1439 1405 1482 illos,
1439 1439 1493 1493 qni
1518 1438 1710 1473 tenebuntur
1737 1438 1773 1473 ad
1804 1438 1932 1472 solien-

1180 1489 1255 1523 dum
1286 1501 1302 1523 e
1292 1489 1432 1526 ³,asdem
1465 1501 1495 1522 ιιι
1534 1488 1611 1522 festo
1634 1488 1870 1543 Assumptionis
1891 1487 1929 1521 Β

1181 1539 1295 1573 Mariae
1318 1539 1408 1573 annis
1436 1538 1631 1584 quibuslibet
1659 1551 1734 1585 ipSis
1761 1537 1934 1572 collectori-

1182 1588 1241 1623 bus
1264 1588 1459 1634 integraliter
1481 1587 1717 1634 persolvendas.
1748 1586 1793 1621 De
1815 1586 1934 1634 quibus

1181 1638 1308 1685 quidem
1350 1637 1556 1683 pensionibus
1595 1636 1686 1671 dictis
1722 1635 1937 1676 scholaribus,

1182 1696 1215 1721 ut
1251 1687 1482 1735 praemittitur,
1525 1686 1766 1727 ministrandis,
1803 1685 1935 1734 quilibet

1181 1737 1334 1772 scholaris
1354 1737 1465 1771 habeat
1489 1749 1545 1784 pro
1566 1736 1760 1784 quotidianis
1787 1736 1935 1783 expensis

1182 1788 1289 1834 viginti
1319 1787 1413 1821 libras
1434 1786 1608 1830 dumtaxat,
1630 1796 1659 1821 et
1687 1799 1742 1832 pro
1759 1787 1936 1821 vestimen-

1183 1838 1221 1872 tis
1260 1846 1290 1872 et
1327 1836 1549 1871 calceamentis
1583 1849 1636 1871 sex
1673 1836 1767 1871 libras
1795 1844 1934 1870 tantum:

1183 1887 1221 1922 de
1246 1886 1374 1922 residuo
1404 1899 1477 1921 vero
1509 1894 1655 1921 emantur
1676 1898 1711 1921 ac
1735 1885 1937 1933 provideatur

1183 1937 1210 1972 ei
1235 1937 1273 1971 de
1303 1937 1397 1983 ipsis,
1434 1948 1526 1984 quae,
1562 1936 1682 1971 ratione
1718 1935 1935 1970 infirmitatum

1185 1987 1229 2021 rel
1265 1986 1336 2025 alia,
1375 1987 1550 2021 necessaria
1593 1985 1652 2020 sibi
1692 1994 1795 2020 erunt.
1823 1984 1937 2019 Nullus

1184 2044 1288 2071 ¹tutem
1312 2037 1542 2083 cuiuscumque
1560 2035 1651 2070 suerit
1669 2036 1935 2082 praeeminentiae,

1185 2087 1358 2132 dignitatis,
1400 2085 1592 2121 conditionis
1635 2093 1687 2119 aut
1724 2094 1834 2130 status,
1869 2085 1937 2119 sive

1185 2140 1335 2175 collector
1358 2141 1543 2187 pensionum
1574 2139 1767 2176 huiusmodi.
1797 2151 1851 2173 seu
1869 2138 1938 2174 red-

1186 2194 1309 2229 dituum
1347 2193 1633 2240 assignandornm,
1675 2206 1729 2240 pro
1771 2193 1850 2240 ipsis
1890 2193 1936 2227 rel

1188 2261 1242 2295 pro
1265 2260 1468 2296 quocumque
1491 2248 1551 2283 alio
1575 2248 1703 2283 nomine
1728 2247 1822 2282 suerit
1843 2247 1937 2294 depu-

1188 2311 1288 2342 tatus,
1323 2304 1439 2350 aliquid
1476 2302 1535 2337 sibi
1573 2302 1616 2337 vel
1646 2301 1753 2341 alteri,
1779 2314 1835 2336 seu
1867 2301 1937 2335 nsni

1188 2358 1379 2405 cuicumque
1399 2367 1427 2392 et
1444 2365 1704 2404 quantocumque
1725 2355 1776 2402 pio
1791 2356 1830 2390 de
1846 2367 1937 2402 prae-

1190 2413 1259 2448 fatis
1294 2412 1498 2460 pensionibus
1528 2412 1573 2446 vel
1608 2411 1647 2446 de
1675 2410 1840 2455 fructibus,
1864 2410 1937 2444 red-

1189 2467 1317 2510 ditibus,
1339 2479 1393 2501 seu
1413 2466 1628 2514 proventibus,
1652 2466 1704 2512 qui
1727 2464 1939 2511 assignabun-

1190 2530 1240 2556 tur
1275 2534 1330 2569 pro
1368 2521 1573 2569 pensionibus
1609 2521 1702 2568 ipsis,
1730 2519 1939 2568 quomodoli—

1191 2576 1238 2609 bet
1263 2576 1420 2623 applicare
1447 2576 1492 2609 vel
1516 2575 1608 2619 dare,
1641 2587 1696 2609 seu
1725 2582 1937 2613 commutare,

1190 2638 1242 2664 ant
1287 2629 1524 2677 quomodolibet
1566 2630 1701 2664 alienare
1747 2637 1935 2677 praesumat.

1942 241 1989 269 Au⁴
2009 243 2037 269 tt.
2057 244 2122 269 ¹55ss
