2274 3265
445 287 514 319 :⁸378

393 353 552 386 decretum
578 347 762 383 liuiustnodi
799 347 1007 385 continentes,
1036 346 1064 379 in
1097 358 1152 378 au-

394 401 510 434 dientia
529 399 652 445 publica
671 397 742 443 legi,
766 403 795 430 et
819 395 977 429 Ecclesiae
995 394 1148 428 Avenion.

394 449 528 496 appendi
553 448 597 480 vel
622 446 702 492 afligi
726 446 815 479 ostiis
837 446 902 479 sire
925 444 1150 490 superlimina-

396 499 482 532 ribus
502 498 665 535 faciemus,
682 508 761 543 quae
778 495 960 541 praeniissa,
983 505 1039 527 suo
1062 492 1150 538 quasi

960 291 1145 314 Btt1.!.Antnttt
1175 289 1335 311 ROMANUM
1964 282 2014 308 Αη,
2031 281 2061 308 C.
2077 281 2144 307 1375

1242 344 1261 387 ᾗ
1286 345 1316 374 t.
1337 340 1420 374 Sane
1438 339 1547 386 petitio
1564 350 1620 384 pro
1634 346 1719 384 parte
1736 346 1836 372 vestra
1857 337 1948 372 nobis
1977 347 2070 367 Fratrum
2086 350 2149 366 einr-

1195 388 1295 438 nuper
1322 389 1458 422 exhibita
1482 387 1665 421 continebat
1687 386 1771 433 qnod
1796 387 1825 420 in
1847 394 1945 421 vestra
1962 378 2152 434 {22⁰Pg¹fg¹⁰:‚¹,2¹¹'i⁶j

1194 439 1348 483 Ecclesia,
1371 449 1451 485 quac
1469 437 1505 470 :nt
1530 436 1649 470 Nemus
1664 435 1771 470 Sancti
1789 435 1947 470 Ambrosii
1963 439 2149 463 neumnensium

1964 471 2020 490 vitae
2036 471 2150 489 contii-mu-

1196 496 1409 534 nuncupatur,
1433 493 1463 519 et
1487 487 1518 519 in
1542 497 1602 532 qua
1628 485 1792 519 moramini
1809 484 1848 518 de
1866 496 2032 531 prae-none;

196 303 245 328 Αη.
265 298 376 325 01375

230 849 347 870 cinus-itae.

394 560 509 581 sonoro
534 547 702 593 praeconio
723 554 751 578 et
777 544 882 591 patulo
900 543 1028 582 indicio,
1047 541 1152 588 publi-

394 597 520 635 cabnnt,
554 596 592 629 ita
631 595 714 643 quod
752 593 857 627 nullus
894 593 923 626 in
959 591 1017 625 lior
1053 591 1152 637 possit

396 645 601 690 ignorantiam
626 645 770 689 allegare,
794 655 866 677 cnm
893 654 953 675 nou
977 641 1016 675 sit
1042 640 1150 673 verisi-

397 697 468 729 mile
493 707 654 729 remanere.
688 694 884 738 incognitum
920 691 963 723 nel
993 689 1150 723 occultum

396 744 480 792 qnod
506 753 565 778 tam
591 751 730 790 patenter
746 741 896 775 omnibus
915 739 1103 786 publicatur.

445 794 464 841 S
487 797 519 829 5.
537 794 618 828 Nulli
638 805 713 836 ergo
732 790 1042 825 oinninoliominum
1063 787 1153 820 liceat

398 846 477 879 lianc
503 843 646 891 paginam
673 850 796 875 nostrae
821 838 1030 877 inhibitionis,
1047 837 1155 869 volun-

398 894 468 930 tatis
495 902 523 927 et
547 893 662 926 decreti
689 891 869 933 infringere,
891 896 943 921 etc.

447 942 562 976 Datum
600 941 785 980 Avenione,
813 946 900 971 sexto
925 935 1073 970 kalendas
1102 947 1155 968 no-

399 991 546 1034 vembris,
577 989 780 1036 pontificatus
803 987 899 1021 nostri
925 997 1007 1019 anuo
1031 985 1152 1030 quinto.

447 1052 506 1082 Dat.
524 1053 570 1082 die
586 1052 623 1081 27
641 1050 768 1080 octobris
786 1049 874 1085 1375,
890 1052 968 1087 pont.
986 1056 1063 1076 anno
1079 1055 1104 1075 v.

728 1200 827 1236 xxti.

403 1285 494 1324 Quod
514 1286 547 1317 in
571 1284 705 1317 Ecclesia
734 1284 769 1316 S.
801 1281 959 1314 Ambrosii
974 1281 1016 1313 ud
1043 1281 1156 1313 Nemus

451 1333 694 1370 Mediolanensi,
730 1333 767 1364 ob
798 1332 996 1363 reverentiam
1025 1331 1156 1362 eiusdem

454 1384 573 1421 Sancti,
589 1384 698 1427 fratres
718 1383 752 1415 S.
769 1381 926 1414 Ambrosii
942 1379 1154 1423 nuticttpandt',

450 1433 504 1464 sub
526 1432 632 1476 regula
660 1432 695 1463 S.
720 1430 889 1474 Auqitstim’
912 1430 1087 1472 religiosam
1110 1429 1157 1460 vi-

451 1489 513 1514 tam
540 1483 665 1518 ducant,
693 1481 993 1522 Ambrosianumque
1021 1479 1157 1523 officium

452 1532 582 1564 recitare
600 1531 729 1575 possint.

674 1607 888 1638 SUMMARtUM

406 1672 592 1703 Prooemium.
614 1687 653 1693 —
680 1671 707 1699 t.
729 1670 859 1700 Fratrum
883 1674 912 1698 et
940 1668 1158 1707 archiepiscopi

444 1725 547 1754 preces
567 1725 618 1755 pro
637 1715 796 1744 obtinenda
817 1714 974 1751 religiosae
998 1715 1073 1743 vitae
1092 1722 1160 1742 con-

445 1760 618 1793 firmatione,
632 1776 671 1781 —
684 1759 711 1788 2.
727 1758 819 1794 Quam
837 1759 973 1788 concedit
989 1757 1159 1795 Gregorius.

445 1821 481 1826 —
514 1804 532 1834 3
572 1806 604 1833 nd
642 1805 668 1833 ti.
700 1803 826 1840 Regulas
858 1802 1017 1832 nonnullas
1046 1803 1158 1832 eisdem

445 1849 502 1877 dat.
521 1865 560 1870 —
579 1848 604 1883 7,
627 1848 653 1877 8.
673 1847 811 1877 Concedit
832 1847 981 1885 privilegia
1007 1847 1160 1875 nonnulla.

447 1910 482 1914 —
501 1894 527 1922 9.
547 1893 587 1922 Ad
608 1893 751 1922 beneficia
771 1892 973 1921 ecclesiastica
996 1891 1159 1930 promoveri

447 1936 550 1965 fratres
575 1945 630 1965 non
656 1936 779 1975 possint.

407 2003 552 2038 Gregorius
566 2003 706 2038 episcopus
719 2009 814 2031 servus
831 2009 971 2031 servorum
982 2002 1038 2035 Dei.
1054 2003 1163 2030 dilectis

451 2052 515 2080 filiis
532 2053 617 2088 priori
637 2054 664 2081 et
683 2051 821 2080 fratribus
841 2052 974 2079 Ecclesiae
989 2053 1014 2079 S.
1033 2053 1163 2080 Ambrosii

451 2103 531 2130 extra
553 2109 644 2130 muros
679 2102 877 2134 mediolanen..
904 2103 932 2129 in
960 2102 1011 2129 fine
1042 2102 1164 2130 suburbii

452 2151 548 2180 Portae
565 2151 696 2179 Cumanae
717 2151 907 2184 consistentis
928 2152 1048 2179 satutem
1061 2153 1088 2180 et
1099 2159 1165 2187 apo-

453 2201 580 2229 stoticam
599 2200 824 2229 benedictionem.

458 2263 634 2311 Cupientes
659 2276 674 2298 a
696 2264 812 2298 saeculi
851 2264 1036 2298 vanitatibus
1070 2265 1165 2299 elon-

358 2331 362 2343 ι
411 2315 488 2359 gari,
511 2322 553 2354 et,
578 2314 693 2348 relictis
717 2314 885 2348 mundanis
909 2314 1080 2355 illecebris,
1104 2315 1165 2349 vir-

412 2371 511 2398 tutum
549 2362 686 2397 Domino
721 2363 781 2397 sul)
805 2363 939 2407 regulari
966 2364 1164 2398 observantia

413 2412 580 2451 famulari,
616 2422 644 2446 ut
682 2413 710 2446 in
748 2425 794 2453 ea,
831 2413 1047 2447 saecularibus
1082 2414 1167 2447 curis

412 2463 509 2504 exuti,
547 2463 700 2509 perviam
735 2463 844 2497 salutis
880 2463 1010 2497 liberius
1042 2475 1167 2497 currere.

383 2526 386 2529 ·
416 2511 536 2556 possint
559 2512 595 2545 ad
622 2511 774 2551 bravium,
798 2512 1005 2558 apostolicum
1021 2514 1166 2546 convenit

396 2560 561 2606 'praebere
596 2573 799 2600 eonsensum,
825 2570 867 2600 ut,
892 2574 964 2595 cum
995 2562 1022 2595 in
1052 2561 1168 2595 liuius-

417 2609 499 2642 modi
523 2621 580 2643 suo
597 2611 757 2656 proposito
772 2623 804 2643 se
819 2610 916 2644 foveri
935 2612 1168 2657 conspexerint,

417 2658 446 2690 in
470 2670 507 2691 eo
530 2659 639 2693 fortius
661 2660 876 2694 exardescant.

1194 539 1298 577 senti,
1335 536 1373 570 ab
1407 536 1538 582 antiquo
1578 535 1687 569 morati
1731 542 1806 569 sunt
1842 533 1951 568 fratres

1196 599 1292 621 unum
1335 586 1470 632 priorem
1507 583 1687 623 babentes,
1718 583 1870 630 quodque
1897 595 1951 629 per

1194 635 1437 670 constitutiones
1459 634 1629 668 canonicas
1650 641 1679 667 et
1704 633 1873 679 praecipue
1897 644 1953 678 per

1195 685 1437 719 constitutiones
1465 683 1565 716 felicis
1600 682 1827 716 recordationis
1855 680 1953 715 Boni-

1196 734 1265 768 l'acii
1304 734 1408 780 Papae
1442 731 1527 775 Vlll,
1551 731 1805 778 praedecessoris
1840 731 1953 773 nostri,

1197 783 1356 817 baesitatis
1391 781 1522 825 ibidem,
1550 782 1632 815 saiva
1660 780 1867 819 conscientia,
1895 779 1954 814 sub

1197 832 1303 878 regula
1327 833 1397 866 sine
1420 831 1546 865 licentia
1569 830 1663 864 Sedis
1685 830 1887 877 Apostolicae
1906 830 1955 863 vi—

1197 891 1257 916 tam
1282 880 1492 926 collegialiter
1509 879 1625 914 ducere
1641 879 1832 925 religiosam.
1848 879 1954 921 Quare

1197 931 1384 965 venerabilis
1419 930 1514 964 frater
1541 937 1648 963 noster
1677 928 1795 977 Symon
1813 957 1820 968 ,
1842 928 1955 963 archi-

1197 981 1368 1027 episcopus
1391 978 1648 1018 Mediolanensis,
1673 978 1764 1013 nobis
1793 978 1956 1012 humiliter

1196 1030 1385 1077 supplicavit
1409 1036 1456 1070 nt,
1478 1028 1573 1062 etiam
1591 1027 1632 1062 ob
1650 1028 1856 1062 reverentiam
1877 1028 1957 1061 eius-

1197 1079 1268 1113 dem
1294 1079 1374 1113 beati
1398 1077 1556 1113 Ambrosii
1581 1077 1657 1124 (qui
1679 1086 1849 1124 antequam
1876 1075 1953 1111 edu-

1196 1136 1282 1163 ceret
1316 1141 1389 1162 eum
1425 1127 1583 1162 Dominus
1619 1126 1657 1161 de
1683 1126 1764 1161 vitae
1796 1125 1956 1172 ergastulo

1199 1177 1293 1212 liuius
1309 1177 1430 1217 mundi,
1449 1176 1643 1223 quandoque
1666 1187 1681 1209 a
1699 1175 1905 1210 multitudine
1923 1187 1957 1209 se

1199 1239 1382 1274 segregans,
1405 1226 1442 1261 ad
1466 1225 1649 1260 huiusmodi
1674 1225 1777 1260 locum
1802 1233 1878 1259 tunc
1905 1237 1958 1259 so-

1199 1278 1336 1311 litarium
1373 1288 1406 1310 se
1430 1275 1647 1315 transferebat,
1671 1282 1704 1309 ut
1733 1275 1762 1309 in
1785 1274 1957 1309 solitudine

1199 1326 1343 1360 devotius
1365 1324 1624 1371 contemplationi
1645 1324 1768 1358 divinae
1783 1332 1889 1371 posset
1910 1324 1959 1357 in-

1199 1376 1341 1419 sistere),
1366 1375 1452 1408 vobis
1475 1383 1503 1407 et
1529 1374 1623 1408 statui
1661 1382 1765 1407 vestro
1802 1374 1831 1408 in
1862 1385 1958 1420 prae-

1200 1426 1305 1459 missis
1329 1424 1495 1472 providere
1513 1423 1552 1457 de
1576 1423 1769 1469 benignitate
1786 1423 1957 1470 apostoliea

1200 1475 1416 1520 dignaremur.

1249 1524 1269 1570 g
1291 1526 1324 1558 2.
1347 1523 1413 1558 Nos
1437 1523 1543 1568 igitur,
1571 1523 1624 1570 qui
1651 1522 1709 1569 piis
1732 1521 1856 1556 illorum
1880 1521 1956 1556 desi·

1201 1573 1308 1612 deriis,
1333 1585 1388 1620 per
1410 1584 1491 1618 quae
1528 1573 1573 1605 ria
1599 1580 1726 1617 paratur
1758 1572 1899 1606 securior
1920 1570 1958 1605 ad

1201 1623 1333 1657 salutem
1352 1650 1361 1666 ,
1385 1622 1521 1656 libenter
1554 1621 1754 1667 impertimur
1781 1632 1959 1665 assensum,

1203 1672 1342 1706 volentes
1380 1683 1478 1718 super
1514 1670 1563 1704 liis
1596 1679 1723 1716 paterna
1758 1669 1959 1705 solicitudine

1203 1722 1380 1769 providere,
1403 1720 1587 1755 huiusmodi
1618 1720 1692 1754 dicti
1727 1720 1959 1767 archiepiscopi

1202 1783 1237 1805 ac
1261 1771 1382 1814 vestris,
1407 1771 1435 1804 in
1460 1770 1519 1804 hac
1543 1777 1642 1816 parte,
1675 1769 1962 1817 supplicationibus

1204 1820 1371 1858 inclinati.
1408 1820 1592 1854 auctoritate
1629 1819 1823 1866 apostolica,
1854 1828 1961 1853 tenore

1205 1870 1419 1917 praesentium
1452 1869 1621 1904 statuimus
1643 1877 1672 1903 et
1696 1869 1788 1903 etiam
1813 1868 1962 1902 concedi—

1204 1932 1276 1954 mus
1299 1919 1395 1966 quod,
1413 1919 1440 1952 in
1459 1919 1596 1965 praefata
1622 1928 1720 1954 vestra
1739 1918 1892 1962 Ecclesia,
1909 1930 1962 1952 vos

1205 1977 1232 2003 et
1257 1968 1306 2002 alii
1332 1968 1452 2007 fratres,
1475 1968 1528 2015 qui
1554 1976 1620 2015 post
1648 1980 1701 2001 vos
1718 1976 1822 2007 erunt,
1844 1967 1960 2001 ibidem

1205 2019 1393 2052 commorari
1424 2026 1453 2051 et
1481 2017 1615 2051 existere
1639 2017 1699 2052 sub
1716 2016 1911 2063 professione
1931 2025 1960 2050 et

1209 2068 1314 2113 regula
1340 2067 1376 2101 B.
1401 2067 1573 2113 Augustini
1600 2066 1737 2101 valeatis.

1254 2118 1274 2164 ἓ
1297 2120 1329 2151 5.
1357 2117 1394 2151 Et
1420 2117 1529 2151 fratres
1551 2116 1583 2150 S.
1610 2116 1768 2151 Ambrosii
1787 2115 1824 2150 ad
1841 2115 1962 2150 Nemus

1207 2216 1455 2250 Ambrosianum
1479 2216 1604 2250 dicatis.

1255 2266 1275 2313 S
1298 2268 1329 2299 4.
1353 2265 1391 2299 Et
1413 2277 1539 2312 semper
1577 2265 1652 2299 inibi
1689 2265 1727 2299 sit
1752 2277 1833 2299 nnus
1857 2265 1963 2312 prior,

1208 2317 1260 2362 qui
1289 2315 1358 2349 aliis
1379 2315 1527 2349 fratribus
1550 2316 1676 2361 praesit.

1257 2366 1277 2411 5²
1300 2367 1331 2398 5.
1356 2365 1401 2398 Ae
1430 2364 1616 2399 huiusmodi
1657 2365 1769 2411 prioris
1791 2363 1903 2398 electio
1925 2363 1963 2397 ad

1210 2415 1391 2448 liuiusmodi
1432 2414 1565 2454 fratres,
1600 2415 1763 2461 ipsiusque
1801 2413 1965 2447 electionis

1210 2465 1408 2498 eontirmatio
1438 2464 1475 2498 ad
1499 2464 1777 2511 archiepiscopum
1810 2462 1965 2497 Mediola-

1212 2526 1340 2547 nenscm
1362 2526 1418 2560 pro
1433 2522 1575 2560 tempore
1590 2514 1775 2548 existentem
1798 2513 1963 2560 pertineat.

1259 2563 1279 2609 g
1301 2567 1332 2596 (5.
1359 2564 1403 2596 Ac
1426 2571 1527 2597 vester
1549 2572 1577 2596 et
1603 2575 1825 2598 successorum
1844 2571 1966 2596 vestro-

1212 2624 1279 2645 rum
1305 2612 1431 2646 fratrum
1465 2613 1566 2647 dictae
1594 2612 1754 2648 Ecclesiae
1778 2612 1904 2646 babitus
1927 2611 1962 2645 sit

1212 2660 1375 2707 scapulare
1411 2674 1481 2696 cum
1506 2674 1603 2709 eappa
1633 2661 1778 2708 desuper.
1814 2661 1850 2695 Et
1887 2661 1965 2695 intra

1986 1534 2051 1561 Quam
2078 1539 2158 1554 conce-

1974 1567 2001 1585 dn
2022 1565 2138 1591 Gregorius

1992 2126 2081 2152 nee-utus
2106 2133 2162 2147 non—

1977 2159 2045 2178 nullis
2082 2159 2161 2178 eisdem

1207 2167 1449 2214 nuncupemini,
1483 2166 1620 2200 osticium
1655 2178 1781 2213 quoque
1819 2165 1961 2199 divinum
1999 2205 2019 2209 ι,
