2274 3265
209 268 258 294 Αη.

219 1255 285 1281 lubet,
298 1259 318 1276 ut
328 1261 389 1283 prae-

203 1288 285 1308 dit-etur
302 1287 386 1308 verbnm

202 1317 247 1342 Dei,
263 1320 285 1338 ut
299 1323 388 1338 convor-

203 1352 280 1369 tantur.

277 267 304 292 C.
324 268 390 293 ⁴278

460 259 499 290 16

407 322 586 369 prophetis,
619 322 787 357 novissime
817 322 846 356 in
884 322 944 356 line
977 329 1153 368 temporum

407 372 530 406 locutus
556 379 602 406 est
626 371 703 417 ipsis
725 380 755 405 et
778 371 870 405 nobis
892 371 922 404 in
947 370 1037 415 Filio,
1060 383 1153 418 quem

405 419 567 455 constituit
608 420 775 455 haeredem
820 420 1060 460 universorum,
1101 432 1156 466 ρει

404 481 499 516 quem
520 468 593 503 fecit
614 476 644 503 et
661 469 803 509 saecula;
827 469 881 503 sed
904 481 1031 503 omnem
1051 480 1153 503 escam

403 518 579 552 abominata
603 525 649 552 est
663 518 766 552 anima
784 518 867 552 eius:
891 526 920 551 et
937 517 1053 551 idcirco
1073 518 1154 552 iusto

403 567 461 601 Dei
485 566 604 601 iudicio
620 567 830 614 reprobatam,
853 566 1154 602 exterminaviteam

403 628 478 663 aper
504 615 543 650 de
569 616 665 663 sylva,
692 624 722 650 et
754 615 923 661 singularis
952 615 1036 649 serus
1058 615 1155 661 ‹lepa-

404 673 470 699 stus
492 672 539 699 est
566 677 646 699 eam.
670 664 782 700 Ablata
805 673 852 699 est
874 676 965 711 sepes
987 664 1067 704 eius,
1088 676 1157 710 pro-

404 721 540 749 sternata
560 714 710 749 maceries
732 715 807 749 etin
827 713 1037 760 direptionem
1054 714 1154 759 posita

405 772 439 797 ut
466 763 606 803 deserta;
644 775 701 798 nec
737 764 883 797 inventus
917 770 966 796 est
1001 762 1031 795 in
1066 762 1156 796 terris

404 812 542 859 amplius
563 812 651 846 locus
673 812 751 846 eius.
777 811 894 846 Verum
923 810 994 858 quia
1023 811 1155 845 misera-

405 862 505 896 tiones
533 860 591 895 Dei
614 873 710 907 super
736 862 841 896 omnia
864 873 918 894 sua
946 871 1040 906 opera
1063 872 1154 906 prae·

404 910 561 950 dicantur,
591 910 644 956 qui
678 921 790 944 omnes
818 909 919 944 salvos
947 908 1012 943 fieri
1041 917 1070 943 et
1098 921 1155 943 ne-

406 959 521 994 minem
559 959 623 993 vult
658 959 779 1005 perire,
807 958 860 1005 qui
891 970 924 992 se
960 958 1062 1004 ipsum
1100 970 1155 1004 pro

405 1008 496 1042 nobis
532 1015 563 1041 et
590 1007 667 1053 ipsis
707 1007 838 1042 hostiam
870 1007 981 1041 salutis
1015 1006 1156 1041 exhibuit

403 1056 470 1091 Deo
493 1055 591 1090 Patri:
614 1056 667 1103 qui
691 1056 844 1091 exaltatus
859 1068 875 1090 a
892 1063 984 1096 terra,
1007 1055 1155 1102 expansis

404 1105 434 1139 in
455 1117 549 1140 cruce
572 1104 730 1146 manibus,
757 1105 794 1140 ad
825 1117 858 1140 se
887 1113 998 1139 cuncta
1033 1104 1155 1139 traliere

403 1153 582 1201 evangelica
610 1166 685 1189 voce
713 1154 876 1201 praedixit.

450 1202 470 1250 S
497 1206 530 1237 2.
557 1202 635 1247 Nos,
658 1202 731 1237 lieet
756 1203 925 1241 immeriti,
955 1202 1054 1237 vicem
1078 1202 1154 1236 Eius

403 1258 546 1287 tenentes
574 1252 607 1286 in
642 1252 751 1296 terris,
787 1252 840 1299 qui
869 1252 960 1285 otiam
998 1251 1153 1285 iudaicam

403 1300 567 1347 perfidiam
605 1313 621 1336 a
644 1313 700 1336 sua
723 1301 936 1336 misericordia
965 1312 1026 1335 non
1051 1300 1154 1346 repel-

402 1349 452 1390 lit;
472 1349 606 1385 libenter
627 1362 684 1397 pro
707 1350 789 1386 illius
807 1350 916 1397 populi
933 1349 1155 1384 obcaecatione

401 1398 525 1434 labores
545 1399 736 1446 appetimus,
772 1408 804 1435 ut
830 1399 974 1434 affectum
1011 1407 1153 1433 nostrum

401 1447 504 1483 divina
545 1457 756 1496 prosequente
800 1448 987 1487 clementia,
1027 1448 1151 1495 cognita

402 1497 539 1533 veritatis
590 1498 682 1542 luce,
724 1510 806 1545 quae
840 1497 990 1532 Christus
1032 1505 1095 1538 est,
1138 1509 1154 1531 a

401 1546 466 1582 suis
488 1547 627 1582 tenebris
645 1555 807 1582 eruantur.
827 1546 927 1581 Porro
950 1546 1021 1593 quia
1047 1546 1154 1581 indae-

401 1608 492 1631 orum
515 1597 670 1644 ipsorum,
685 1597 774 1643 quasi
792 1609 845 1643 per
867 1596 1049 1630 universum
1067 1608 1157 1629 mun·

401 1645 490 1688 dum,
518 1646 626 1680 divino
649 1646 777 1690 iudicio,
807 1645 945 1692 praevisa
974 1644 1155 1690 dispersio,

402 1695 487 1741 ipsos
509 1694 548 1729 ad
572 1695 787 1740 recipiendum
811 1702 1007 1729 sacramenta
1026 1694 1097 1728 fidei
1120 1705 1156 1727 ac

401 1744 575 1778 doctrinam
606 1744 773 1778 commode
797 1744 826 1778 in
864 1756 962 1778 unum
987 1743 1155 1777 convenire

404 1805 464 1827 non
501 1793 633 1840 patitur,
662 1793 850 1828 necessitate
879 1806 935 1827 nos
963 1793 1157 1827 voluntarios

404 1850 546 1888 urgente,
568 1843 788 1890 compeliimur
806 1856 859 1890 ρει
884 1843 1024 1878 diversas
1046 1842 1155 1877 mundi

405 1899 508 1939 partes
535 1891 676 1927 diversos
709 1892 916 1927 seminatores
943 1892 1077 1939 eligere
1103 1904 1158 1938 pei

404 1954 483 1988 quos
513 1953 621 1976 semen
660 1941 744 1976 verbi
779 1941 855 1983 Dei,
884 1949 978 1988 prout
1009 1941 1157 1987 possibile

404 1998 461 2030 est,
489 2003 675 2036 spargamus
702 1992 731 2025 in
759 1990 912 2037 singulos,
940 2003 1076 2037 quorum
1106 2003 1158 2025 sa-

406 2039 502 2074 lutem
526 2040 743 2074 universaliter
765 2049 794 2074 et
812 2040 1013 2087 singulariter
1031 2040 1158 2074 affecta—

407 2101 489 2123 mus.
519 2088 569 2123 Ad
606 2097 635 2123 te
670 2089 764 2135 igitur
799 2090 880 2124 inter
906 2089 984 2124 alios
1011 2089 1069 2123 sub
1102 2101 1158 2135 spe

407 2138 532 2185 divinae
569 2138 686 2184 gratiae
725 2138 841 2173 mentis
885 2146 1009 2173 nostrae
1050 2138 1159 2173 oculos

407 2195 646 2231 convertentes,
674 2200 745 2222 cum
783 2188 826 2222 tui
861 2187 982 2222 ordinis
1021 2187 1159 2222 claritate

410 2237 550 2272 reluceas
585 2244 614 2271 et
641 2237 781 2271 credaris
814 2236 947 2271 ubilibet
982 2249 1036 2283 per
1066 2248 1158 2284 opera

410 2286 495 2320 utilia
511 2293 541 2320 et
562 2286 704 2332 exempla
730 2286 897 2321 laudabilia
920 2285 1111 2330 fructuosus,
1131 2295 1158 2320 et

408 2348 446 2370 ex
468 2336 537 2370 data
562 2335 615 2369 tibi
639 2335 792 2369 divinitus
814 2335 912 2382 gratia
934 2335 1014 2370 scire
1038 2343 1066 2370 te
1089 2347 1161 2370 con—

410 2384 536 2419 fidimus
570 2391 602 2418 et
634 2397 736 2431 posse,
764 2393 795 2419 et
828 2385 949 2419 fructus
984 2384 1098 2419 uberes
1130 2384 1160 2418 in

410 2434 512 2469 Domo
531 2433 657 2468 Domini
680 2434 869 2480 germinare,
889 2434 1070 2469 discretioni
1091 2442 1161 2467 tuae

411 2495 465 2529 per
491 2482 663 2529 apostolica
686 2483 802 2529 scripta
825 2483 1022 2521 mandamus,
1050 2491 1161 2530 quate-

412 2545 470 2566 nus
497 2532 661 2567 conlidens
693 2533 723 2567 in
747 2532 815 2576 Illo,
844 2534 895 2568 cui
925 2533 1085 2580 proprium
1114 2540 1161 2567 est

410 2580 589 2628 spirituales
614 2582 726 2628 gratias
754 2582 894 2629 elargiri,
927 2583 1003 2618 tales
1035 2581 1163 2617 umbra-

412 2642 479 2664 rum
518 2630 656 2666 tenebris
693 2631 895 2677 obcaecatos,
931 2632 966 2666 in⁴
994 2631 1161 2667 commissa

1171 320 1181 386 l

979 267 1078 290 BULLA
1085 268 1164 290 sslUM
1190 268 1349 290 ΠΟΜΑΝΗΜ

1200 322 1251 356 tibi
1276 322 1448 368 provincia,
1473 334 1527 368 per
1550 329 1578 356 te
1608 333 1643 356 ac
1669 321 1747 357 alios
1775 323 1883 358 fratres
1905 323 1947 358 tui

1198 371 1330 415 ordinis,
1361 384 1442 418 quos
1464 371 1501 405 ad
1530 371 1591 405 lioc
1620 370 1784 406 honestate
1812 384 1948 426 morum,

1198 428 1322 466 experta
1345 421 1486 460 seientia,
1512 419 1674 467 probititis
1697 420 1874 461 virtutibus,
1894 420 1949 455 cir-

1198 469 1435 515 cumspectione
1460 469 1589 515 provida
1604 476 1633 503 et
1655 469 1846 515 experientia
1866 482 1949 504 com-

1200 518 1326 564 probata
1353 517 1484 552 idoneos
1507 530 1575 552 esse
1598 518 1795 563 cognoveris,
1817 526 1847 552 et
1869 530 1950 565 quo-

1199 579 1265 600 rum
1287 566 1441 601 industria
1457 576 1551 614 atque
1570 567 1712 601 doctrina
1729 566 1843 601 divinis
1859 567 1951 602 donis

1197 627 1213 649 a
1241 615 1379 650 Domino
1409 616 1594 651 foecundata
1620 616 1775 662 intrepide
1804 627 1859 662 pro
1891 628 1951 651 ca-

1199 664 1312 698 tholica
1346 665 1405 699 side
1429 665 1576 709 reluceat,
1599 673 1628 699 et
1648 665 1698 699 sui
1726 665 1864 699 claritate
1887 677 1948 699 non

1200 713 1325 756 titubet,
1356 713 1411 747 sed
1436 714 1618 748 tenebrosas
1647 721 1767 748 mentes
1790 713 1949 748 radiorum

1199 762 1437 816 repercussione
1459 763 1619 803 clarificet
1637 771 1667 797 et
1689 762 1860 797 obstinatas
1887 775 1951 798 cer-

1200 811 1282 845 vices
1305 811 1455 857 reprimat
1476 823 1709 866 perversorum,
1733 811 1862 847 iudaeos
1884 825 1950 847 eos-

1198 859 1268 893 dem
1302 873 1332 893 ιιι
1357 860 1447 894 terris
1473 868 1502 895 et
1538 860 1625 900 locis,
1657 861 1686 894 in
1715 861 1830 908 quibus
1860 861 1950 896 liabi-

1199 916 1283 947 tant,
1319 909 1507 954 generaliter
1535 917 1564 943 et
1595 909 1796 955 singulariter
1830 923 1949 945 convo-

1197 957 1310 998 cando,
1338 958 1437 993 semel
1464 968 1494 992 et
1522 958 1648 1004 ρΙιιι-ιε5,
1675 972 1710 993 ac
1739 959 1831 994 toties
1857 972 1950 1006 repe-

1199 1006 1261 1040 titis
1296 1006 1479 1050 instantiis,
1519 1007 1642 1054 quoties
1679 1008 1829 1052 proficere
1858 1021 1949 1055 posse

1199 1055 1369 1101 putaveris,
1393 1063 1485 1102 prout
1508 1056 1621 1090 melius
1641 1056 1707 1090 lieri
1732 1058 1857 1102 poterit,
1877 1070 1950 1104 prae-

1198 1104 1428 1148 dicationibus,
1460 1104 1651 1139 salutaribus
1686 1106 1812 1139 monitis
1843 1114 1873 1140 et
1899 1106 1951 1140 di-

1197 1154 1308 1188 scretis
1331 1153 1576 1195 inductionibus,
1593 1154 1783 1200 evangelicis
1798 1154 1950 1190 doctrinis

1198 1202 1371 1237 informans
1395 1203 1490 1249 ipsos,
1514 1204 1641 1237 studeas
1664 1203 1747 1238 iuxta
1770 1203 1873 1238 datam
1895 1204 1949 1238 tibi

1197 1263 1212 1285 a
1247 1251 1385 1287 Domino
1419 1252 1568 1298 gratiam,
1597 1252 1711 1298 sugatis
1749 1252 1949 1287 tenebrarum

1199 1299 1347 1344 nubibus,
1369 1302 1407 1336 ad
1439 1302 1518 1335 viam
1544 1301 1695 1336 reducere
1725 1301 1884 1342 claritatis,
1918 1310 1950 1336 ut

1199 1350 1294 1384 renati
1319 1349 1402 1385 sonte
1425 1350 1631 1396 baptismatis,
1655 1350 1815 1385 reluceant
1842 1351 1873 1385 in
1902 1350 1951 1385 lu-

1198 1398 1282 1432 mine
1313 1400 1415 1434 vultus
1445 1399 1601 1439 Cnmsn,
1630 1408 1658 1433 et
1692 1399 1806 1433 exinde
1834 1400 1950 1434 chorus

1197 1449 1360 1495 angelicus
1387 1450 1571 1483 delectetur.
1600 1449 1647 1483 Tu
1671 1461 1798 1495 quoque
1826 1461 1861 1484 ac
1882 1450 1949 1490 alii,

1198 1510 1277 1544 quos
1299 1498 1336 1532 ad
1367 1498 1618 1544 prosecutionem
1648 1498 1724 1532 tanti
1752 1498 1868 1544 negotii
1892 1499 1950 1533 du-

1197 1547 1282 1581 xeris
1299 1547 1474 1592 eligendos,
1499 1548 1648 1593 perennis
1670 1546 1743 1581 boni
1761 1548 1949 1594 praemium,

1199 1605 1402 1642 nostramque
1426 1596 1679 1631 benedictionem
1696 1604 1726 1630 et
1746 1597 1878 1642 gratiam
1903 1610 1952 1631 vo-

1198 1645 1247 1679 bis
1275 1646 1313 1679 de
1336 1645 1419 1679 bono
1443 1646 1472 1679 in
1501 1645 1614 1680 melius
1640 1645 1825 1680 vendicetis.

1248 1694 1268 1740 g
1296 1698 1327 1728 3.
1356 1694 1395 1728 Et
1420 1702 1452 1729 ut
1478 1694 1636 1737 affectum,
1671 1707 1766 1742 quem
1789 1695 1828 1729 ad
1859 1695 1950 1730 salu-

1200 1752 1260 1777 tem
1284 1751 1383 1778 status
1407 1744 1548 1790 ipsorum
1576 1744 1654 1790 gerit
1676 1753 1775 1778 mater
1797 1744 1936 1780 Ecclesia

1201 1793 1373 1840 percipiant
1402 1806 1456 1840 per
1483 1794 1647 1834 effectum,
1676 1802 1706 1828 tu
1731 1793 1800 1828 illos
1828 1806 1864 1828 ex
1892 1794 1948 1839 eis,

1199 1855 1279 1890 quos
1307 1842 1345 1877 ad
1381 1844 1615 1890 susceptionem
1643 1844 1723 1878 sacri
1754 1843 1950 1890 baptismatis

1199 1892 1296 1938 gratia
1311 1891 1415 1926 divina
1434 1892 1627 1937 perduxerit,
1643 1892 1787 1939 praelatis
1801 1905 1836 1928 ac
1846 1893 1951 1928 domi-

1202 1942 1249 1975 nis
1269 1941 1409 1976 locorum
1434 1942 1463 1975 in
1483 1941 1599 1988 quibus
1622 1942 1699 1977 tales
1722 1941 1861 1977 babitare
1880 1955 1953 1978 con-

1202 1991 1323 2037 tigerit,
1358 2003 1395 2025 ex
1425 1998 1511 2038 parte
1546 1999 1651 2026 nostra
1689 1992 1951 2028 affectuosissime

1203 2039 1455 2080 recommendes,
1479 2048 1511 2074 ut
1540 2041 1607 2075 Deo
1629 2041 1743 2086 gratias
1771 2040 1800 2074 in
1826 2054 1954 2089 recupe-

1203 2097 1265 2123 rata
1293 2101 1349 2124 ove
1373 2089 1547 2135 deperdita,
1578 2098 1608 2124 et
1640 2090 1703 2124 filio
1733 2090 1864 2137 prodigo
1880 2092 1953 2126 red-

1202 2146 1317 2180 eunte,
1360 2139 1489 2173 vitulum
1539 2139 1740 2173 exultationis
1779 2147 1808 2174 et
1847 2141 1952 2186 gaudii

1202 2188 1404 2227 exhibentes,
1433 2201 1487 2223 eos
1514 2189 1673 2223 caritative
1700 2189 1839 2229 foveant,
1867 2190 1954 2225 favo-

1203 2238 1290 2272 ribus
1317 2237 1472 2281 muniant,
1502 2237 1634 2283 benigne
1664 2246 1867 2284 pertractent,
1895 2252 1953 2275 nec

1204 2287 1288 2334 ipsos
1306 2287 1336 2321 in
1361 2287 1517 2333 personis,
1533 2295 1587 2321 aut.
1607 2286 1711 2331 rebus,
1736 2300 1793 2334 per
1822 2288 1954 2324 iudaeos

1205 2336 1250 2371 vel
1278 2336 1356 2370 alios
1392 2335 1531 2370 indebite
1567 2336 1724 2371 molestari
1760 2338 1952 2383 permittant,

1203 2386 1280 2432 quin
1305 2385 1407 2431 potius
1429 2385 1459 2419 in
1480 2385 1630 2421 omnibus
1649 2386 1860 2422 favorabiliter
1878 2387 1953 2434 ipsis

1203 2434 1350 2469 assistant
1372 2434 1498 2469 auxiliis
1525 2434 1724 2482 opportunis.

1253 2484 1320 2529 §4
1307 2482 1417 2518 est-d
1446 2485 1469 2519 si
1500 2484 1576 2519 loite
1612 2484 1714 2532 (quod
1738 2484 1830 2528 absit)
1857 2485 1951 2532 aliqui

1204 2545 1240 2568 ex
1287 2534 1385 2580 ipsis,
1419 2533 1448 2567 in
1486 2546 1595 2569 eorum
1631 2533 1786 2569 obstinata
1824 2534 1952 2581 perfidia

1207 2582 1422 2629 per'dulanlcs,
1457 2592 1487 2618 et
1522 2583 1606 2618 velut
1637 2583 1722 2631 aspis
1758 2584 1851 2619 surda
1880 2596 1954 2619 suas

1204 2644 1295 2667 aures
1311 2632 1488 2667 incredulas
1511 2633 1703 2677 obturantes,
1725 2645 1762 2668 ne
1780 2633 1822 2668 tui
1846 2641 1876 2668 et
1892 2633 1953 2668 illo-

1988 275 2013 294 n.
2030 267 2059 294 C.
2079 267 2145 294 ¹²78

1978 1705 2079 1725 (lumeni
2095 1711 2150 1731 pra-

1966 1736 2014 1756 tatis
2051 1738 2072 1756 et
2103 1735 2151 1756 aliis

1941 1773 1949 1786 ι
1973 1766 2145 1791 commendandi,

1965 1800 1984 1818 ut
1999 1797 2150 1817 humantesime

1965 1830 2090 1849 tractentur,

1981 2499 2079 2520 Converti
2112 2505 2152 2520 no-

1969 2531 2038 2551 lonte·
2083 2530 2151 2557 pupae

1969 2562 2103 2583 uiuunt-ntur.
