2274 3265
216 256 265 283 An.
286 254 315 282 C.
332 256 396 282 ¹511ss

460 246 528 279 480

412 320 472 347 rata
505 311 633 345 etlirma
651 309 947 349 cssedeceruimus,
966 319 994 343 et
1018 310 1160 344 obtinere

412 359 701 395 incommutabilem
727 359 902 394 firmitatem
927 360 1010 393 iuxta
1035 359 1158 393 illorum

410 417 546 444 mentem
575 418 604 444 et
626 410 752 449 seriem,
774 409 813 443 de
842 409 907 455 ipsa
937 417 1040 443 nostra
1077 417 1158 443 certa

409 460 538 493 scientia
563 459 774 494 declaramus:
799 458 939 492 volentes
965 467 994 493 et
1020 458 1059 492 de
1095 459 1158 504 ipsa

408 517 490 543 certa
511 518 614 543 nostra
632 509 759 543 scientia
775 508 981 542 decernentes
998 519 1159 554 expresse,

407 558 492 605 quod
516 558 699 594 huiusmodi
724 566 848 592 nostrae
875 558 1039 591 ratilicatio
1056 584 1065 600 ,
1104 569 1160 602 τῳ-

410 608 552 655 probatio
578 617 607 643 et
634 608 842 651 confirmatio,
879 619 915 641 ac
942 606 1102 640 decretum
1131 614 1160 639 et

408 657 577 693 declaratio
613 658 713 692 eidem
748 657 874 703 reginae
911 656 999 690 matri
1036 664 1160 689 nostrae

410 716 562 754 perpetuo
576 715 606 742 et
621 707 787 741 efficaciter
809 714 839 740 et
862 704 1160 739 incommutabiliter

408 757 471 791 sint
493 757 603 798 reales,
640 757 755 803 illaque
777 755 958 795 efficaciam,
998 755 1135 800 vigorem
1152 781 1159 794 ,

408 806 552 842 effectum
577 806 691 841 realem
717 805 850 840 babeant
875 816 911 838 ac
933 804 1024 838 etiam
1060 804 1158 837 ellica-

408 868 488 900 cem,
510 868 546 890 ac
573 856 598 889 si
627 857 732 890 omnia
762 855 828 901 ipsa
862 854 1059 895 donationes,
1081 865 1161 886 con—-

408 907 567 940 cessiones
588 913 618 939 et
648 905 804 941 dationes,
839 902 1012 949 privilegia,
1040 902 1159 937 indulta

407 963 438 988 et
460 955 567 989 literae
593 962 696 989 essent
730 953 769 987 de
807 952 901 986 verbo
932 951 970 986 ad
1010 951 1159 991 verbum„

406 1016 442 1038 ac
464 1004 643 1052 specialiter
664 1011 694 1037 et
709 1013 856 1049 expresse
870 1009 1014 1035 contenta
1038 1009 1065 1035 et
1103 1001 1162 1034 de—

407 1054 520 1088 clarata
539 1052 755 1099 praesentibus
780 1059 809 1085 et
825 1051 975 1085 seriosius
1001 1059 1160 1093 annotata„

407 1111 438 1137 et
465 1103 501 1137 ad
524 1115 633 1137 eorum
662 1101 829 1149 quodlibet
849 1100 1031 1135 accessisset
1057 1108 1159 1134 nostra

407 1152 604 1187 confirmatio
628 1151 790 1198 specialis,
813 1159 844 1184 et
875 1162 932 1197 pro
967 1150 1074 1184 maiori
1109 1149 1161 1183 es-

408 1202 515 1237 ticacia
541 1210 572 1236 et
598 1201 710 1236 robore
738 1200 985 1247 praemissorum
1015 1200 1161 1234 volumus

407 1261 437 1286 et
475 1251 635 1286 sancimus
671 1262 817 1297 expresse
855 1249 894 1283 de
930 1248 1040 1283 eadem
1077 1257 1158 1283 certa

408 1310 512 1336 nostra
534 1300 676 1343 scientia,
700 1308 734 1334 ut
756 1301 816 1334 iam
832 1298 923 1333 dictis
947 1299 1060 1333 nostris
1084 1310 1160 1333 con-

409 1351 588 1394 firmationi,
623 1349 818 1384 ratificationi
853 1357 883 1383 et
921 1348 1160 1394 approbationi,

408 1413 443 1435 ac
470 1400 672 1435 declarationi
702 1407 732 1433 et
766 1398 893 1433 decreto
921 1397 1006 1432 nulla
1029 1398 1058 1431 in
1083 1409 1160 1432 con-

408 1451 539 1485 trarium
568 1450 645 1484 iuris
661 1448 757 1493 fictio,
781 1447 996 1494 interpretatio
1011 1447 1058 1481 vel
1084 1447 1161 1481 sub-

408 1501 503 1534 tilitas
524 1498 764 1547 quomodolibet
789 1497 984 1535 admittatur,
1008 1508 1063 1543 per
1081 1509 1160 1544 quas

408 1551 485 1595 ipsis
517 1548 756 1591 donationibus,
796 1546 1071 1589 concessionibus,
1110 1546 1158 1580 da-

407 1598 562 1641 tionibus,
584 1597 769 1645 privilegiis‚
793 1596 921 1630 indultis
948 1604 976 1630 et
1000 1595 1110 1635 literis,
1125 1607 1160 1629 ac

409 1647 627 1695 praesentibus
644 1647 758 1681 nostris
780 1645 1023 1688 confirmationi,
1046 1657 1160 1692 appro-

408 1698 523 1732 bationi
559 1709 595 1732 ac
621 1695 824 1731 declarationi
866 1703 896 1729 et
929 1695 1069 1733 decreto,
1103 1706 1157 1728 seu

407 1760 515 1782 eorum
556 1746 668 1790 alicui,
704 1756 908 1794 quocumque
944 1744 1049 1778 colore
1096 1744 1160 1778 sive

410 1805 571 1845 praetextu
613 1796 711 1843 possit
735 1794 975 1843 quomodolibet
1003 1794 1158 1839 derogari,

407 1859 480 1882 cum
494 1847 606 1882 existat
621 1853 744 1880 nostrae
760 1846 868 1879 firmae
882 1843 1085 1879 concedentis
1096 1846 1160 1887 (sic)

409 1897 554 1941 intentio,
581 1909 596 1931 a
629 1896 722 1930 cuius
745 1903 849 1929 mente
878 1906 938 1928 non
964 1894 1044 1928 iuste
1072 1905 1161 1927 rece-

408 1947 505 1990 ditur,
526 1946 610 1994 quod
639 1946 724 1992 ipsae
751 1944 951 1987 donationes,
979 1943 1160 1977 concessio-

409 1996 643 2039 nes,dati0nes‚
658 1994 830 2041 privilegia,
854 1993 972 2028 indulta
989 2001 1020 2027 ct
1042 1992 1160 2035 literae,

409 2056 439 2081 et
467 2054 647 2093 praesentes
676 2052 799 2079 nostrae
825 2042 1038 2085 confirmatio,
1071 2043 1162 2076 ratiti-

408 2096 500 2136 catio,
514 2094 697 2143 approbatio
712 2107 747 2129 ac
769 2093 937 2128 declaratio
951 2100 980 2127 et
999 2092 1160 2126 decretum

411 2146 507 2180 valida
530 2154 658 2192 rataque
686 2151 890 2192 permaneant
917 2151 945 2176 ct
974 2141 1162 2175 successivis

411 2194 608 2243 temporibus
625 2195 846 2228 inconcussam
860 2192 1022 2227 obtineant
1041 2191 1162 2225 roboris

412 2246 603 2285 firmitatem,
631 2244 770 2278 cuiusvis
796 2242 949 2278 obviantis
971 2250 1000 2276 et
1028 2240 1162 2274 turbinis

413 2295 568 2342 repulsiva
615 2294 695 2340 lege,
729 2292 897 2340 capitulis,
936 2291 1161 2326 constitutione

413 2345 668 2391 quibuscumque
690 2343 879 2383 contrariis,
920 2353 1002 2388 quae
1036 2341 1065 2374 iu
1104 2340 1162 2373 boc

413 2407 487 2428 casu
510 2394 548 2428 de
571 2395 637 2441 ipsa
665 2402 772 2428 nostra
806 2392 935 2427 scientia
959 2391 1110 2432 tollimus,
1133 2397 1163 2423 et

416 2445 532 2478 viribus
553 2452 583 2478 et
614 2443 749 2478 efficacia
783 2454 975 2484 vacuamus7
1012 2440 1061 2474 bis
1101 2451 1161 2473 non

414 2493 611 2527 obstantibus
643 2492 840 2540 aliquatenus
873 2492 903 2526 in
926 2491 1106 2532 advorsum,
1131 2497 1162 2522 nt

414 2555 449 2577 cx
486 2544 534 2577 bis
568 2555 639 2589 erga
676 2543 791 2576 dictam
833 2542 992 2575 dominam
1033 2548 1161 2574 matrem

417 2601 551 2626 nostram
577 2593 606 2626 in
639 2592 784 2626 virtuosis
823 2591 1000 2625 actionibus
1040 2597 1163 2624 nostrae

417 2643 603 2676 sinceritatis
637 2643 758 2675 allectio
793 2642 954 2687 signanter
985 2641 1101 2683 vigeatq
1130 2650 1163 2671 ac

987 256 1172 278 numanum
1203 255 1362 277 ΠΜΙᾹΝΓΜ

1204 311 1293 343 lii-mo
1323 309 1537 355 laudabilique
1574 309 1745 355 primordio
1776 310 1955 356 praemissis

1202 359 1351 393 omnibus
1382 358 1573 405 praesidialis
1607 358 1741 392 adiectio
1780 360 1954 394 assistentis

1202 409 1358 442 tii-utitatis
1380 407 1517 442 accedat.
1544 410 1580 442 1⁴21
1602 408 1672 455 quia
1694 409 1775 443 inter
1796 409 1952 455 praedicta

1203 458 1281 491 bona
1306 457 1438 491 l'eudalia
1457 469 1605 492 concessa
1630 458 1805 504 praedictae
1829 460 1954 504 reginae

1201 507 1303 553 aliqua
1327 517 1439 550 castra,
1468 515 1590 547 terrae,
1632 519 1687 542 seu
1726 508 1882 549 civitates,
1916 508 1955 543 de

1203 569 1288 590 mero
1328 565 1434 591 nostro
1476 556 1623 590 demanio
1661 569 1730 592 esse
1767 566 1955 601 censentur,

1201 607 1312 653 sicque
1341 606 1443 645 nobis,
1480 607 1659 653 nostrisque
1697 607 1888 642 haeredibus
1927 617 1953 641 et

1201 655 1441 690 successoribus
1462 668 1658 690 reservamus
1674 656 1852 704 specialiter
1865 666 1895 692 et
1907 669 1956 692 ex-

1204 718 1320 753 presse,
1342 706 1438 753 quod,
1459 706 1530 740 dato
1547 707 1633 753 prius
1655 708 1779 753 reginae
1798 708 1954 754 praefatae

1202 757 1393 803 competenti
1418 764 1447 790 et
1482 757 1691 803 aequivalenti
1721 758 1885 793 excambio
1916 758 1955 792 de

1202 807 1271 841 aliis
1294 806 1397 847 bonis,
1425 819 1504 853 quae
1531 807 1569 841 de
1605 819 1691 842 mero
1718 808 1864 842 demanio
1892 821 1953 843 non

1202 857 1360 896 existunt,
1395 856 1514 891 licitum
1555 857 1594 891 sit
1635 857 1747 902 nobis,
1776 858 1955 905 nostrisque

1203 906 1392 941 haeredibus
1429 914 1459 940 et
1496 907 1734 941 successoribus
1772 907 1851 942 bona
1889 908 1954 954 ipsa

1202 955 1387 990 demanialia
1410 956 1448 990 ad
1473 964 1615 991 nostrum
1639 956 1822 991 demanium
1863 969 1955 992 revo-

1201 1017 1286 1039 care:
1312 1005 1341 1039 in
1365 1006 1458 1040 cuius
1489 1006 1533 1040 rei
1574 1005 1667 1040 fidem
1704 1015 1954 1054 perpetuamque

1203 1055 1400 1092 memoriam,
1438 1064 1469 1089 et
1507 1055 1609 1090 dictae
1644 1057 1769 1101 reginae
1802 1056 1953 1090 cautelam

1204 1116 1352 1150 praesens
1380 1104 1577 1151 privilegium
1602 1105 1714 1139 exinde
1737 1105 1801 1139 fieri
1825 1114 1855 1140 et
1883 1117 1956 1152 pen-

1202 1153 1287 1188 denti
1311 1154 1517 1189 excellentiae
1538 1162 1661 1189 nostrae
1678 1154 1781 1201 sigillo
1804 1154 1955 1189 iussimus

1202 1204 1404 1238 communiri.
1442 1203 1554 1238 Datum
1584 1204 1716 1251 Neapoli
1756 1216 1812 1250 per
1847 1216 1957 1239 manus

1203 1252 1362 1300 Arnulplii
1387 1253 1520 1288 Cumani
1540 1254 1578 1287 de
1606 1254 1736 1300 Neapoli
1762 1254 1838 1288 iuris
1859 1254 1958 1288 civilis

1203 1302 1400 1349 professoris,
1423 1303 1697 1349 viceprotonotarii
1715 1303 1801 1348 regni
1816 1303 1956 1342 Siciliae

1202 1364 1285 1386 anno
1307 1352 1434 1386 Domini
1458 1364 1635 1394 mcccxuv,
1663 1354 1714 1387 die
1741 1366 1776 1386 xr
1813 1353 1955 1392 ianuarii,

1202 1401 1390 1437 duodecima
1420 1402 1603 1443 indictione,
1632 1415 1801 1449 regnorum
1826 1411 1955 1436 nostro—

1203 1464 1272 1486 rum
1296 1463 1380 1486 anno
1402 1463 1422 1485 1.

1251 1522 1335 1557 Nulli
1355 1535 1429 1569 ergo
1442 1523 1571 1557 omnino
1585 1522 1750 1557 bominum
1768 1523 1859 1557 liceat
1876 1523 1956 1557 banc

1204 1573 1347 1619 paginam
1364 1582 1486 1607 nostrae
1501 1572 1753 1607 confirmationis
1772 1572 1956 1618 infringere,

1203 1623 1247 1656 vel
1270 1622 1296 1655 ei
1323 1634 1400 1656 ausu
1435 1624 1601 1657 temerario
1623 1622 1790 1657 contraire.
1819 1621 1853 1656 Si
1884 1623 1957 1669 quis

1202 1680 1307 1706 autem
1337 1672 1395 1707 boc
1417 1681 1570 1707 attentare
1594 1672 1856 1719 praesumpserit,
1880 1672 1958 1706 indi-

1202 1723 1384 1766 gnationem
1413 1722 1642 1769 omnipotentis
1665 1722 1721 1756 Dei
1745 1731 1775 1756 et
1796 1722 1955 1756 beatorum

1203 1771 1286 1806 Petri
1310 1780 1341 1806 et
1363 1771 1452 1806 Pauli
1480 1772 1696 1818 apostolorum
1726 1772 1793 1806 eius
1825 1785 1858 1806 se
1894 1785 1957 1806 no—

1204 1830 1281 1856 verit
1305 1834 1521 1856 incursurum.

1252 1872 1366 1906 Datum
1381 1872 1547 1906 Avenionc
1560 1871 1685 1906 decimo
1702 1884 1786 1905 nono
1809 1871 1957 1906 kalendas

1204 1921 1366 1964 februarii„
1387 1922 1590 1968 pontificatus
1625 1923 1722 1956 nostri
1747 1934 1830 1955 auno
1854 1923 1955 1955 tertio.

1243 1983 1304 2013 liat.
1322 1984 1368 2013 die
1386 1985 1422 2013 lli
1442 1984 1568 2013 ianuarii
1588 1984 1673 2017 1345„
1691 1988 1767 2022 pont.
1784 1993 1860 2012 anno
1877 1993 1917 2013 ιιι.

1549 2095 1616 2129 Vll.

1207 2178 1396 2221 Reformatio
1443 2176 1572 2209 Ordinis
1621 2177 1756 2220 [rutrum
1790 2176 1955 2208 Servorum

1255 2228 1369 2260 Bootae
1402 2227 1526 2259 Mariae
1569 2226 1703 2269 l'i'rqinis
1725 2227 1807 2258 circa
1843 2225 1956 2268 prioris

1252 2278 1404 2320 yenerali's
1426 2284 1452 2309 ct
1479 2277 1612 2309 aliormn
1635 2277 1774 2320 priortun
1793 2281 1818 2307 el
1845 2275 1956 2319 defini-

1254 2336 1505 2360 l‹›r1t¹mmurwra
1543 2334 1568 2359 el
1603 2327 1769 2362 electiones,
1799 2325 1956 2368 capitu-Io·—

1255 2388 1380 2420 rmnque
1422 2377 1610 2420 generalium
1652 2383 1678 2408 et
1719 2375 1956 2419 prorima'aliwn

1253 2427 1492 2460 celebrationem..

1474 2491 1687 2521 statuantur}

1208 2554 1396 2584 l'i‘osrmium.
1418 2573 1456 2577 --
1484 2556 1504 2584 1.
1528 2555 1621 2584 lluius
1651 2555 1765 2584 ordinis
1788 2554 1956 2583 reformatio

1246 2610 1259 2627 a
1281 2599 1437 2630 benedicto
1457 2600 1500 2629 Xll
1525 2600 1640 2629 duobus
1664 2599 1691 2628 S.
1713 2599 1744 2629 ti.
1767 2599 1795 2628 E.
1823 2599 1956 2628 cardina-

1247 2644 1323 2672 titur<
1347 2645 1520 2673 ronimissa:
1540 2662 1577 2666 —
1602 2644 1642 2673 tt»
1662 2645 1696 2673 iis
1716 2644 1856 2672 nonnulla
1887 2652 1957 2672 con-

1972 256 2020 281 An.
2036 254 2062 280 C.
2086 256 2150 283 151ιὸ
