2274 3265
108 279 158 304 An.
176 279 204 305 (3.
225 279 290 305 ¹359
907 277 1101 300 nENttntCTttS
1130 277 1176 299 xit
1202 277 1248 299 ιϊ.
1730 270 1798 301 449
1864 281 1910 305 ΑΗ,
1931 280 1956 305 c.
1981 277 2045 305 1359

121 339 148 359 ⁰0
172 346 212 359 '¹⁰¹¹
235 340 290 359 ⁰¹⁵⁰*
305 336 569 383 bile,iurisdictio
585 335 717 370 alicuius
740 335 891 381 ipsorum,
906 334 951 368 vel
968 345 1053 380 grau·
1098 344 1199 379 neque
1229 346 1284 379 pro
1318 333 1642 370 administrationilms
1681 337 1748 371 suis
1783 337 1848 383 ipsa

107 370 290 420 iiiiiii‘idssiiiii's‘ii]
304 389 351 436 gia
374 400 430 422 seu
458 387 558 427 locus,
594 385 796 428 territorium,
832 384 895 419 sive
923 395 1055 430 magnus
1099 383 1286 429 receperint,
1308 385 1535 431 quoquomodo
1560 394 1772 432 praesumant.
1797 386 1849 420 Si-

0 417 13 466 rb*
107 432 230 458 pusioni-ae.

135 1332 169 1349 til
203 1334 290 1349 cuntra-

105 1364 151 1379 νιιικ
174 1360 289 1386 probiben-

305 439 544 487 possessionum
561 438 606 472 vel
618 445 769 472 terrarum
785 446 947 472 numerus,
964 433 1053 468 vendi

304 490 351 526 vel
367 491 459 526 etiam
484 487 695 535 principaliter
708 494 738 521 et
750 496 896 532 expresse
911 483 1054 530 obligari,

305 543 349 577 vel
367 541 592 577 monasterium
602 551 656 574 seu
668 538 833 586 prioratus,
846 543 899 571 aut
915 534 1053 569 Ecclesia

303 592 466 639 religionis
489 590 643 638 praefatae
666 590 696 623 in
720 587 814 622 alium
831 584 989 621 transferri
1007 596 1057 618 va-

303 643 386 678 leant
409 651 693 690 perquoscumque
715 638 807 672 etiam
831 637 861 671 in
884 648 958 670 casu
982 635 1056 670 alias

303 705 318 727 a
335 693 400 728 iure
418 703 583 731 concessm
598 689 716 736 absque
730 687 853 721 licentia
868 685 961 720 Sedis
975 686 1056 732 Apo-

303 743 429 778 stolicae
447 739 588 789 speciali,
605 751 729 773 omnem
747 737 971 780 venditionem,
998 734 1056 769 ob-

304 793 499 839 ligationem,
531 790 765 825 translationem
802 789 841 823 de
875 788 1056 836 praemissis

303 851 334 877 et
355 850 461 877 contra
487 841 562 875 baec
579 840 690 875 saetam
708 840 825 874 irritam
842 838 1054 878 decernend0;

302 904 338 926 ac
360 891 566 926 nihilominus
592 890 726 937 quilibet
753 888 898 935 capitulis
927 889 1055 935 provin-

302 940 435 975 cialibus
449 939 693 988 praesidentium
710 952 746 974 ac
762 939 969 982 visitatorum,
985 937 1056 972 alic-

303 990 445 1025 nationes
461 989 639 1024 buiusmodi
661 988 785 1023 easdem
803 991 860 1032 (t),
875 1000 910 1022 ac
921 1000 1057 1022 consen-

302 1040 416 1074 tientes
432 1039 550 1074 eisdem
564 1038 638 1073 Sedi
654 1037 900 1085 Apostolicae,si
918 1039 1054 1084 exempti

303 1088 431 1132 fuerint,
445 1088 586 1135 alioquin
611 1087 779 1122 ordinariis
793 1100 848 1122 seu
862 1086 1057 1121 dioecesanis

303 1139 443 1185 ipsorum
464 1138 608 1172 intimare
633 1150 686 1184 per
708 1137 895 1184 scripturam
919 1136 1058 1171 authen-

304 1188 409 1229 ticam,
435 1188 479 1222 vel
518 1187 623 1221 literas
644 1199 755 1221 eorum
780 1186 890 1232 sigillis
907 1186 1056 1228 munitas,

304 1238 495 1285 quamcitius
510 1236 676 1271 commode
701 1244 857 1282 poterunt,
881 1244 1054 1270 teneantur.

352 1286 373 1333 g
395 1289 452 1321 43.
495 1286 600 1320 Multis
639 1285 801 1320 fraudibus
839 1294 931 1332 atque
964 1284 1055 1327 dolis,

304 1348 386 1383 quae
421 1348 477 1383 per
503 1335 674 1369 nonnullos
715 1334 874 1380 religionis
901 1333 1056 1375 eiusdem,

304 1386 333 1420 in
356 1385 508 1420 damnum
532 1393 561 1419 et
586 1383 813 1431 praeiudicium
830 1383 1055 1419 Ecclesiarum.

305 1435 501 1482 prioratuum
531 1442 561 1468 et
595 1433 728 1468 aliorum
759 1433 924 1472 locorum,
965 1441 1057 1480 prout

303 1484 493 1532 experientia
521 1483 640 1523 docuit,
664 1483 920 1522 committuntur,
945 1495 1055 1531 oppor-

302 1535 387 1568 tunis
401 1533 525 1568 obviare
550 1532 709 1577 remediis,
725 1540 877 1580 quantum
895 1545 965 1568 cum
988 1533 1056 1567 Deo

303 1596 486 1630 possumus,
509 1582 678 1617 salubriter
704 1583 880 1629 cupientes,
903 1583 962 1618 hoc
984 1595 1058 1617 con-

302 1632 384 1668 sulto
407 1632 511 1668 edicto
535 1632 754 1680 probibemus,
768 1646 806 1668 ue
825 1632 965 1676 abbates,
983 1645 1057 1680 prae-

303 1683 394 1730 positi
427 1695 463 1718 ac
492 1684 624 1730 priores,
650 1682 695 1717 vel
718 1683 820 1730 quivis
852 1682 1057 1717 administra-

303 1740 386 1768 tores
412 1741 442 1768 et
476 1732 526 1768 alii
555 1733 700 1767 canonici
728 1745 783 1767 seu
812 1733 956 1767 conversi
985 1732 1057 1767 reli-

301 1783 405 1829 gionis
426 1783 582 1826 eiusdem,
606 1791 767 1830 praetextu
793 1783 979 1828 religionum
1012 1783 1056 1817 vel

303 1833 519 1879 negociorum,
553 1845 633 1879 quae
675 1841 807 1880 gerunt,
842 1833 1058 1867 fraudulentos

304 1882 349 1916 vel
377 1881 506 1917 dolosos
532 1890 584 1917 aut
604 1883 767 1917 simulatos
796 1883 840 1916 vel
870 1883 957 1917 fictos
979 1895 1058 1917 cou-

303 1940 422 1966 tractus
444 1932 535 1973 inire,
558 1932 604 1966 vel
627 1940 735 1967 mutua
757 1933 900 1967 simulata
925 1932 970 1966 vel
989 1932 1057 1966 ficta

303 1983 476 2028 suscipere,
500 1982 563 2015 sive
588 1982 713 2028 proprio
752 1982 817 2016 sive
847 1982 1058 2022 fideiussorio,

305 2031 349 2065 rel
373 2032 483 2078 quovis
500 2030 561 2065 alio
579 2032 705 2066 nomine
728 2032 843 2070 alieno.
866 2044 943 2066 neve
963 2032 1056 2066 etiam

303 2080 445 2115 confiteri
470 2080 498 2114 iu
523 2081 741 2116 instrumentis
764 2081 897 2128 publicis
926 2082 971 2115 vel
1000 2094 1059 2115 au-

305 2129 463 2173 thenticis,
478 2130 584 2165 aliisve
599 2131 774 2178 scripturis,
797 2144 829 2166 se
845 2144 860 2166 a
882 2139 979 2178 patre,
998 2130 1059 2165 fra—

306 2188 364 2223 tre,
383 2188 496 2227 nepote
513 2181 559 2214 vel
580 2181 828 2227 consanguineo,
844 2194 897 2216 seu
917 2180 1059 2229 quolibet

305 2229 365 2264 alio
406 2230 589 2270 coniuncto,
630 2230 732 2275 aliiue,
772 2230 927 2274 familiari,
956 2244 1057 2269 serio„

305 2279 406 2313 amico
439 2292 494 2313 seu
532 2288 704 2314 mercatore
747 2281 904 2328 recepisse
948 2290 1058 2315 mutuo

307 2328 351 2363 vel
380 2328 457 2364 alias
487 2331 669 2376 pecuniam,
695 2343 825 2377 pannOS,
850 2330 989 2371 bladum,
1013 2333 1058 2365 ri—

308 2391 405 2419 uum,
433 2391 548 2426 equos,
578 2380 689 2419 boves,
723 2380 788 2415 sire
815 2380 959 2415 animalia
987 2381 1057 2425 alia,

308 2428 353 2462 vel
378 2440 426 2463 res
444 2442 499 2463 seu
521 2429 578 2463 alia
602 2429 695 2470 bona,
719 2443 817 2477 eaque
838 2431 867 2464 in
893 2431 1056 2466 utilitatem

307 2478 448 2512 locorum
476 2479 591 2525 quibus
625 2480 821 2526 praesident,
855 2480 900 2515 vel
923 2481 1057 2516 admini-

307 2529 494 2563 strationum
518 2541 597 2575 quas
623 2538 740 2574 gerunt
771 2530 868 2565 fuisse
896 2543 1057 2573 conversa,

309 2590 409 2625 neque
436 2586 538 2612 tamen
581 2591 636 2626 pro
678 2592 711 2613 se
741 2592 796 2614 seu
834 2580 910 2615 locis
947 2594 1056 2616 eorum

343 2637 381 2671 (l)
394 2636 543 2670 Legendum
555 2637 571 2662 s.
585 2639 755 2663 alienationes
766 2640 914 2665 litiiusmoili'
924 2640 1056 2673 lactentes,

309 2680 339 2697 αι·
356 2674 544 2698 consentientes
563 2675 666 2703 eisdem,
684 2673 745 2699 Serti
760 2677 810 2700 etc.

388 2717 461 2747 Ball.
478 2717 554 2748 Rom.
583 2718 634 2747 l'ol.
654 2719 699 2747 ll'.
904 2722 938 2750 57

1097 432 1211 466 militer
1227 432 1442 479 probibemus,
1459 447 1496 468 ne
1516 435 1631 481 fingant
1654 448 1707 470 seu
1733 445 1847 483 ponant

1097 482 1142 516 vel
1163 483 1300 517 scribant
1324 496 1356 517 se
1380 483 1443 518 sore
1472 485 1662 532 principales
1678 486 1849 530 debitores,

1098 544 1174 566 neve
1198 540 1229 566 ut
1253 533 1330 567 tales
1352 546 1385 567 se
1407 533 1560 579 obligent,
1585 535 1636 569 ubi
1661 548 1765 571 revera
1788 549 1848 571 uon

1098 582 1288 629 principales
1312 582 1366 617 sed
1384 582 1585 619 fideiussores
1600 586 1748 630 existunt,
1773 599 1850 621 neve

1098 633 1126 666 iu
1150 632 1265 666 talibus
1288 634 1516 674 contractibus,
1541 643 1571 668 ut
1601 636 1783 681 praefertur,
1806 637 1850 670 si·

1098 682 1212 717 uiulate
1235 683 1407 730 conceptis,
1427 696 1460 717 se
1473 697 1508 718 ac
1531 684 1609 720 alios
1631 698 1689 719 suo
1711 687 1849 726 nomine,

1098 733 1227 780 locaque
1248 733 1325 779 ipsa,
1349 735 1581 780 possessiones,
1601 735 1752 781 redditus,
1776 749 1850 784 pro-

1099 790 1220 821 ventus,
1242 782 1321 817 bona
1343 791 1370 817 et
1386 784 1453 818 iura
1477 784 1616 819 locorum
1640 785 1781 833 obligent
1804 787 1849 821 rel

1097 831 1296 872 submittant,
1326 845 1428 880 neque
1452 834 1481 868 in
1506 834 1646 869 fraudem
1670 848 1724 870 seu
1741 835 1850 872 dolose

1098 881 1316 922 confiteantur,
1331 883 1376 917 vel
1392 884 1467 918 alios
1484 885 1666 931 praesertim
1692 885 1850 921 debitores

1097 943 1208 966 eorum
1233 931 1501 968 faciantconliteri
1515 947 1571 968 seu
1594 935 1685 969 etiam
1706 935 1849 982 obligari,

1098 980 1144 1014 vel
1168 993 1263 1028 super
1293 982 1329 1016 iis
1353 982 1559 1017 iustrumenta
1584 984 1630 1018 vel
1653 984 1850 1020 authenticas

1098 1042 1153 1064 seu
1181 1031 1256 1066 alias
1288 1032 1460 1079 scripturas
1497 1033 1526 1067 in
1562 1033 1703 1068 fraudem
1737 1035 1849 1069 confici

1097 1080 1299 1120 continentia,
1323 1082 1407 1129 quod
1438 1083 1515 1126 iura,
1544 1082 1700 1128 redditus,
1726 1097 1850 1131 posses-

1098 1129 1215 1174 siones,
1233 1131 1390 1170 animalia,
1407 1130 1508 1171 blada,
1531 1134 1697 1179 pecuniam
1721 1147 1776 1168 seu
1793 1135 1849 1168 alia

1099 1179 1178 1212 bona
1203 1179 1238 1212 ad
1263 1180 1360 1225 ipsos,
1376 1181 1421 1214 vel
1439 1184 1629 1217 monasteria
1653 1195 1708 1217 seu
1731 1184 1850 1230 quaeris

1098 1228 1155 1261 alia
1181 1228 1260 1263 bona
1278 1229 1378 1275 ipsius
1406 1230 1566 1277 religionis
1589 1233 1777 1279 pertinentia
1794 1245 1850 1268 seu

1098 1276 1213 1317 debita,
1228 1277 1364 1323 suerunt,
1380 1288 1452 1313 suut
1468 1281 1513 1314 vel
1530 1293 1599 1315 esse
1613 1281 1729 1316 debent
1745 1284 1852 1330 patris,

1100 1327 1209 1361 matris
1228 1339 1283 1361 seu
1309 1327 1411 1362 fratris
1427 1341 1550 1374 eorum,
1573 1331 1619 1364 vel
1639 1331 1769 1366 aliarum
1786 1344 1853 1378 per-

1098 1388 1245 1410 sonarum
1273 1377 1515 1423 praedictarum,
1542 1387 1571 1413 et
1607 1380 1643 1414 ad
1673 1381 1756 1428 ipsas
1778 1394 1852 1428 per-

1098 1438 1193 1459 sonas
1230 1427 1387 1472 pertinere
1416 1428 1462 1462 vel
1499 1428 1602 1463 debita
1625 1429 1672 1464 eis
1699 1430 1776 1473 fore,
1804 1431 1851 1465 vel

1098 1474 1176 1509 alios
1193 1487 1416 1524 quoscumque
1438 1486 1620 1513 contractus
1635 1479 1755 1515 similes
1775 1480 1854 1515 frau-

1098 1524 1246 1560 dulenter
1266 1534 1295 1560 et
1317 1526 1426 1561 dolose
1453 1528 1565 1563 confici
1584 1528 1697 1564 faciant
1712 1530 1758 1565 vel
1787 1530 1852 1565 fieri

1099 1583 1285 1621 procurent,
1306 1588 1360 1623 per
1374 1589 1460 1624 quos⁷
1470 1577 1648 1623 Ecclesiae,
1666 1581 1853 1615 monasteria

1098 1632 1128 1658 et
1151 1625 1206 1659 alia
1237 1626 1302 1659 loca
1326 1625 1487 1673 religionis
1510 1628 1621 1675 ipsius,
1638 1629 1753 1676 quibus
1773 1642 1854 1677 prae-

1098 1682 1183 1714 suut,
1217 1687 1252 1709 ac
1281 1675 1346 1709 iura
1364 1704 1372 1717 ,
1400 1676 1540 1711 redditus
1571 1687 1601 1712 et
1636 1680 1854 1725 possessiones

1099 1736 1152 1758 seu
1178 1724 1236 1759 alia
1254 1723 1320 1759 loca
1337 1726 1478 1773 ipsorum
1496 1727 1705 1774 damnificari,
1721 1730 1853 1775 gravari,

1099 1774 1229 1820 obligari
1260 1775 1306 1808 vel
1337 1775 1414 1810 alias
1443 1777 1588 1824 impediri
1623 1790 1678 1812 seu
1711 1779 1853 1827 deperire

1101 1824 1220 1858 valeant
1243 1825 1356 1871 quovis
1383 1825 1487 1860 modo.
1513 1827 1576 1862 Nos
1603 1836 1708 1862 autem
1744 1842 1854 1865 omnes

1101 1875 1370 1920 praenominatoS,
1395 1876 1424 1908 in
1448 1888 1540 1922 grave
1566 1885 1595 1911 et
1623 1890 1752 1913 enorme
1774 1892 1854 1927 praa-

1101 1923 1253 1958 iudicium
1276 1924 1586 1962 administrationum
1624 1939 1752 1963 suarum
1782 1929 1853 1964 talia

1099 1974 1344 2012 comminentes.
1373 1975 1419 2008 vel
1449 1975 1515 2010 fieri
1544 1976 1705 2022 facientes,
1733 1986 1786 2013 aut
1808 1980 1853 2013 eis

1100 2024 1345 2067 consentientes,
1369 2034 1490 2071 praeter
1511 2026 1586 2060 alias
1625 2039 1743 2073 poenas
1777 2029 1853 2063 iuris

1101 2073 1172 2115 (nisi
1202 2073 1278 2107 infra
1307 2073 1441 2108 duorum
1476 2077 1631 2110 mensium
1672 2078 1807 2124 spatium
1836 2091 1851 2113 a

1101 2130 1242 2169 tempore
1263 2131 1445 2158 contractus
1467 2137 1521 2159 seu
1551 2126 1711 2161 commissi
1739 2127 1854 2162 liuius-

1101 2172 1183 2206 modi
1212 2173 1472 2217 numerandum),
1486 2187 1532 2219 ea,
1556 2184 1710 2222 quantum
1725 2177 1770 2211 eis
1784 2190 1854 2224 pos-

1099 2221 1189 2256 sibile
1216 2222 1319 2262 fuerit,
1347 2223 1412 2257 tolli
1436 2224 1587 2269 fecerint,
1621 2233 1650 2260 et
1682 2225 1852 2271 EcclesiaS,

1101 2273 1286 2306 monasteria
1297 2300 1306 2315 ,
1329 2274 1505 2318 prioratus,
1520 2274 1807 2311 administrationes
1822 2285 1853 2311 et

1101 2321 1166 2356 loca
1191 2322 1347 2368 praedicta
1374 2323 1568 2358 reddiderint
1589 2337 1643 2359 seu
1661 2325 1746 2360 reddi
1762 2326 1853 2361 sece-

1101 2372 1160 2405 rint
1188 2372 1359 2414 indemnia,
1393 2385 1447 2407 seu
1484 2386 1498 2407 a
1529 2374 1642 2409 talibus
1677 2375 1852 2422 dispendiis

1101 2421 1274 2465 liberarint,
1310 2424 1649 2459 excommunicationis
1676 2427 1851 2461 sententiae

1099 2483 1136 2505 eo
1160 2471 1228 2518 ipso
1262 2471 1464 2507 decernimus
1501 2473 1672 2509 subiacere.
1702 2475 1797 2517 Quod
1825 2478 1849 2510 si

1101 2521 1177 2555 forte
1206 2522 1374 2569 praemissa
1397 2523 1602 2558 effectualiter
1629 2537 1690 2559 non
1715 2527 1850 2572 poterint

1101 2583 1257 2615 revocare,
1267 2579 1431 2607 teneantur
1445 2573 1520 2607 infra
1531 2573 1608 2609 alios
1618 2574 1700 2610 duos
1712 2588 1849 2620 menses,

1101 2620 1169 2655 illos
1190 2621 1270 2655 duos
1298 2622 1476 2657 immediate
1503 2633 1686 2670 sequentes,
1713 2638 1748 2660 ea
1782 2627 1849 2661 suis

1099 2671 1313 2717 superioribus
1336 2672 1487 2707 revelare:
1508 2674 1592 2720 quod
1621 2675 1645 2708 si
1675 2688 1736 2710 non
1766 2676 1848 2715 fece«
