2274 3265
141 270 188 294 An.
207 267 235 293 C.
258 268 323 294 ¹356

141 818 256 841 gisteriuni,

940 266 1138 289 REM-:nimus
1161 266 1207 288 ΧΙΙ
1234 266 1278 287 ΙῬ.

340 322 550 356 iuramentum
575 322 603 355 iu
630 322 802 368 praesentia
828 321 940 368 prioris
962 321 1088 356 studen-

338 371 416 405 tium
439 379 467 405 et
487 371 654 405 duodecim
686 371 855 418 proborum
879 378 908 405 et
927 370 1090 405 disereto—

339 433 406 454 rum
441 421 673 467 praefatorum,
711 420 794 467 quod
832 419 1011 454 huiusmodi
1040 420 1087 453 sui

340 469 594 504 bat-calaureatus
622 478 783 516 praetextu
800 497 808 512 ⁷
833 470 898 516 ipsa
934 469 1001 512 die,
1029 480 1087 514 qua

340 520 485 566 incipiet,
502 519 634 553 velante
657 532 712 553 seu
738 526 818 565 post,
836 518 955 552 nullum
975 518 1087 552 festum

339 581 392 603 seu
419 569 598 604 convivium
627 568 742 602 sacient
770 580 824 615 per
850 579 883 602 se
912 568 957 602 vel
980 567 1089 604 alium

339 631 393 652 seu
410 618 486 653 alias
501 618 565 652 lieri
592 618 772 672 permittent
793 629 808 651 a
818 616 1089 671 quibus‹urnque

339 668 408 702 ι1ιι5
447 679 556 701 eorum
596 666 843 713 consanguineis
878 667 923 700 vel
963 666 1086 700 amicis.

140 754 171 772 w
198 716 516 771 GJ'KJJ··**5tatutn1us
552 715 646 750 etiam
694 724 722 750 et
756 715 965 759 ordinamus,
1005 715 1089 762 quod

141 784 263 803 laureatum.

280 789 309 801 ιιι,
339 777 534 812 quicumque
557 765 658 811 ipsius
681 765 803 799 ordinis
825 777 879 799 seu
908 765 1090 810 religionis,

282 819 314 835 ΕΙ(

339 815 392 861 (μιι
418 828 446 848 ιιι
471 814 555 849 dicto
582 814 752 849 Parisiensi
776 814 852 849 vel
846 827 875 848 ιιι
903 814 1009 869 aliquo
1031 814 1091 848 alio

339 863 478 910 ‹enerali
514 862 628 898 Studio
666 876 721 909 per
754 876 807 898 sex
842 875 941 898 annos
969 864 998 897 ιιι
1027 863 1090 897 sola

339 925 424 947 sacra
436 912 589 958 theologia
601 912 806 951 studuerint
801 913 912 947 maliis
926 912 1092 959 primitivis

339 962 480 996 scientiis
514 961 705 995 sufficienter
734 962 888 1001 instructi,
918 970 947 995 et
969 962 1005 995 ad
1035 962 1092 996 hoc

339 1011 532 1046 sufficientes
563 1018 591 1044 et
616 1010 719 1045 idonei
749 1011 864 1045 fuerint
881 1039 888 1051 ‚
913 1011 1034 1058 possint
1062 1011 1090 1045 in

341 1061 408 1106 ipso
431 1059 598 1094 Parisiensi
630 1059 744 1094 Studio
778 1073 891 1095 cursus
923 1068 1094 1094 consuetos

342 1109 462 1144 Bibliae
497 1108 608 1144 facere.
632 1109 693 1150 Qui
725 1121 799 1144 vero
822 1122 876 1156 per
895 1118 965 1144 oeto
993 1121 1093 1144 annos

343 1159 372 1192 in
396 1158 461 1193 sola
476 1157 632 1204 theologia
648 1157 838 1199 studuerint,
856 1166 887 1192 ut
909 1157 1092 1205 praefertur,

341 1208 453 1242 librum
478 1207 713 1242 Sententiarum
734 1207 837 1253 legere
862 1207 981 1241 valeant
998 1207 1026 1241 in
1041 1207 1095 1242 l'a-

341 1256 466 1291 risiensi
488 1256 602 1291 Studio
631 1256 811 1302 praelibato,
835 1264 864 1290 et
879 1257 963 1302 quod
991 1257 1020 1290 in
1045 1268 1095 1290 eo-

340 1305 411 1340 dem
436 1305 604 1339 Parisiensi
627 1313 657 1339 et
676 1317 878 1352 quocumque
895 1305 954 1340 alio
967 1304 1093 1345 Studio,

342 1356 371 1388 in
399 1367 463 1401 qno
486 1354 524 1389 ad
550 1354 764 1400 magisterium
790 1355 820 1388 in
849 1354 1005 1401 theologia
1030 1355 1093 1401 ipsa

341 1404 464 1438 licentia
495 1403 560 1437 dari
584 1404 797 1447 consueverit,
821 1416 892 1438 cum
922 1404 1007 1450 digni
1045 1416 1095 1438 re-

341 1453 419 1500 perti
446 1451 484 1487 ad
519 1452 577 1486 hoe
600 1453 783 1496 extiterint,
811 1453 848 1486 ad
877 1453 1093 1498 magisterium

340 1510 370 1536 et
387 1502 584 1536 doctoratum
609 1502 638 1535 in
655 1501 735 1536 dicta
752 1502 924 1548 theologia,
941 1511 970 1536 et
985 1502 1096 1537 nibilo-

341 1552 446 1586 minus
471 1551 508 1585 ad
526 1550 811 1587 baccalaureatum.
828 1551 1004 1595 licentiam,
1029 1564 1095 1586 ma-

340 1600 502 1655 gisterium
530 1612 585 1635 seu
620 1600 819 1635 doctoratum
869 1611 898 1635 et
943 1602 1094 1635 lecturam

342 1650 418 1684 iuris
445 1649 588 1684 canonici
617 1650 681 1685 sive
697 1650 934 1685 Dorum—emtum
929 1664 957 1684 in
982 1650 1094 1685 eodem

342 1699 512 1733 Parisiensi
527 1707 556 1733 et
571 1699 711 1745 quolibet
734 1700 796 1734 alio
808 1699 956 1744 Studio,
951 1713 979 1733 ιιι
997 1712 1095 1747 eappa

341 1760 416 1783 suae
440 1748 582 1795 religioni
606 1758 807 1796 congruenti
835 1749 1010 1783 dummodo
1034 1750 1097 1783 suf-

343 1798 484 1832 ficientes
497 1775 541 1832 t>et
565 1776 686 1832 idoneiD
689 1798 823 1839 fuerin13
848 1811 882 1833 ac
907 1799 960 1839 illi
984 1799 1037 1845 qui
1057 1798 1095 1833 ad

343 1847 613 1882 baccalaureatum
633 1856 661 1882 et
679 1848 716 1882 ad
733 1827 901 1894 legendum
917 1848 1097 1883 Decretales

344 1897 383 1931 ibi
405 1898 521 1932 assumi
541 1899 705 1942 voluerint,
730 1907 759 1932 et
780 1899 808 1932 in
834 1899 902 1945 ipso
926 1898 1095 1932 Parisiensi

345 1948 390 1982 vel
420 1948 530 1995 quovis
548 1948 608 1982 alio
630 1948 767 1994 generali
791 1948 904 1982 Studio
919 1948 1097 1982 audiverint

346 1999 413 2032 iura
435 1998 586 2032 canonica
616 2010 671 2044 per
701 2010 755 2032 sex
785 2009 896 2036 annos,
920 1998 958 2031 de
981 1997 1098 2044 quibus

347 2059 402 2095 per
424 2055 486 2081 tres
521 2060 619 2081 annos
642 2047 679 2082 ad
705 2048 810 2081 minus
837 2047 1011 2081 audiverint
1033 2047 1098 2080 De-

346 2106 481 2136 cretnm;
507 2109 627 2131 necnon
656 2097 710 2137 illi,
733 2097 785 2145 qui
809 2096 845 2130 ad
881 2097 1096 2142 magisterium

348 2148 376 2180 in
405 2146 547 2181 Decretis·
574 2147 618 2180 vel
647 2146 684 2181 ad
715 2147 864 2181 lecturam
892 2145 1096 2181 Decretorum

347 2197 465 2235 assumi
500 2196 652 2230 voluerint
687 2196 715 2230 in
754 2195 892 2242 praefato
929 2195 1097 2230 Parisiensi

347 2245 477 2288 Studio,
500 2253 529 2278 et
553 2244 594 2279 ibi
621 2245 664 2279 vel
691 2246 719 2278 in
743 2245 804 2279 alio
826 2246 962 2290 generali
987 2246 1099 2279 Studio

347 2295 523 2329 audiverint
547 2295 610 2328 iura
635 2295 799 2337 canonica,
827 2302 878 2328 aut
903 2294 1098 2329 baccalaurei

350 2344 481 2390 legerint
516 2356 570 2390 per
602 2345 742 2390 quinque
770 2356 881 2383 annos,
912 2353 940 2377 et
973 2344 1011 2378 de
1041 2344 1099 2379 hoc

350 2394 452 2440 primo
470 2393 562 2427 tidem
587 2393 716 2427 fecerint
733 2406 786 2440 per
805 2405 912 2427 eorum
939 2394 1099 2440 proprium

349 2451 378 2477 et
405 2443 537 2477 aliorum
561 2442 695 2477 duorum
730 2445 953 2486 iuramentum,
982 2443 1101 2490 absque

350 2493 498 2527 dilatione
521 2500 550 2526 et
572 2492 754 2526 difficultate
778 2493 930 2526 malitiosa
955 2501 985 2526 et
1008 2493 1100 2540 impe

350 2542 490 2576 ‹timento
518 2541 784 2588 quibuscumque,
813 2541 906 2575 libere
934 2542 1101 2576 admittun—

1763 254 1834 285 565*

1129 321 1384 367 quibuscumque
1406 321 1529 354 statutis
1550 329 1581 354 et
1598 320 1884 354 consuetudinibus

1131 370 1392 404 monasteriorum
1417 377 1447 403 et
1473 369 1605 403 aliorum
1634 369 1775 404 locorum
1799 369 1884 404 eius-

1130 419 1202 453 dem
1225 418 1345 453 ordinis
1372 430 1426 452 seu
1457 418 1618 464 religionis
1646 418 1833 453 parisiensis
1854 427 1882 453 et

1130 468 1261 502 aliorum
1292 467 1477 502 Studiorum
1506 479 1784 514 quorumcumque
1806 480 1884 502 con-

1133 518 1248 561 trariis,
1273 516 1470 560 iuramentis,
1489 517 1785 551 confirmationibus
1806 530 1884 564 apo-

1131 567 1252 602 stolicis
1273 575 1303 601 et
1331 565 1494 613 quibusvis
1522 565 1724 600 firmitatibus
1746 566 1813 600 aliis
1831 579 1884 601 ro-

1133 617 1260 671 limatis,
1280 616 1392 650 etaliis
1416 616 1599 662 praesertim
1617 615 1752 655 statutis5
1767 615 1884 662 quibus

1133 666 1162 700 in
1178 665 1288 700 eodem
1307 664 1475 700 Pirisiensi
1499 664 1614 698 Studio
1633 665 1734 698 caveri
1757 665 1883 708 ‹licitui

1132 715 1215 770 quod
1233 714 1339 748 nullus
1363 713 1460 761 possit
1476 713 1579 759 legere
1603 725 1733 748 cursum
1750 713 1884 751 Bibliae

1133 765 1190 799 nisi
1224 764 1316 798 etiam
1356 762 1431 797 inibi
1470 763 1627 797 studuerit
1654 762 1763 797 decem
1783 763 1884 803 annis3

1134 826 1191 848 nec
1226 813 1422 860 permittatur
1456 811 1637 846 Sententias
1664 812 1784 858 legere,
1825 813 1884 847 nisi

1133 863 1224 897 etiam
1280 861 1355 896 inibi
1405 861 1562 896 studuerit
1606 861 1714 895 decem
1763 862 1854 896 annis
1878 874 1885 901 ς

1133 912 1283 959 qnodque
1319 910 1424 945 nullus
1462 922 1614 945 monacus
1646 910 1692 945 vet
1721 910 1887 957 religiosus

1134 961 1215 996 alius
1239 961 1319 1007 legat
1349 960 1465 994 ibidem
1491 960 1558 994 iura
1581 960 1743 1000 canonica,
1775 961 1822 994 vel
1849 960 1886 995 ad

1135 1010 1392 1045 baccalaureatus
1419 1016 1533 1044 statum
1558 1018 1610 1043 aut
1633 1009 1804 1054 magisterii
1830 1009 1889 1044 ho-

1136 1072 1242 1094 norem
1273 1060 1303 1093 in
1333 1059 1399 1092 iure
1434 1058 1587 1092 canonico
1612 1058 1813 1105 permittatur
1835 1071 1889 1093 as-

1135 1110 1231 1149 sumi,
1259 1120 1315 1142 seu
1338 1107 1422 1154 qnod
1448 1107 1554 1142 nullus
1575 1108 1643 1142 sine
1672 1107 1767 1142 rubea
1789 1119 1887 1155 cappa

1137 1158 1304 1192 Decretum
1340 1157 1421 1202 legat
1461 1168 1516 1191 seu
1551 1157 1655 1203 legere
1694 1157 1891 1203 permittatur

1137 1207 1272 1246 ibidem·,
1299 1214 1352 1239 aut
1373 1206 1457 1252 quod
1475 1205 1583 1239 nullus
1600 1205 1640 1240 ibi
1665 1205 1770 1252 legere
1793 1206 1890 1241 valeat

1137 1257 1201 1290 iura
1216 1254 1367 1289 canonica
1383 1254 1428 1288 vel
1439 1254 1477 1289 ad
1491 1254 1761 1289 bacealanreatum
1772 1256 1889 1290 assumi

1135 1318 1190 1339 seu
1220 1313 1253 1339 ut
1280 1303 1538 1338 baccalaureatns
1566 1303 1670 1350 legere
1695 1303 1890 1348 Decretales,

1135 1354 1238 1389 autad
1263 1353 1480 1399 magisterium
1495 1353 1667 1387 ascendere
1691 1352 1720 1386 in
1737 1352 1890 1393 Decretis,

1136 1405 1200 1438 sive
1227 1403 1337 1437 doctor
1365 1402 1430 1436 lieri
1458 1402 1683 1443 Decretorum,
1708 1409 1761 1436 aut
1787 1403 1824 1437 ad
1848 1403 1893 1438 le—

1136 1461 1257 1487 cturam
1282 1452 1487 1486 Decretorum
1513 1451 1542 1485 in
1578 1451 1722 1486 Decretis
1748 1452 1891 1492 assumi,

1136 1515 1192 1536 seu
1216 1503 1314 1549 ipsam
1330 1501 1527 1544 continuare,
1544 1500 1602 1534 nisi
1620 1500 1737 1535 ibidem
1762 1501 1807 1536 vel
1830 1501 1892 1536 alio

1137 1552 1252 1586 Studio
1291 1550 1428 1597 generali
1463 1550 1619 1584 audiverit
1647 1550 1713 1585 iura
1741 1552 1891 1586 canonica

1139 1614 1193 1648 per
1215 1601 1357 1648 quinque
1380 1608 1410 1634 et
1431 1600 1503 1634 alibi
1535 1600 1600 1634 iura
1624 1600 1725 1634 civilia
1750 1612 1805 1647 per
1831 1609 1893 1635 tres

1137 1663 1259 1690 annos3
1282 1650 1356 1683 alibi
1381 1649 1447 1684 iura
1475 1648 1575 1683 civilia
1600 1660 1657 1696 per
1677 1649 1821 1696 quinque
1846 1651 1892 1684 vel

1139 1700 1167 1733 in
1192 1700 1252 1733 alio
1271 1698 1409 1745 generali
1439 1697 1552 1733 Studio
1577 1699 1643 1732 iura
1667 1700 1816 1733 canoniea
1839 1711 1894 1745 per

1139 1757 1201 1783 tres
1224 1761 1340 1788 annos·7
1363 1756 1392 1782 et
1420 1756 1513 1794 prout
1535 1748 1579 1782 sic
1609 1747 1655 1781 vel
1670 1748 1759 1783 aliter
1778 1748 1809 1782 in
1829 1757 1894 1783 sta-

1139 1799 1214 1832 tutis
1237 1799 1334 1845 ipsius
1355 1797 1461 1832 Studii
1477 1797 1663 1831 Parisicnsis
1685 1797 1802 1832 dicitur
1816 1809 1895 1832 con—

1139 1848 1229 1882 tineri
1246 1876 1254 1892 ‚
1279 1848 1324 1882 vel
1349 1847 1386 1881 de
1421 1846 1655 1881 consuetudine
1682 1847 1840 1882 observari
1865 1856 1895 1882 et

1139 1897 1206 1931 aliis
1243 1897 1533 1932 consuetudinibus
1567 1898 1612 1931 vel
1648 1898 1774 1931 statutis
1801 1897 1894 1931 eius—

1139 1947 1209 1981 dem
1230 1947 1417 1982 Parisiensis
1439 1946 1542 1981 Studii
1566 1946 1823 1994 quibuscumque
1840 1959 1894 1982 seu

1139 2009 1340 2044 quacumque
1363 1996 1460 2031 forma
1490 1996 1535 2030 vel
1555 1996 1758 2043 expressione
1783 1997 1895 2031 verbo-

1140 2059 1209 2081 rum
1245 2047 1273 2081 in
1311 2046 1502 2080 eontrarium
1537 2045 1627 2079 editis
1662 2045 1708 2080 vel
1739 2046 1894 2085 edendis:

1141 2109 1264 2130 necnon
1294 2095 1487 2143 quibuslibet
1521 2095 1691 2143 privilegiis
1718 2095 1764 2129 vel
1789 2095 1896 2129 indul-

1140 2146 1254 2191 gentiis
1293 2145 1495 2191 generalibus
1530 2153 1581 2178 aut
1621 2144 1813 2191 specialibus
1865 2153 1895 2179 et

1141 2195 1241 2229 literis
1260 2195 1452 2241 apostolicis,
1466 2194 1630 2229 contrariis
1646 2193 1825 2238 ordinibus,
1841 2193 1894 2227 Ec-

1140 2245 1256 2287 elesiis,
1281 2244 1489 2283 monasteriis,
1514 2243 1590 2277 locis
1614 2255 1650 2277 ac
1679 2242 1801 2277 Studiis
1828 2244 1897 2290 qui-

1141 2294 1337 2340 buscumque
1361 2294 1425 2327 sive
1446 2292 1709 2327 Universitatibus
1732 2292 1897 2339 magistro-

1143 2356 1210 2377 rum
1236 2344 1280 2377 vel
1305 2343 1495 2377 scholarium
1523 2342 1727 2381 eorumdem
1749 2354 1806 2376 seu
1831 2354 1895 2388 per·

1141 2394 1227 2426 sonis
1249 2391 1482 2431 ecclesiasticis,
1506 2391 1727 2425 saecularibus
1748 2400 1778 2425 et
1806 2403 1897 2437 regu-

1143 2442 1272 2481 latibus,
1295 2442 1450 2488 exemptis
1468 2449 1497 2475 et
1517 2453 1580 2474 non
1603 2441 1772 2487 exemptis,
1787 2441 1897 2475 cuius-

1143 2504 1279 2539 cumque
1307 2491 1370 2525 sint
1397 2490 1675 2537 {ii-,aeeminentiae
1710 2489 1897 2544 dignitatis,

1143 2541 1336 2575 conditionis
1374 2549 1423 2574 aut
1447 2548 1557 2583 status,
1580 2538 1638 2573 sub
1660 2539 1769 2585 quavis
1797 2538 1896 2573 forma

351 2600 412 2632 tur,
435 2592 515 2625 sicut
537 2592 650 2625 caeteri
667 2591 769 2625 elerici
793 2590 970 2625 saeculares
987 2591 1100 2625 ibidem
1145 2591 1189 2624 vel
1223 2590 1425 2636 expressione
1449 2589 1617 2623 verborum
1645 2588 1818 2632 concessis,
1843 2600 1898 2635 per

350 2649 582 2676 consueverunt
625 2640 757 2674 admitti.

798 2640 866 2674 Non
904 2640 1102 2675 obstantibus
1122 2660 1126 2696 l
1144 2652 1223 2686 quae
1248 2639 1466 2686 praesentibus
1490 2651 1551 2672 non
1575 2650 1724 2685 expressa
1744 2637 1790 2672 vel
1815 2645 1897 2672 tota-

1900 264 1948 290 Αιι.
1964 264 1992 288 (Y-
2014 264 2080 289 ¹55ss
