2274 3265
244 284 249 289 .
269 264 295 288 t‘..
317 263 380 289 157⁹]

446 252 514 285 552
984 260 1168 282 neminum
1198 258 1359 281 nonnum

397 319 440 353 vel
461 317 602 357 manicis,
618 329 710 350 unam
727 316 865 350 videlicet
885 317 922 351 de
940 329 1046 350 mense
1063 316 1141 362 apri-

396 368 443 406 tis,
465 367 593 401 alteram
617 365 777 399 demenst¹
801 366 938 400 octobris
961 378 1015 412 per
1033 373 1140 399 recto-

396 429 459 450 rem
472 415 663 461 consignari,
676 415 798 462 proviso
817 415 900 461 quod
919 415 1033 461 singuli
1054 415 1142 447 scho-

397 466 475 500 lares
497 465 626 500 omnino
655 477 790 511 pannum
817 465 846 498 in
877 473 960 499 veste
987 464 1141 511 superiori

395 516 537 550 eiusdem
565 514 680 549 coloris
707 514 859 549 deserant.
886 514 919 548 Si
947 515 1017 561 quis
1038 522 1141 547 autem

396 573 676 612 praesumptuosus
703 565 742 598 ita
764 573 857 604 esset,
891 564 974 611 quod
1004 575 1141 610 pannum

395 615 500 649 statuti
529 615 558 648 in
588 623 670 649 veste.
692 614 845 661 superiori
869 613 996 648 alterius
1018 613 1142 651 coloris,

396 677 489 711 quam
512 664 562 698 alii
585 664 705 698 deferre
729 672 870 703 tentaret,
894 664 962 710 ipso
984 662 1065 697 sacto
1080 671 1143 698 toto

396 727 478 749 anno
503 713 690 761 expellatur.
713 713 774 748 Pro
797 713 927 760 reliquis
950 725 1022 747 vero
1044 713 1144 746 vesti-

397 764 512 799 mentis
534 764 719 798 necessariis
743 764 888 798 volumus
903 762 1030 798 cuilibet
1045 763 1144 796 scho-

398 814 509 849 larium
546 826 597 859 per
643 822 793 847 rectorem
836 814 880 847 vel
916 812 1143 847 thesaurarium

399 863 475 898 tradi
504 862 698 909 temporibus
725 862 873 907 congruis
894 870 925 897 et
947 861 1144 907 consignari

399 912 596 947 medietatem
612 911 729 946 scilicet
749 912 777 945 in
795 911 872 945 festo
886 911 995 945 Sancti
1007 911 1146 945 Michae—

399 962 435 996 lis
449 970 478 996 et
499 961 627 995 alteram
651 960 848 995 medietatem
865 961 893 994 in
910 960 987 995 festo
1006 959 1145 994 Paschae

397 1020 468 1046 octo
495 1010 626 1045 ducatos
648 1022 770 1048 aureos,
793 1018 822 1044 et
840 1022 894 1056 pro
918 1009 1058 1044 candelis
1085 1017 1146 1044 stu-

398 1060 439 1094 dii
473 1059 553 1094 duos
586 1059 726 1093 ducatos.
763 1059 805 1094 Ita
842 1067 945 1093 tamen
985 1058 1069 1106 quod
1108 1058 1146 1092 de

398 1109 546 1143 omnibus
564 1117 676 1152 rector,
690 1109 742 1156 qui
760 1121 815 1156 pio
835 1117 976 1155 tempore
996 1108 1100 1149 fuerit
1118 1109 1145 1142 in

399 1159 541 1193 vestiario
563 1167 592 1193 et
608 1159 750 1206 portione
764 1159 945 1205 quotidiana
969 1167 998 1193 et
1011 1158 1148 1193 candelis

398 1208 511 1243 habeat
532 1208 676 1255 duplum.
701 1208 775 1242 ltem
796 1208 928 1254 quilibet
950 1208 1148 1243 consiliarius

400 1257 478 1292 ultra
514 1258 707 1292 ordinarium
742 1257 854 1292 habeat
892 1270 974 1292 anuo
1009 1257 1148 1305 quolibet

399 1315 533 1354 quatuor
554 1308 696 1351 ducatos,
720 1307 933 1341 thesaurarius
956 1320 1028 1342 vero
1050 1308 1150 1341 duca-

401 1367 448 1391 tos
469 1370 523 1391 sex
546 1369 601 1404 pro
623 1369 730 1390 eorum
755 1356 860 1391 labore
877 1364 907 1390 et
929 1357 1148 1391 distractione:

400 1415 571 1441 statuentes
583 1414 612 1441 et
627 1405 833 1446 declarantes
852 1405 937 1453 quod
948 1406 1099 1440 scholaris
1113 1406 1148 1440 ad

401 1457 530 1501 gratiam
554 1456 677 1501 collegii
697 1464 851 1503 receptus,
879 1457 903 1490 si
933 1455 1009 1490 infra
1037 1456 1149 1490 festum

402 1505 489 1540 Beati
508 1505 631 1540 Ioannis
644 1505 803 1552 Baptistae
822 1506 952 1544 venerit,
974 1506 1149 1540 vestiarium

401 1563 431 1589 et
449 1567 593 1602 cappam,
614 1567 694 1602 quae
715 1555 784 1589 aliis
802 1554 915 1589 dantur
938 1568 993 1601 pro
1013 1563 1151 1602 tempore

401 1605 538 1649 aestatis,
551 1604 673 1646 habeat,
687 1605 761 1639 alias
778 1605 801 1639 si
819 1613 885 1651 post
901 1604 1096 1651 praedictum
1114 1604 1153 1638 fe-

402 1663 483 1688 stum
508 1655 637 1694 venerit,
654 1655 828 1701 portionem
850 1654 982 1688 vestiarii
997 1653 1152 1701 hyemalis

401 1712 554 1751 expectet.
581 1703 656 1738 Item
673 1704 841 1738 statuimus
863 1703 901 1738 de
918 1703 982 1747 illo,
1001 1704 1054 1751 qui
1075 1704 1152 1738 insra

402 1755 514 1789 festum
538 1754 735 1801 Epiphaniae
761 1755 891 1793 venerit,
917 1762 948 1787 ut
973 1755 1150 1800 portionem

403 1817 489 1839 suam
520 1804 691 1851 hyemalem
722 1804 874 1842 lucretur,
900 1803 976 1837 alias
1009 1812 1153 1849 expectet

405 1863 599 1901 sequentem.
628 1853 705 1888 Item
732 1865 900 1901 expensam
931 1865 986 1900 pro
1013 1853 1154 1888 collectis

402 1903 565 1939 doctorum
581 1916 615 1938 ac
631 1903 823 1937 bedelloruin
842 1902 1069 1950 persolvendis,
1086 1915 1151 1937 nec<

404 1965 465 1987 non
489 1966 543 2000 pro
564 1954 695 1987 torticiis
717 1956 760 1997 (1)
783 1953 943 1987 consuetis
967 1953 995 1986 in
1017 1952 1154 1999 praefato

404 2003 538 2048 generali
553 2002 664 2037 Studio
678 2003 771 2037 certis
792 2002 1012 2038 festivitatibus
1028 2002 1154 2045 deferri,

406 2052 550 2087 volumus
563 2052 759 2087 scholaribus
773 2053 837 2086 suis
851 2052 1048 2098 temporibus
1064 2052 1153 2086 tradi.

405 2101 466 2143 Qui
503 2114 575 2136 vero
603 2102 744 2137 fraudem
774 2102 967 2136 commiserit
991 2101 1153 2136 collectam

407 2164 469 2185 non
489 2152 651 2195 solvendo,
675 2152 718 2186 rel
738 2151 927 2185 oblationem
950 2164 1004 2186 seu
1028 2164 1153 2185 cereum

408 2213 469 2235 non
499 2202 662 2249 portando,
690 2202 772 2249 quod
797 2201 963 2248 receperit,
991 2202 1155 2235 restituere

407 2252 622 2298 compellatur,
645 2259 674 2285 et
703 2251 911 2285 nihilominus
933 2251 1067 2297 graviter
1090 2263 1155 2297 pu—

409 2300 527 2335 niatur:
568 2301 762 2335 declarantes
788 2301 871 2348 qnod
897 2301 1003 2347 viginti
1040 2300 1156 2334 solidos

408 2348 606 2385 Universitati
631 2351 853 2397 persolvendos
868 2363 921 2397 per
939 2350 1110 2397 quemlibet
1126 2351 1155 2383 in

408 2398 518 2434 Studio
551 2401 824 2456 supervenientem
859 2401 896 2434 de
926 2413 1022 2455 novo,
1060 2399 1157 2433 solvat

409 2449 542 2495 quilibet
568 2449 607 2484 de
626 2451 764 2506 proptio.
792 2450 883 2492 Quod
908 2450 932 2483 si
957 2450 1157 2486 recusarffeiit

411 2498 508 2533 solvat
532 2512 586 2547 pro
609 2513 645 2534 eo
668 2500 872 2535 incontinenti
902 2509 1001 2534 rector
1023 2499 1158 2545 collegii,

446 2574 485 2609 (¹)
497 2576 611 2600 Bedellus
615 2575 774 2610 ,apparitor‚
795 2575 854 2609 gall.
868 2577 974 2606 bedeau,
997 2574 1036 2600 tiis,
1029 2582 1065 2609 p.
1088 2582 1160 2599 men-

411 2617 504 2640 micro.
518 2616 675 2646 Torlici'nm,
690 2615 743 2647 fax,
757 2615 844 2646 taeda,
855 2623 974 2646 cereum,
986 2614 1046 2649 gall.
1061 2616 1159 2643 lorche,

413 2654 466 2680 ital.
486 2657 578 2681 torcia.

1180 322 1210 348 et
1232 314 1333 347 νιιΙιιιι
1370 312 1439 345 deu
1441 312 1509 345 aalitt
1533 320 1563 345 et
1586 320 1752 358 ricuperet
1774 311 1812 346 tle
1830 313 1929 360 prima

1181 363 1338 397 solutione
1368 361 1502 394 vtfflstimii
1532 361 1591 395 sni

1230 412 1249 457 g
1283 414 1339 444 Mi.
1370 410 1532 444 Praeterea
1561 409 1688 444 cuilibet
1724 410 1857 444 scholari
1893 411 1931 446 de

1183 474 1262 495 noso
1298 468 1424 506 r·.¹e(‹pto
1451 471 1574 493 camera
1605 459 1708 493 lulcita
1736 459 1773 493 ad
1805 460 1931 495 modum

1183 510 1404 544 scholasticum
1429 508 1468 542 de
1491 509 1591 542 tribus
1607 510 1742 548 scauuis,
1761 522 1823 543 uno
1846 509 1934 544 disco

1184 573 1254 594 cnm
1278 567 1342 594 rota
1363 567 1497 605 quatuor
1520 559 1670 592 librorum
1687 567 1716 593 et
1739 558 1843 593 lettica
1862 572 1933 594 cum

1184 609 1324 648 culcitra,
1360 607 1513 654 pulvinari
1537 616 1566 642 et
1592 607 1691 643 lodice
1719 610 1936 655 consignetur,

1184 667 1213 692 et
1237 659 1291 692 ista
1320 664 1474 704 perpetuo
1503 658 1650 704 expensis
1677 659 1800 703 collegii
1826 671 1937 693 manu-

1185 716 1361 742 teneantnr.
1391 705 1436 740 De
1458 706 1528 741 aliis
1558 716 1660 742 autem
1681 708 1740 742 sibi
1766 720 1821 754 pro
1849 708 1937 743 libito

1186 757 1359 812 provideat:
1386 756 1510 802 proviso
1539 756 1621 803 quod
1650 769 1771 791 camera
1797 758 1937 797 rectoris

1185 807 1238 853 qui
1265 818 1319 852 pro
1349 814 1489 851 tempore
1511 805 1617 850 fuerit,
1652 815 1804 853 perpetuo
1834 808 1937 854 depu-

1187 855 1277 889 tanda
1300 867 1453 910 expenSis
1470 854 1592 901 collegii
1611 856 1759 890 decenter
1776 856 1814 890 de
1835 857 1939 891 omni-

1187 905 1245 939 bus
1285 904 1473 939 necessariis
1499 913 1529 939 et
1556 906 1743 951 opportunis
1777 905 1937 941 fulciatur.

1186 961 1371 993 statuentes,
1405 954 1489 1000 quod
1526 954 1656 1001 quilibet
1689 955 1727 989 de
1763 955 1856 991 rebus
1879 955 1939 989 sibi

1187 1004 1378 1049 consignatis
1401 1003 1545 1038 cedulam
1575 1005 1697 1051 propria
1734 1017 1825 1039 manu
1861 1006 1940 1040 scri-

1189 1062 1270 1099 ptam
1296 1053 1407 1087 r·ectoii
1439 1053 1553 1088 tradat:
1578 1066 1657 1100 quae
1691 1054 1794 1088 omnia
1825 1055 1854 1088 in
1882 1068 1941 1089 suo

1189 1115 1314 1137 recessu
1339 1103 1433 1137 etiam
1458 1115 1514 1150 per
1531 1103 1777 1137 subtractionem
1798 1106 1942 1151 proprio-

1190 1165 1256 1186 ιιιιιι
1287 1152 1454 1196 bonor,um
1479 1153 1503 1187 si
1533 1165 1661 1187 necesse
1689 1154 1793 1194 suerit,
1822 1153 1942 1200 integre

1190 1202 1356 1237 restituere
1383 1180 1601 1257 conipellatui.

1238 1252 1257 1295 g
1281 1253 1337 1285 56.
1363 1251 1401 1285 Et
1420 1264 1458 1286 ne
1482 1252 1563 1287 inter
1585 1252 1745 1287 scholares
1768 1264 1823 1299 pro
1838 1265 1942 1287 came-

1192 1302 1231 1335 iis
1246 1301 1364 1336 oriatur
1380 1301 1548 1345 discordia,
1567 1302 1735 1336 statuimus
1752 1311 1783 1335 ut
1801 1303 1943 1347 graduati

1192 1352 1291 1398 primo
1315 1350 1425 1385 ordine
1439 1364 1509 1391 suo,
1532 1329 1662 1385 demum
1692 1352 1886 1398 antiquiores
1914 1353 1943 1386 in

1192 1401 1369 1447 receptione
1402 1402 1531 1446 gratiae,
1560 1401 1642 1435 nulla
1672 1401 1728 1434 alia
1758 1403 1945 1447 exceptione

1193 1463 1398 1496 personarum
1436 1450 1551 1493 hahita,
1586 1451 1740 1496 gradatim
1779 1451 1855 1485 infra
1884 1459 1946 1486 tres

1192 1499 1259 1533 (lies
1283 1500 1444 1534 meliorem
1470 1512 1626 1534 cameram
1653 1508 1812 1535 vacantem
1837 1509 1944 1547 optare

1194 1550 1326 1589 valeant,
1352 1558 1383 1583 nt
1406 1550 1534 1583 demum
1556 1550 1666 1584 ultimo
1682 1559 1807 1596 recepto
1828 1551 1872 1584 vel
1897 1563 1946 1584 re-

1191 1599 1338 1645 cipiendo
1367 1599 1471 1633 relicta
1495 1600 1710 1644 consignetur.

1241 1648 1261 1695 S
1289 1651 1344 1682 57.
1374 1648 1506 1696 Insuper
1538 1649 1667 1694 dignum
1702 1648 1890 1683 arbitrantes
1916 1657 1947 1683 et

1195 1698 1280 1745 pium
1309 1699 1440 1733 infirmis
1467 1698 1583 1732 debere
1607 1699 1782 1733 necessaria
1805 1699 1944 1732 admini-

1193 1748 1295 1792 strari,
1330 1756 1361 1782 ut
1395 1748 1423 1782 in
1453 1748 1589 1782 debitam
1627 1749 1791 1783 sanitatem
1827 1749 1946 1783 valeant

1195 1799 1379 1837 restaurari,
1403 1798 1571 1832 statuimus
1594 1807 1622 1832 et
1640 1799 1733 1833 etiam
1751 1797 1947 1841 ordinamus,

1193 1847 1277 1894 quod
1302 1856 1404 1881 rector
1419 1856 1448 1881 et
1466 1848 1636 1893 collegium
1660 1848 1698 1882 de
1719 1847 1801 1882 bono
1825 1848 1948 1882 medico

1194 1906 1322 1943 experto
1349 1906 1379 1930 et.
1401 1897 1574 1944 approbato
1602 1897 1771 1944 diligenter
1792 1897 1851 1931 sibi
1876 1910 1949 1944 pro-

1195 1947 1320 1980 videant
1338 1949 1484 1993 expensis
1506 1947 1641 1993 collegii,
1661 1948 1713 1994 qui
1737 1948 1860 1994 quoties
1881 1947 1949 1982 fue-

1195 1996 1232 2030 rit
1255 1997 1438 2043 expediens,
1463 1997 1586 2031 visitare
1607 1997 1717 2031 habeat
1734 2009 1804 2031 cum
1826 2008 1950 2031 summa

1194 2045 1354 2091 diligentia
1371 2046 1530 2081 scholares
1549 2047 1701 2093 singulos,
1726 2047 1891 2094 praecipue
1907 2047 1953 2081 in-

1197 2095 1342 2130 firmitate
1365 2104 1520 2141 gravatos,
1543 2109 1577 2130 ac
1601 2098 1693 2132 etiam
1722 2096 1900 2131 sacerdotes
1921 2106 1951 2131 et

1195 2144 1364 2180 familiares
1385 2146 1459 2180 dicti
1483 2146 1622 2191 collegii:
1648 2147 1879 2193 praecipientes
1903 2146 1950 2180 (li-

1195 2196 1302 2229 stricte
1341 2196 1466 2235 rectori,
1501 2197 1583 2242 quod
1618 2196 1772 2243 quidquid
1810 2196 1951 2242 legitime

1197 2245 1340 2279 medicus
1369 2258 1423 2292 pro
1449 2246 1581 2280 scholari
1599 2247 1723 2280 inlirmo
1750 2246 1871 2280 duxerit
1892 2258 1951 2280 or-

1196 2295 1385 2339 dinandum,
1418 2295 1566 2342 expensis
1593 2296 1714 2342 collegii
1743 2303 1849 2330 exacta
1877 2295 1951 2330 (lili-

1197 2346 1299 2389 gentia
1325 2346 1428 2379 iubeat
1452 2346 1640 2380 ministrari:
1666 2346 1791 2393 proviso
1813 2357 1950 2392 semper,

1197 2394 1282 2440 qnod
1306 2396 1451 2440 exigente
1475 2396 1670 2435 necessitato„
1689 2395 1860 2443 spiritualis
1882 2407 1951 2429 ser-

1200 2445 1276 2477 vitor
1305 2445 1405 2478 bonus
1431 2454 1459 2478 et
1488 2445 1624 2492 diligens
1651 2446 1800 2492 expensis
1828 2445 1949 2491 collegii

1198 2505 1233 2527 ac
1256 2495 1349 2528 etiam
1373 2495 1490 2541 optima
1514 2508 1634 2529 camera
1660 2495 1783 2529 inlirmo
1811 2495 1951 2541 depute—

1200 2551 1261 2587 tur,
1286 2545 1344 2584 vel,
1367 2545 1391 2578 si
1410 2545 1564 2589 maluerit,
1589 2545 1618 2579 in
1636 2544 1704 2579 loco
1720 2545 1756 2579 ad
1773 2545 1832 2579 hoc
1849 2545 1952 2592 depu-

1200 2593 1306 2631 tando,
1329 2607 1408 2640 quac
1433 2594 1601 2628 infirmaria
1623 2603 1834 2641 nuncupetur,
1855 2607 1949 2642 quam

1201 2656 1236 2676 ex
1263 2656 1346 2678 nunc
1375 2643 1561 2678 mandamns
1590 2644 1618 2677 in
1649 2644 1717 2691 ipso
1745 2644 1878 2691 collegio
1902 2644 1951 2679 in-

1947 256 1985 281 Αιι
2019 255 2047 280 C.
2064 255 2129 281 ¹572

1960 417 1987 438 De
2013 417 2071 437 ruhi:
2068 417 2130 442 utts

1947 454 2061 474 eorumque
2095 454 2132 468 or-

1948 480 2060 500 namentis

1958 1262 1986 1283 De
2003 1262 2093 1282 cubiculi
2108 1267 2144 1288 op-

1959 1295 2024 1314 tione.

1974 1659 2002 1679 De
2019 1661 2108 1684 medico,
2126 1662 2147 1680 et

1961 1691 2057 1716 diligenti
2087 1692 2147 1711 intir-

1961 1728 2040 1742 morum
2084 1728 2148 1742 eura-

1962 1754 2028 1773 tione.
