2274 3265
86 278 134 306 Αη.
152 279 170 305 C
196 279 256 304 1291

96 1647 180 1668 Ordinis
190 1646 268 1673 suppli-

84 1680 139 1698 citio
154 1684 191 1704 pro
210 1678 267 1698 obti—

85 1710 153 1729 nendo
164 1709 266 1730 eiusmodi

84 1741 171 1762 indulto.

891 269 1046 293 wicolAt'S
1075 269 1106 291 lY
1135 269 1182 291 ΙῬ.

278 333 379 367 vimus
400 330 561 378 expedire,
585 341 704 364 necnon
726 325 928 374 dispensandi
951 336 1021 358 cum

277 381 410 421 clericis,
433 381 485 427 qui
510 392 581 415 cum
604 391 619 413 a
655 389 775 413 canone
809 374 854 410 vel
893 373 1023 409 homine

276 432 369 466 latam
393 431 581 465 sententiam
607 427 813 462 incurrissent
848 423 1025 470 irregulari-

277 481 348 516 tatis
372 488 489 521 notam,
513 476 720 513 immiscendo
746 487 780 510 se
801 473 916 508 (livinis
955 471 1023 507 offi-

277 531 345 573 ciis,
377 535 613 568 contraxerunt,
653 539 707 573 per
743 524 798 558 bas
820 531 944 558 nostras
980 522 1023 556 li—

278 589 359 615 teras
387 579 510 626 plenam
533 586 563 612 et
585 576 713 611 liberam
737 573 944 609 concedimus
978 571 1024 606 fa-

277 629 437 666 cultatem.

328 679 395 713 Dat.
419 676 500 725 apud
516 675 632 711 Urbem
656 673 799 709 Veterem
820 672 921 707 kalen.
939 683 1024 717 aug„

278 737 363 776 pont.
394 727 490 762 nostri
517 737 600 761 anno
621 737 665 759 iv,

337 785 396 815 Dat.
413 784 459 814 die
476 784 488 813 1
508 783 624 822 augusti
646 781 728 817 1291,
744 785 822 821 pont.
838 790 913 810 anno
930 789 964 809 iv.

617 897 685 932 Xll.

280 965 372 1006 Quod
392 964 594 998 exhibeantur
620 963 726 995 ordini
745 962 880 1006 fratrum
905 961 940 994 Β.
958 961 1029 993 Μα-

325 1016 391 1048 riae
412 1015 448 1047 de
475 1013 610 1046 Mercede
633 1012 858 1056 Redemptionis
883 1010 1028 1055 Captivo-

325 1075 394 1097 rum
420 1064 524 1097 omnia
551 1063 662 1107 leqata,
691 1073 768 1106 quae
786 1073 843 1106 pru
865 1061 895 1093 d.
912 1061 1027 1093 redem-

322 1114 427 1158 ptione
452 1125 514 1146 non
542 1120 642 1146 tamen
663 1113 749 1144 certis
773 1111 908 1155 personis
934 1111 1028 1142 relin-

326 1169 463 1208 quuntur
490 1164 547 1205 (l).

549 1229 760 1262 SUMMARIUM

278 1291 395 1322 Ordinis
418 1290 594 1330 supplicatio
622 1299 673 1329 pro
696 1288 855 1318 obtinendo
884 1288 1029 1318 eiusmodi

318 1331 442 1361 indulto.
457 1348 495 1353 —
514 1331 537 1360 1.
556 1329 703 1360 ludultum
722 1330 767 1366 (cle
785 1339 833 1367 quo
849 1330 878 1358 in
897 1328 1028 1360 rubrica).

318 1389 356 1394 —
370 1371 397 1400 ⁶2.
416 1371 567 1410 Derogatio
587 1371 809 1399 contrariorum.

277 1439 400 1467 nicolaus
419 1438 561 1474 opiscopus
580 1443 675 1466 servus
695 1442 835 1465 servorum
847 1435 902 1468 Dei.
917 1441 1031 1463 venera-

324 1484 371 1512 bili
387 1483 475 1512 fratri
492 1483 614 1519 episcopo
637 1482 899 1517 caesaraugustan..
914 1480 1031 1508 salutem

323 1531 351 1558 et
371 1528 550 1565 apostolicam
566 1527 788 1556 benedictionem.

329 1593 376 1628 Ex
400 1600 484 1639 parte
506 1592 692 1626 dilectorum
719 1591 852 1625 tiliorum
877 1590 1030 1636 magistri,

282 1643 402 1688 prioris,
429 1650 459 1676 et
483 1642 611 1676 fratrum
635 1641 667 1675 S.
684 1641 798 1675 Mariae
824 1639 1032 1687 Redemptio-

281 1692 331 1727 nis
370 1691 592 1738 Captivorum,
630 1691 861 1727 Barchinonen.
911 1690 1032 1725 ordinis

281 1742 314 1778 S.
342 1743 535 1789 Augustini,
564 1743 622 1777 l'uit
644 1742 736 1776 nobis
764 1740 926 1775 humiliter
953 1754 1031 1787 sup-

281 1794 446 1841 plicatum,
481 1802 515 1828 ut
537 1805 610 1827 cum
639 1793 696 1837 ipsi
720 1804 776 1826 sua
799 1794 918 1835 omnia,
952 1803 1032 1838 qnae

280 1843 416 1887 habent,
439 1852 592 1890 reponant
613 1843 736 1878 solicito
768 1840 874 1876 studio
898 1853 954 1888 pro
981 1853 1032 1874 re-

281 1894 464 1941 demptione
486 1893 698 1939 captivorum,
723 1892 776 1939 qui
797 1890 1032 1925 detinenturab

281 1944 418 1980 inimicis
441 1944 578 1978 nominis
605 1942 784 1985 christiani,
808 1940 948 1975 exbiberi
974 1941 1032 1980 eis,

282 2006 362 2042 quae
399 2006 455 2040 pro
483 1993 701 2039 redemptione
739 1992 933 2039 captivorum
970 1990 1032 2024 bu-

282 2044 419 2079 iusmodi
453 2045 496 2087 (2)
524 2041 782 2077 christifidelibus
799 2041 1032 2087 relinquuntur,

283 2106 340 2141 per
366 2093 541 2128 districtum
566 2092 701 2140 aliquem
731 2091 963 2125 mandaremus.

333 2144 353 2191 g
382 2145 412 2177 1.
439 2142 505 2177 Nos
540 2142 643 2189 itaque
671 2142 803 2187 dignum
833 2148 1033 2186 reputantes,

100 2197 203 2219 ¹⁰d⁰¹¹¹¹f¹¹
235 2198 271 2222 (Ἰο
285 2201 318 2228 ut
345 2194 449 2228 relicta
476 2192 659 2227 huiusmodi
692 2191 900 2226 exhibeantur
935 2189 1034 2235 magi-

87 2230 158 2256 quoin
169 2229 268 2255 rubrica).

284 2252 361 2282 stro,
393 2243 488 2290 priori
512 2250 542 2276 et
569 2241 716 2276 fratribus
738 2239 939 2288 supradictis,
972 2238 1034 2273 fra-

285 2293 421 2328 ternitati
443 2300 514 2326 tuae
539 2304 592 2337 per
619 2291 788 2338 apostoliea
809 2291 925 2337 scripta
943 2302 1033 2323 nian-

320 2359 359 2394 (1)
376 2358 502 2393 Regulam
518 2358 579 2384 huic
595 2357 680 2384 ordini
697 2357 769 2383 dedit
796 2357 962 2383 Innocentius
988 2355 1034 2387 ΙΙΙ,

284 2400 393 2427 constit.
411 2406 481 2429 xvu,
499 2401 563 2425 tom.
581 2406 622 2426 ιιι,
640 2405 698 2431 pag.
720 2397 778 2427 135:
796 2400 822 2423 et
837 2397 942 2423 constit.
956 2403 1034 2427 mx,

284 2439 348 2467 ibid.
372 2447 431 2474 pag.
458 2438 520 2468 25&
547 2437 669 2463 nonnulla
690 2437 712 2463 ei
738 2437 867 2463 concessit
887 2435 1033 2471 privilegia.

284 2479 403 2513 Eiusque
428 2476 562 2508 fratribus,
590 2476 697 2503 vivendi
722 2477 771 2503 sub
789 2476 875 2511 regula
895 2476 922 2502 S.
942 2476 1034 2510 Angu-

286 2519 346 2546 stini
363 2518 512 2545 facultatem
529 2517 602 2544 dedit
618 2516 759 2551 Gregorius
776 2516 824 2546 tx,
844 2516 950 2542 constit.
969 2523 1034 2546 xcii,

286 2559 363 2591 ibid.‚
384 2567 440 2594 pag.
463 2556 525 2585 [185.
543 2557 657 2584 Tandem
676 2556 791 2591 regulam
817 2556 959 2590 explicavit
974 2555 1035 2581 Cle-

287 2607 361 2626 mens
377 2599 422 2631 lv,
439 2600 545 2626 constit.
563 2606 632 2628 xxv,
657 2597 720 2623 ibid.
748 2604 807 2631 pag.
828 2596 889 2622 786.
929 2596 967 2631 (2)
987 2597 1036 2622 Le-

287 2639 400 2675 gendum
420 2639 506 2666 forsan
526 2638 569 2665 hic
584 2638 645 2664 etin
666 2638 743 2663 tertio
761 2643 840 2663 versu
856 2644 912 2671 seq.
934 2636 1036 2663 colum-

287 2687 336 2707 nae
352 2688 367 2705 a
384 2679 610 2713 christifidelibus,

1699 253 1706 284 Ι
1724 251 1762 282 tf,

1066 331 1189 370 damus,
1213 337 1367 377 quatenus
1390 329 1570 375 pecuniam,
1600 336 1711 369 terras,
1740 337 1814 372 pos-

1065 381 1223 415 sessiones
1257 388 1287 413 et
1314 379 1371 413 alia
1395 379 1487 420 bona,
1521 389 1602 426 quae
1629 375 1815 423 generaliter

1065 429 1180 465 Christi
1205 428 1349 463 fidelibus
1372 429 1594 475 relinquuntur
1618 439 1673 472 pro
1696 425 1816 460 redem-

1066 480 1170 526 ptione
1198 478 1379 513 huiusmodi
1408 476 1565 516 facienda,
1594 476 1653 510 illis
1687 475 1812 509 dumta-

1065 538 1116 564 xat
1132 527 1283 575 exceptis,
1306 539 1385 574 quae
1407 526 1501 561 certis
1524 534 1552 560 et
1570 526 1729 572 expressis
1745 537 1815 571 per-

1065 579 1152 613 sonis
1184 578 1213 612 in
1249 577 1428 624 captivitate
1456 575 1611 615 detentis,
1641 574 1744 609 relicta
1769 574 1814 607 vel

1066 628 1195 663 dimissa
1219 639 1288 662 esse
1316 633 1502 669 noscuntur,
1532 624 1692 670 magistro,
1722 623 1813 669 priori

1066 686 1096 713 et
1124 676 1272 712 fratribus
1316 675 1500 723 praedictis,
1541 686 1595 720 per
1627 680 1655 707 te
1691 672 1737 706 vel
1762 685 1816 718 per

1066 728 1173 767 alium,
1199 734 1251 761 aut
1273 725 1352 760 alios
1375 725 1468 760 facias
1495 723 1647 762 exbiberi,
1671 722 1813 756 detento-

1068 790 1116 813 res
1139 776 1362 824 pecuniarum,
1398 783 1575 817 terrarum,
1609 780 1638 807 et
1661 772 1815 806 bonorum

1069 827 1319 875 praedictorum,
1345 825 1381 859 ad
1410 822 1624 860 exhibendum
1648 822 1817 867 magistro,

1069 877 1162 925 priori
1196 884 1227 910 et
1265 875 1410 910 fratribus
1446 872 1611 922 praefatiS,
1647 870 1818 906 monitione

1070 926 1251 974 praemissa,
1288 937 1344 973 per
1377 935 1543 960 censuram
1575 921 1815 957 ecclesiasticam

1068 977 1277 1025 appellatione
1305 974 1475 1023 postposita
1511 970 1742 1019 compellendo.

1117 1027 1138 1074 g
1163 1028 1197 1060 2.
1222 1024 1292 1060 Non
1306 1025 1449 1059 obstante
1470 1022 1496 1058 si
1523 1021 1682 1069 aliquibus
1704 1019 1817 1056 aSede

1070 1076 1249 1123 Apostolica
1278 1074 1370 1109 suerit
1397 1072 1572 1112 indultum,
1607 1070 1691 1118 quod
1720 1070 1818 1105 iuter-

1070 1126 1145 1166 dici,
1179 1124 1349 1171 suspendi,
1378 1123 1425 1158 vel
1447 1119 1716 1157 excommunicari
1755 1132 1816 1154 non

1072 1175 1194 1222 possint
1222 1186 1275 1220 per
1307 1173 1412 1208 literas
1438 1171 1643 1218 apostolicas,
1677 1181 1759 1217 quae
1780 1169 1819 1204 de

1072 1224 1196 1259 indulto
1223 1222 1405 1258 huiusmodi
1433 1221 1557 1269 plenam
1586 1228 1617 1255 et
1642 1231 1820 1266 expressam

1072 1286 1133 1309 non
1169 1273 1296 1308 fecerint
1336 1272 1549 1313 mentionem,
1585 1270 1650 1304 sive
1683 1267 1821 1315 qnalibet

1071 1324 1129 1358 alia
1157 1321 1349 1368 indulgentia
1383 1321 1483 1355 dietae
1510 1319 1618 1358 Sedis,
1646 1319 1823 1353 cuiuscum-

1071 1385 1132 1420 que
1160 1372 1277 1406 tenoris
1308 1371 1437 1409 existat,
1472 1382 1528 1417 per
1561 1381 1654 1416 quem
1690 1366 1822 1402 effectus

1072 1422 1285 1471 praesentium
1314 1420 1459 1467 impediri
1488 1419 1585 1453 valeat
1607 1417 1654 1453 vel
1685 1416 1822 1458 differri,

1071 1481 1102 1508 et
1124 1473 1162 1507 de
1189 1485 1250 1519 qua
1277 1471 1412 1518 eiusque
1441 1477 1505 1504 toto
1533 1477 1640 1503 tenore
1668 1467 1706 1502 de
1730 1465 1823 1501 verbo

1071 1523 1109 1558 ad
1138 1522 1268 1557 verbum
1296 1520 1438 1555 habenda
1461 1519 1500 1554 sit
1528 1519 1559 1553 in
1587 1517 1703 1553 nostris
1725 1516 1823 1552 literis

1073 1572 1190 1608 mentio
1223 1570 1380 1619 specialis.

1122 1622 1189 1657 Dat.
1207 1620 1290 1669 apud
1305 1620 1422 1656 Urbem
1445 1618 1604 1658 Veterem,
1627 1616 1721 1652 nonis
1738 1628 1823 1663 aug,

1073 1680 1160 1721 pont.
1191 1680 1289 1707 nostri
1317 1682 1399 1705 anuo
1421 1682 1465 1704 ιν.

1107 1731 1168 1760 Dat.
1189 1730 1235 1759 die
1258 1729 1276 1758 5
1294 1728 1411 1767 augusti
1435 1727 1520 1762 1191,
1540 1725 1644 1765 pontif
1663 1734 1739 1755 anno
1755 1732 1791 1754 iv.

1275 1850 1558 1901 COELESTINUS
1597 1849 1625 1897 V

1340 1940 1435 1970 PAPA
1457 1938 1547 1970 CXCll

1098 2007 1192 2040 Anno
1218 2016 1307 2039 aerae
1337 2004 1451 2037 Christi
1477 2014 1583 2036 comm.
1609 2000 1807 2035 MCCXCIV

1078 2070 1294 2148 Coelestinus
1325 2111 1481 2154 Quintus,
1516 2118 1606 2144 antea
1641 2109 1755 2143 Petrus
1788 2108 1824 2141 dc

1075 2164 1246 2200 Mnrrlione
1269 2162 1455 2201 monachus,
1478 2159 1562 2194 filius
1584 2159 1754 2204 Angelerii,
1778 2171 1825 2205 pa-

1077 2215 1133 2249 tria
1160 2212 1363 2254 iserniensis,
1390 2211 1511 2245 electus
1526 2218 1572 2243 est
1597 2210 1625 2242 in
1647 2208 1824 2242 Romanum

1078 2263 1262 2299 Pontificem
1287 2261 1407 2296 Perusii
1431 2260 1481 2294 die
1497 2262 1518 2294 5
1535 2259 1602 2292 iulii
1626 2259 1825 2297 anno1i'94,

1076 2321 1278 2349 consecratus
1305 2320 1351 2345 est
1384 2310 1518 2356 Aquilae
1545 2309 1595 2342 die
1623 2311 1668 2342 ⁶29
1700 2316 1823 2352 augusti

1076 2376 1159 2399 anno
1196 2361 1318 2397 eodem.
1356 2360 1445 2395 Sedit
1482 2359 1511 2392 in
1546 2357 1727 2404 pontificatu
1762 2369 1826 2391 an-

1078 2426 1151 2448 num
1175 2425 1198 2451 1,
1222 2423 1321 2446 mens.
1345 2422 1377 2454 v,
1403 2408 1470 2443 dies
1492 2419 1563 2441 vni.
1587 2407 1646 2442 Die
1668 2406 1824 2453 siquidem

1080 2466 1123 2497 15
1151 2460 1328 2496 decembris
1361 2460 1434 2494 anni
1467 2459 1573 2494 1294,
1609 2455 1714 2490 habito
1745 2455 1825 2490 Nea-

1079 2512 1139 2560 poli
1164 2510 1368 2546 cardinalium
1392 2519 1563 2549 consensu,
1586 2518 1620 2540 se
1645 2504 1823 2552 pontificatu

1078 2561 1245 2596 abdicavit:
1272 2558 1464 2605 tandemque
1492 2557 1521 2590 in
1545 2568 1651 2591 eremo
1672 2554 1825 2590 Fumonis

1080 2612 1128 2657 pie
1150 2611 1227 2645 obiit
1249 2609 1299 2643 die
1330 2610 1372 2642 19
1407 2606 1479 2642 maii
1516 2607 1620 2640 1296.
1648 2604 1723 2639 Post
1757 2605 1824 2639 eius

1078 2660 1307 2695 abdicationem
1331 2657 1449 2692 vacavit
1476 2656 1568 2690 sedes
1589 2655 1656 2690 dies
1678 2666 1725 2689 xi.

1829 259 1867 286 Αιι
1896 258 1922 283 C.
1946 258 2009 285 1292
