2274 3265
113 273 160 297 An.
179 270 207 296 C.
228 269 288 295 t59t

125 822 192 843 Fortis
213 828 233 842 in
256 823 294 842 a—rl

111 859 191 877 versis,
215 857 234 874 et
257 860 294 879 pa-

111 888 171 905 tiens.

110 1173 203 1195 institiae
213 1180 271 1193 ..man

116 1323 190 1344 Rerum
200 1329 292 1343 inanium

109 1358 248 1381 contemptrix

148 1519 242 1539 Prudens

122 1969 280 1990 Revelationum

111 2002 182 2022 scribit
233 2001 293 2022 volu-

110 2038 156 2053 men

124 2519 211 2541 Mortem
237 2526 292 2541 suam

111 2553 256 2578 praenunciatv

895 266 1085 288 uommcirs
1112 267 1145 288 lx
1171 267 1217 288 ΡΡ.

307 322 446 357 construi
477 322 547 356 fecit
589 334 643 368 pro
671 321 828 367 sexaginta
867 320 1056 355 monialibus

308 372 367 407 sub
388 371 530 406 clausura
549 371 736 413 viventibus,
758 378 788 406 et
804 370 1055 417 vigintiquinque

308 421 454 456 fratribus
476 421 606 455 Ordinis
633 421 666 454 S.
689 420 867 468 Augustini.
889 420 923 453 S.
947 420 1056 454 Salva-

309 472 384 506 toris
407 470 586 517 nuncupati,
615 471 682 516 qui,
707 479 766 504 tam
796 470 948 504 moniales
962 482 1054 516 quam

309 521 429 564 fratres,
463 529 562 554 certas
597 520 839 554 constitutiones
869 532 922 566 per
957 520 1054 566 ipsam

310 571 429 605 beatam
454 569 588 603 Viduam
612 569 724 608 editas,
747 578 776 604 et
801 578 904 616 postea
921 581 975 614 per
1002 569 1052 603 Se-

309 620 380 655 dem
418 618 631 666 Apostolicain
667 619 852 666 approbatas
891 618 1056 653 observare

310 677 467 712 tenentur,
489 668 655 703 sufficienti
679 669 750 703 dote
771 668 975 704 nibilominus
1004 681 1055 703 as-

309 720 440 765 signata.

358 772 372 810 §
400 770 455 801 55.
491 766 692 801 Admirabilis
723 768 870 814 patientia
905 768 1001 814 viguit
1025 767 1053 801 iu

308 830 356 872 ea,
379 827 413 852 ut
433 816 630 850 infirmitates
651 817 767 864 pr·opiii
796 818 947 864 corpor-,is
973 818 1056 851 iniu-

310 868 370 901 rias
393 866 515 904 illatas,
540 866 641 900 mariti
666 875 696 900 et
718 866 822 901 Caroli
841 867 893 901 lilii
923 875 1054 902 mortem

308 925 337 950 et
358 916 487 951 adversa
512 915 629 962 reliqua
655 917 799 951 toleraret
816 917 1055 962 patientissime,

308 967 375 1000 sine
403 977 564 999 murmure
581 993 588 1005 ,
617 965 685 999 sine
708 966 847 1012 querela,
870 979 996 1013 semper
1025 967 1054 1001 in

307 1015 431 1050 cunctis
452 1028 524 1049 eum
550 1014 724 1050 bumilitate
752 1016 966 1050 summissima
996 1016 1056 1050 Do-

309 1065 428 1099 minum
454 1064 656 1099 benedicens.

356 1119 371 1158 §
393 1116 450 1149 56.
481 1114 511 1148 ln
528 1113 587 1148 fide
604 1126 729 1160 semper
743 1115 949 1155 constantior3
966 1127 1056 1162 prae-

276 1179 290 1193 s*
306 1164 437 1199 stantior
459 1177 526 1210 spe,
550 1176 619 1198 vera
647 1163 797 1199 charitate
813 1164 990 1204 ardenti0r;
1008 1166 1056 1199 iu-

307 1214 420 1248 stitiam
444 1225 567 1247 summe
595 1212 705 1247 dilexit
727 1222 755 1248 et
783 1214 985 1260 aequitatem.

356 1268 371 1306 ξ
398 1266 455 1297 57.
483 1262 636 1297 Stimulos
652 1263 755 1297 carnis
782 1271 812 1298 et
836 1264 933 1298 varias
957 1264 1057 1298 illece-

308 1313 391 1357 bras,
409 1313 589 1359 pravitatem
610 1321 640 1346 et
657 1312 878 1358 arrogantiam,
908 1326 1053 1359 pompam

307 1372 337 1397 et
361 1363 484 1397 inanem
501 1362 633 1408 gloriam
658 1362 856 1407 magnanima
875 1363 1054 1396 curiositate

306 1411 506 1458 contempsit.

355 1465 370 1504 ἕ
399 1462 455 1495 58.
481 1460 525 1494 De
548 1459 698 1507 singulari
727 1460 918 1495 continentia
938 1470 968 1495 et
987 1473 1054 1496 mo-

306 1510 405 1545 destia
438 1522 494 1544 sua
529 1510 605 1544 satis
631 1518 677 1544 est
704 1511 851 1557 superius
878 1511 1053 1545 recitatum.

305 1560 369 1595 Sed
386 1559 458 1607 quis
481 1559 677 1594 inveniretur
701 1560 750 1594 illa
771 1560 966 1606 prudentior,
982 1573 1053 1595 cum

306 1610 425 1656 optima
460 1608 649 1644 discretione
681 1609 719 1643 ab
746 1618 845 1644 aetate
874 1611 1028 1655 primaeva
1046 1639 1055 1655 ,

308 1671 407 1706 usque
423 1658 460 1693 ad
486 1658 593 1693 horam
617 1658 771 1700 ultimam,
795 1668 948 1706 quantum
971 1660 1054 1695 sine-

306 1709 357 1743 bat
381 1709 515 1743 humana
544 1708 703 1754 fragilitas,
727 1718 839 1744 cuncta
867 1722 1055 1753 secernens,

307 1771 368 1793 non
398 1758 475 1793 dixit
499 1758 616 1793 bonum
650 1759 764 1793 malum
782 1787 789 1799 ,
813 1772 915 1806 neque
939 1759 1054 1794 malum

306 1808 443 1849 bonum,
471 1820 529 1842 nec
551 1808 655 1854 posuit
684 1808 784 1844 lucem
815 1809 969 1849 tenebras,
998 1822 1055 1844 nec

307 1858 453 1892 tenebras
478 1858 577 1904 ipsam
602 1858 715 1893 lucem.

355 1913 370 1951 ,ξ
393 1910 449 1942 59.
466 1907 591 1949 Quibus
606 1907 733 1954 quidem
749 1908 868 1942 sanctis
890 1916 919 1942 et
937 1907 1056 1955 absque

309 1958 540 1993 intermissione
569 1957 761 1992 continuatis
784 1958 951 2004 operibns,
982 1958 1057 1993 baec

306 2020 457 2055 generosa
474 2007 572 2041 Vidua
591 2020 644 2053 per
657 2008 787 2053 gratiam
800 2008 906 2042 Sancti
921 2007 1057 2053 Spiritus

309 2058 495 2105 promeruit,
520 2057 626 2091 multis
660 2070 768 2092 eorum
792 2057 1001 2104 cogitationes
1028 2066 1057 2092 et

306 2113 490 2148 affectiones
524 2113 651 2146 intimas
674 2120 703 2146 et
725 2121 810 2158 gesta
844 2113 1055 2146 secretissima

309 2168 485 2214 propalare,
507 2175 538 2201 et
561 2167 696 2201 visiones
717 2179 753 2200 ac
774 2167 979 2202 revelationes
1002 2180 1056 2201 va-

308 2222 368 2256 rias
393 2221 497 2255 ridere
520 2230 549 2255 et
573 2220 694 2260 audire,
718 2233 753 2255 ac
783 2221 896 2267 spiritu
920 2222 1057 2268 proplie-

308 2276 370 2309 tico
398 2275 494 2309 multa
519 2275 715 2321 praedicere,
743 2287 878 2322 quorum
908 2276 1055 2310 nonnulla

307 2329 422 2364 effectu
440 2329 595 2376 completa
624 2330 721 2368 fuere,
747 2338 839 2375 prout
855 2329 930 2364 liaeo
952 2338 981 2364 et
997 2331 1056 2365 alia

309 2386 337 2418 in
366 2385 435 2418 eius
470 2384 697 2418 revelationum
743 2383 900 2418 volumine
937 2384 1057 2431 plenis-

307 2439 385 2472 sime
404 2438 639 2473 describuntur.

357 2497 371 2536 ξ
400 2496 455 2527 40.
480 2493 594 2534 Quinta
611 2505 682 2526 vero
698 2492 904 2538 praecedente
917 2492 966 2525 die
983 2506 1057 2539 pro-

309 2548 464 2581 nunciavit
487 2560 562 2581 suae
588 2547 664 2581 vitae
690 2547 781 2581 finem
811 2546 931 2581 adesse.

356 2606 371 2644 ξ
405 2605 461 2636 41.
501 2602 538 2636 Et
560 2614 632 2637 cum
657 2602 765 2636 fuisset
788 2614 905 2635 annum
930 2609 1056 2648 septua-

307 2657 464 2704 gesimum
508 2670 735 2704 supergressa,
772 2656 957 2692 adveniente
996 2657 1055 2691 iam

1723 258 1785 289 621

1099 320 1232 354 termino
1270 322 1529 367 praenunciatio,
1563 330 1667 356 vocata
1707 321 1842 362 familia,

1097 383 1177 416 tinae
1213 369 1277 404 lieri
1317 377 1473 417 oporteret
1501 370 1619 410 edixit,
1647 384 1683 405 ac
1714 371 1841 406 demum

1098 419 1253 465 Birgliero
1276 419 1338 453 lilio
1361 428 1390 453 et
1417 420 1584 455 Catborina
1609 421 1668 455 lilia
1697 428 1773 455 tuno
1788 434 1843 455 su—

1099 468 1282 516 perstitibus
1304 470 1463 503 accersitis
1490 479 1520 503 et
1547 469 1585 504 de
1623 470 1730 505 multis
1756 483 1843 505 com-

1098 518 1249 562 monitis,
1279 527 1309 552 nt
1332 531 1429 573 super
1451 519 1554 553 omnia
1581 520 1609 553 in
1647 520 1703 554 Dei
1733 520 1843 554 timore

1097 577 1126 603 et
1148 580 1254 603 amore
1279 581 1410 614 proximi
1429 595 1436 610 ,
1464 581 1499 602 ae
1521 569 1638 603 sanctis
1663 581 1844 616 persevera—

1098 627 1166 653 rent
1188 617 1361 664 operibus,
1382 617 1489 652 ultima
1513 618 1711 653 confessione
1738 618 1843 653 debiti·

1098 668 1186 712 facta,
1200 676 1327 714 sumpto
1346 667 1479 711 Viatico,
1493 675 1520 702 et
1535 676 1671 702 extrema
1688 667 1842 702 Unctioni<¹

1097 717 1248 761 delibuta,
1271 729 1342 751 cnm
1364 729 1463 764 usque
1480 716 1517 751 ad
1535 718 1626 751 llatns
1642 717 1842 752 emissionem

1096 780 1151 802 sua
1186 767 1336 802 memoria
1371 767 1489 812 integra
1515 766 1739 813 perdurasset,
1767 767 1841 802 «luni

1097 817 1191 852 missa
1215 829 1318 851 coram
1343 829 1377 851 se
1399 816 1623 859 celebraretur,
1647 825 1715 863 post
1730 816 1844 851 adora-

1098 875 1163 901 tum
1198 867 1322 912 Corpus
1344 866 1487 906 Christi,
1515 865 1616 900 oculis
1646 866 1772 901 elevatis
1806 866 1843 901 ad

1097 917 1231 957 coelum,
1253 917 1379 951 dicens:
1399 915 1434 950 In
1462 928 1575 950 manus
1592 924 1672 959 tuas,
1688 915 1823 950 Domine
1836 944 1844 959 ,

1097 966 1284 1001 commendo
1306 965 1452 1013 spiritum
1478 978 1594 1006 meum,
1612 965 1732 1000 vocanti
1750 965 1844 1000 bene-

1098 1016 1237 1050 meritam
1265 1015 1400 1050 animam
1426 1015 1561 1050 reddidit
1582 1014 1734 1050 Creatori.

1145 1070 1160 1109 ξ
1186 1067 1241 1100 4⁶2.
1266 1065 1431 1112 Extemplo
1450 1064 1488 1100 de
1511 1064 1642 1099 transitu
1677 1065 1770 1099 liuius
1789 1064 1843 1098 Vi-

1097 1114 1177 1150 duae
1206 1114 1401 1149 venerandae
1424 1127 1534 1161 magna
1559 1114 1591 1148 lit
1611 1114 1689 1149 fama
1715 1128 1768 1161 per
1784 1113 1843 1149 Ur-

1097 1164 1166 1198 bem
1186 1192 1194 1205 ,
1235 1164 1394 1199 concurrit
1422 1164 1568 1211 frequens
1596 1164 1733 1210 populus
1770 1177 1841 1198 cum

1096 1226 1220 1248 sumina
1257 1213 1423 1248 devotione
1460 1226 1495 1248 ac
1524 1214 1695 1248 reverentia
1723 1226 1846 1248 sacrum

1098 1264 1203 1298 videre
1225 1276 1354 1309 corpus,
1377 1262 1480 1298 Deum
1510 1263 1702 1297 unanimiter
1728 1263 1848 1309 glorifi-

1097 1325 1172 1347 cans
1194 1321 1224 1347 et
1255 1312 1462 1356 collaudans,
1485 1312 1522 1346 ad
1550 1313 1774 1347 monasterium
1813 1312 1847 1347 S.

1098 1362 1258 1396 Laurentii
1287 1362 1520 1408 supradictum,
1538 1361 1589 1395 ubi
1613 1375 1646 1397 se
1671 1362 1821 1396 indicarat
1839 1389 1847 1405 ,

1098 1412 1193 1445 funus
1220 1411 1250 1445 in
1274 1411 1366 1457 longe
1390 1410 1499 1446 maiori
1525 1411 1632 1457 populi
1671 1411 1846 1458 frequentia

1096 1460 1247 1501 defertur,
1261 1470 1290 1495 et
1306 1473 1378 1507 prae
1399 1461 1494 1494 nimia
1518 1459 1722 1495 multitudine
1746 1473 1847 1507 usque

1096 1510 1134 1544 ad
1158 1510 1291 1545 biduum
1308 1518 1380 1557 apte
1397 1523 1459 1545 uon
1484 1509 1586 1557 potuit
1608 1510 1748 1557 sepeliri,
1764 1510 1847 1557 qnod

1098 1569 1200 1594 tamen
1237 1574 1309 1595 cum
1341 1560 1456 1595 eximia
1486 1559 1542 1594 Dei
1571 1559 1664 1594 laude
1697 1560 1753 1594 fuit
1787 1559 1849 1594 hu-

1098 1618 1232 1645 matum.

1145 1665 1160 1703 g*
1188 1662 1244 1693 45.
1270 1658 1350 1693 Dum
1374 1668 1478 1694 autem
1501 1658 1633 1693 celebris
1656 1659 1733 1694 baec
1747 1658 1846 1693 Vidua

1097 1709 1224 1756 Neapoli
1243 1708 1382 1755 degeret,
1406 1709 1595 1743 Nolanensis
1611 1708 1763 1756 quaedam
1782 1721 1849 1743 mu-

1099 1760 1153 1793 lier
1185 1758 1358 1793 Pictiolella
1388 1759 1538 1802 nomine,
1566 1771 1646 1805 quae
1676 1758 1847 1792 violentum

1099 1808 1169 1842 mali
1198 1808 1327 1854 spiritus
1351 1809 1380 1843 in
1404 1808 1572 1843 humanam
1609 1821 1642 1842 se
1677 1808 1847 1854 imaginem

1099 1858 1349 1892 transformantis
1378 1857 1550 1905 patiebatur
1572 1857 1768 1901 accubitum,
1795 1860 1846 1892 cui

1099 1920 1156 1942 nee
1189 1908 1316 1942 fortium
1350 1908 1472 1954 vigiliae
1494 1916 1546 1942 ant
1573 1907 1725 1943 excubiae
1760 1907 1849 1942 obsi—-

1097 1966 1178 1992 stere
1207 1965 1384 2004 potuerant,
1408 1957 1444 1992 ad
1466 1957 1602 1992 Viduam
1627 1966 1766 1993 sanctam
1789 1970 1849 1992 ac—

1098 2007 1255 2048 cessisset,
1278 2020 1346 2042 eam
1374 2020 1470 2055 super
1492 2007 1543 2041 tali
1564 2008 1691 2042 materia
1707 2017 1736 2043 et
1752 2019 1849 2054 expe-

1098 2057 1194 2092 dienti
1230 2057 1369 2092 remedio
1401 2057 1610 2101 consultura,
1648 2070 1719 2092 mox
1741 2057 1843 2091 Vidua

1100 2107 1295 2155 praecellens
1309 2115 1337 2142 et
1354 2115 1471 2142 secreta
1490 2107 1630 2142 mulieris
1647 2107 1847 2154 praevidens,

1098 2157 1253 2205 quaesivit
1291 2170 1304 2191 a
1335 2157 1486 2200 muliere,
1517 2170 1554 2191 an
1589 2169 1698 2191 secum
1726 2157 1846 2203 aliquid

1098 2217 1162 2242 arte
1204 2207 1323 2253 magica
1353 2207 1558 2253 compilatum
1576 2234 1583 2246 ,
1607 2207 1652 2241 vel
1681 2206 1755 2253 quid
1785 2206 1844 2241 tale

1098 2257 1245 2297 deferret,
1271 2269 1341 2291 cum
1360 2257 1408 2291 illa
1433 2256 1643 2304 respondisset
1662 2256 1747 2303 quod
1773 2269 1849 2298 noo,

1098 2307 1221 2353 egregia
1240 2306 1339 2340 Vidua
1362 2306 1512 2341 subiecit:
1536 2307 1659 2348 Quaere
1683 2308 1711 2340 in
1727 2305 1849 2353 capillis

1099 2369 1153 2391 seu
1191 2356 1276 2391 tricis
1305 2356 1389 2395 tuis,
1417 2364 1447 2391 et
1473 2356 1664 2390 contrarium
1696 2356 1846 2390 inv.enies

1098 2407 1236 2441 Confusa
1264 2414 1291 2440 et
1311 2406 1468 2441 recordata
1485 2405 1607 2445 mulier
1621 2405 1705 2452 quod
1728 2414 1846 2440 certum

1100 2456 1193 2491 breve
1216 2469 1287 2491 cum
1316 2455 1553 2491 characteribus
1575 2463 1604 2489 et
1637 2455 1846 2490 incantamine

1100 2506 1233 2553 propriis
1263 2505 1397 2540 babebat
1425 2506 1455 2539 in
1478 2505 1621 2540 crinibus
1638 2532 1645 2544 ,
1668 2518 1760 2539 suum
1792 2506 1847 2539 fuit

1099 2569 1235 2590 errorem
1259 2564 1372 2603 sponte
1395 2556 1485 2590 fassa.
1511 2555 1646 2602 lusignis
1674 2564 1776 2589 autem
1796 2554 1846 2589 Vi·

1099 2605 1159 2640 dua
1185 2606 1319 2640 iniunxit
1341 2614 1371 2639 et
1395 2605 1493 2639 suasit
1518 2605 1571 2649 illi,
1589 2614 1621 2639 ut
1645 2604 1754 2639 devote
1770 2617 1847 2639 con-

1100 2656 1239 2691 fiteretur
1254 2664 1284 2690 et
1307 2655 1456 2691 veraciter
1473 2655 1645 2703 poeniteret
1657 2663 1687 2690 et
1701 2667 1847 2691 commu-

1858 266 1906 291 ,ΚηΔ
1921 265 1949 290 C.
1975 264 2034 290 t591

1868 326 1942 346 [lornant
1955 332 1987 354 pin,
1999 333 2039 347 mo-

1859 362 1918 379 titur.

1873 1069 1889 1089 it
1908 1075 1958 1088 nima
1974 1069 2044 1094 pupuli

1859 1101 1978 1127 frequentia
1998 1104 2042 1118 ein<

1859 1132 1981 1152 tumulation
2004 1130 2044 1150 dil-

1858 1163 1896 1184 lert

1878 1665 1986 1686 Mulierem
2023 1666 2047 1685 ab

1863 1698 1961 1718 accubitu
1999 1699 2047 1718 mati

1864 1730 1951 1755 spiritus
1963 1729 2046 1749 liberat.
