2274 3265
227 262 273 287 An.
293 259 319 286 C.
343 260 404 286 1281

261 669 378 690 Consum-,10

227 700 375 720 σωκ-1111101105
390 702 411 720 et

261 732 374 751 alausalao.

248 1785 419 1807 &communica-

236 1818 264 1837 oo
276 1817 417 1843 imperatoris,

253 2339 368 2360 prohibitio

254 2369 407 2397 quomodolibet

286 2400 375 2421 favendi.

473 251 515 281 52

424 312 564 351 indultis,
588 322 644 344 nec
665 322 725 343 non
749 306 1027 343 constitutionibus
1048 313 1171 352 aposto-

424 362 491 397 licis
512 368 542 395 et
564 358 806 394 mendicantium
825 357 970 392 ordinum
995 355 1170 403 praedicto-

423 424 505 450 rum,
533 409 626 444 etiam
659 408 684 443 si
721 407 759 442 de
792 407 851 441 illis
878 405 1025 454 specialis
1059 413 1089 440 et
1115 418 1171 439 ex-

424 473 541 508 pressa,
563 471 598 493 ac
621 458 660 492 de
676 457 769 493 verbo
791 457 828 491 ad
856 456 982 491 verbum
1003 455 1033 489 in
1057 455 1172 490 nostris

423 511 521 546 literis
543 508 659 544 mentio
683 506 824 542 habenda
848 506 940 550 soret,
962 514 991 540 et
1009 504 1078 539 aliis
1101 517 1171 539 con-

425 560 528 596 trariis
555 571 617 593 non
645 556 842 592 obstantibus
864 555 1130 602 quibuscumque.

473 609 493 657 S
515 614 546 644 4.
575 607 660 643 Nulli
689 619 763 653 crgo
786 605 916 641 0111111110
940 604 1104 639 hominum
1134 603 1173 638 li-

425 669 492 695 ceat
520 659 599 693 hanc
629 656 848 704 prohibitionis
877 661 999 689 nostrae
1028 653 1172 700 paginam

426 709 597 755 infringere
618 715 670 741 etc.

474 758 588 794 Datum
624 755 793 794 Sebennis,
824 755 914 788 tertio
941 751 1090 787 kalendas
1117 764 1174 786 au-

425 809 520 855 gusti,
540 806 737 854 pontificatus
759 803 856 839 nostri
879 815 961 837 anno
989 802 1099 848 primo.

505 869 564 899 Dat.
583 868 630 898 die
648 867 686 897 30
702 867 765 897 iulii
784 874 859 895 31100
878 863 993 893 Domini
1011 863 1096 898 1281,

678 911 780 951 pontis.
803 919 878 939 311110
901 918 918 938 1.

775 1028 826 1062 111.

426 1104 598 1139 Damnatis)
637 1110 662 1136 et
701 1101 976 1136 excommunicatio
1018 1099 1177 1133 Michaelis

476 1153 660 1197 Palaeoloyi
694 1152 881 1186 Graecorum
910 1150 1101 1194 imperatoris
1140 1150 1177 1182 ab

475 1203 614 1237 Ecclesia
642 1202 784 1236 Romana
806 1200 988 1234 dissidentis.

697 1277 910 1309 SUMMAntUM

430 1349 454 1378 1.
477 1345 747 1378 Excommunicatio
772 1344 968 1383 imperatoris,
995 1360 1033 1365 —
1059 1343 1085 1372 2.
1109 1342 1179 1372 Pro-

469 1391 572 1422 hibitio
591 1391 616 1420 01
636 1388 858 1429 quomodolibet
874 1387 999 1417 favendi.
1016 1404 1053 1410 -
1069 1387 1094 1416 3.
1108 1386 1180 1416 Poe-

468 1444 571 1466 narum
592 1433 785 1474 promulgatio
809 1434 837 1462 in
857 1432 1118 1462 contravenientes.
1142 1447 1181 1453 —

468 1481 495 1511 4.
515 1480 609 1510 lussio
635 1479 709 1509 hanc
732 1478 914 1507 sanctionem
939 1476 1122 1516 publicandi.

430 1556 565 1586 martinus
582 1554 723 1590 episcopus
741 1560 836 1582 servus
851 1559 989 1581 servorum
1001 1551 1057 1585 Dei,
1076 1552 1109 1580 ad
1123 1558 1182 1580 cor-

473 1604 617 1634 titnd‘mem
650 1603 844 1639 praesentium,
881 1603 910 1631 et
928 1601 1086 1631 memoriam
1105 1601 1182 1630 rutu-

476 1661 578 1684 10111111.

480 1730 495 1770 §
514 1729 543 1760 1.
559 1724 746 1760 Michaelem
764 1723 999 1770 palaeologum,
1019 1723 1073 1770 qui
1088 1722 1183 1757 Grae-

432 1788 540 1812 corum
561 1775 731 1822 imperator
754 1775 947 1817 nominatur,
961 1780 1120 1820 tamquam
1136 1784 1181 1807 eo·

433 1826 576 1861 rumdem
597 1825 788 1859 Graecorum
805 1823 1005 1871 antiquorum
1030 1822 1183 1857 schisma-

433 1878 580 1915 ticorum,
609 1884 637 1909 et
664 1876 695 1908 in
719 1874 849 1921 antiquo
875 1873 1043 1907 schismate
1067 1873 1183 1906 consti-

433 1935 586 1964 tutorum,
614 1935 644 1961 et
673 1938 727 1974 per
750 1926 809 1960 hoc
837 1925 1078 1963 haereticorum,
1109 1936 1184 1959 nec-

434 1995 496 2018 non
530 1990 561 2017 et
595 1980 734 2015 haeresis
757 1980 895 2027 ipsorum
938 1989 972 2012 ac
1004 1975 1184 2011 schismatis

435 2033 554 2081 antiqui
586 2032 754 2067 fautorem.
784 2029 822 2064 de
850 2029 979 2063 fratrum
1004 2037 1182 2062 nostrorum

434 2083 565 2119 consilio
593 2081 841 2117 denunciamus,
860 2087 1021 2126 praesente
1047 2076 1182 2111 fidetium

435 2132 638 2168 multitudine
674 2131 812 2178 copiosa,
849 2126 1185 2163 excommunicationis

435 2183 622 2219 sententiam
646 2181 737 2215 latam
762 2194 775 2214 a
800 2191 920 2214 canone
948 2177 1128 2219 incurrisse,
1149 2188 1185 2210 ac

435 2234 536 2281 ipsius
558 2233 623 2267 fore
645 2231 818 2265 sententiae
842 2228 969 2263 vinculo
988 2226 1183 2261 innodatum.

485 2286 500 2326 ξ
530 2286 563 2317 2.
592 2280 759 2316 Caeterum
797 2278 951 2314 universis
987 2286 1013 2312 et
1053 2275 1186 2322 singulis

436 2333 574 2380 regibus,
602 2330 809 2379 principibus,
842 2328 988 2371 ducibus,
1023 2325 1185 2361 marchio—

437 2383 547 2423 nibus,
575 2380 758 2418 comitibus,
794 2378 965 2414 baronibus
998 2386 1025 2412 et
1055 2377 1186 2411 caeteris

437 2433 585 2468 0100111115
599 2432 828 2477 cuiuscumque
844 2430 904 2463 sint
920 2426 1185 2476 praeeminentiae.

438 2483 628 2517 conditionis
650 2488 703 2516 aut
729 2488 840 2519 status,
864 2491 984 2514 necnon
1007 2476 1186 2512 universita-

438 2536 521 2573 tibus
544 2537 715 2580 civitatum,
739 2542 910 2570 castrorum
934 2542 963 2568 et
985 2532 1116 2567 aliorum
1142 2531 1188 2565 lo—

439 2604 561 2633 corum,
597 2590 768 2626 districtius
803 2588 1000 2633 inhibemus,
1039 2599 1077 2623 ne
1115 2599 1186 2622 cum

439 2646 549 2681 eodem
572 2645 725 2680 Michaele
747 2644 935 2691 Palaeologo
955 2643 985 2678 in
1007 2640 1187 2677 huiusmodi

1014 251 1197 274 nnn-Attium
1223 249 1381 272 ROMANUM

1210 302 1533 339 excommunicatione
1549 308 1707 344 manente,
1719 301 1898 336 societatem
1913 301 1957 334 vcl

1210 351 1516 388 confoederationem
1536 351 1672 398 aliquam
1690 350 1886 394 contrahere,
1901 350 1960 385 sub

1211 403 1322 450 quovis
1358 401 1482 448 ingenio
1524 400 1569 435 vel
1604 399 1833 435 machinatione
1871 412 1960 446 prae-

1212 461 1348 497 sumant,
1384 451 1428 486 vel
1464 450 1556 486 etiam
1593 450 1620 485 ei
1649 449 1724 483 alias
1757 449 1787 482 in
1815 448 1877 493 his,
1905 462 1961 496 pro

1212 501 1327 548 (10111115
1361 500 1654 536 excommunicatus
1681 506 1729 534 est
1755 497 1962 533 denunciatus

1212 564 1228 586 a
1257 551 1359 592 nobis,
1395 558 1552 598 praestare
1576 548 1761 592 consilium,
1797 547 1960 588 auxilium,

1215 600 1259 636 vel
1283 601 1417 635 favorem
1446 599 1608 647 publicum
1642 598 1688 633 vel
1716 597 1887 632 occultum.

1262 654 1276 693 ἓ
1305 654 1335 684 5.
1359 650 1399 685 Et
1426 650 1450 684 si
1472 661 1566 685 secus
1594 656 1830 696 praesumptum
1858 646 1960 685 fuerit,

1214 711 1324 734 omnes
1363 699 1540 746 singulares
1580 710 1728 746 personas
1770 696 1959 732 contrarium

1215 748 1376 792 facientes,
1411 761 1473 783 non
1506 748 1650 783 obstante
1683 746 1823 794 qualibet
1858 745 1963 780 indul-

1215 798 1331 844 gentia,
1353 796 1413 832 5111)
1435 809 1638 844 quacumque
1674 797 1772 831 forma
1794 795 1962 830 verborum

1217 846 1263 881 vel
1291 846 1494 893 expressione
1517 847 1592 894 ipsis
1618 846 1657 881 ab
1677 845 1860 893 Apostoliea
1883 844 1965 880 Sede

1216 907 1383 936 concessa,
1418 896 1463 931 vel
1492 896 1522 930 in
1559 904 1721 943 posterum
1750 893 1966 938 concedenda,

1217 957 1311 992 quam
1334 944 1438 992 quoad
1454 944 1514 980 hoc
1536 945 1653 980 viribus
1676 944 1822 980 volumus
1838 944 1967 979 omnino

1217 1006 1340 1034 carere,
1386 995 1574 1030 sententiam
1615 993 1967 1037 excommunicationis,

1218 1056 1311 1092 quam
1335 1056 1373 1078 ex
1397 1044 1529 1079 nuncin
1550 1043 1635 1091 ipsos
1656 1042 1799 1088 ferimus,
1822 1043 1967 1079 volumus

1219 1094 1378 1129 incurrere
1401 1093 1470 1141 ipso
1493 1093 1583 1129 sacto.
1611 1093 1731 1131 Terras·
1751 1100 1854 1127 autem
1882 1092 1968 1139 ipso-

1220 1156 1288 1178 rum
1309 1155 1431 1178 necnon
1449 1143 1666 1179 universitates
1686 1142 1872 1189 praedictas,
1890 1154 1969 1190 quac

1219 1205 1312 1228 secus
1351 1201 1502 1228 attentare
1548 1192 1835 1240 praesumpserint,
1879 1200 1967 1239 prout

1220 1242 1368 1290 expedire
1397 1242 1586 1280 viderimus,
1620 1241 1833 1277 ecclesiastico
1868 1240 1971 1276 subii-

1220 1305 1289 1328 cere
1317 1291 1499 1328 curabimus
1531 1291 1714 1326 interdicto:
1750 1291 1787 1326 ad
1823 1291 1971 1338 privatio-

1221 1355 1291 1377 nem
1322 1342 1463 1377 omnium
1490 1342 1659 1381 bonorum,
1687 1352 1767 1387 quae
1794 1353 1810 1374 3
1837 1340 1971 1388 quibus-

1222 1391 1296 1426 libet
1324 1400 1469 1426 tenentur
1496 1392 1526 1426 in
1554 1390 1719 1431 Ecclesiis,
1742 1398 1772 1425 et
1794 1389 1832 1425 ad
1857 1402 1972 1437 poenas

1221 1441 1294 1475 alias
1317 1441 1494 1488 spirituales
1516 1449 1546 1476 et
1570 1440 1769 1487 temporales,
1787 1449 1879 1486 prout
1897 1439 1972 1474 utile

1224 1490 1413 1538 putabimus,
1433 1491 1628 1538 processuri:
1648 1497 1678 1524 et
1697 1489 1902 1524 nihilominus
1918 1501 1973 1524 so—

1222 1541 1361 1584 cietates,
1388 1539 1680 1576 confoederationes
1713 1539 1814 1585 ipsas,
1850 1538 1973 1574 etiamsi

1223 1602 1394 1637 poenarum
1430 1598 1461 1625 et
1495 1590 1661 1625 iuramenti
1695 1588 1891 1632 adiectione,
1929 1588 1973 1623 1-01

1223 1652 1422 1687 quacumque
1444 1639 1559 1675 suerint
1586 1639 1643 1674 alia
1675 1638 1823 1673 firmitate
1852 1637 1972 1676 1311313,

1223 1689 1424 1724 decernimus
1448 1689 1550 1724 irritas
1572 1696 1602 1723 et
1629 1689 1750 1723 inanes.

1271 1742 1287 1782 ἓ
1309 1742 1340 1773 4.
1369 1738 1409 1774 Ut
1437 1747 1540 1774 autem
1564 1736 1747 1773 huiusmodi
1766 1743 1873 1772 noster
1901 1748 1973 1783 pro·
2027 1744 2095 1782 ¹¹¹.⁸⁸³⁰
2118 1745 2171 1766 inne

1890 1785 1895 1791 ’
1988 1779 2120 1829 ἱῗιῖἱῖζὲἲ.’“
2136 1783 2174 1804 “’““

1223 1800 1330 1823 cessus
1361 1788 1398 1823 ad
1425 1801 1627 1823 communem
1656 1787 1797 1822 omnium
1831 1786 1974 1821 notitiam

1224 1837 1408 1882 deducatur,
1436 1838 1558 1873 chartas
1581 1839 1646 1873 sive
1669 1836 1866 1872 membranas
1895 1847 1976 1883 pro—

1224 1900 1347 1924 cessum
1375 1890 1573 1924 continentes
1595 1888 1762 1931 eumdem,
1791 1886 1821 1921 in
1848 1885 1976 1921 maioris

1225 1938 1442 1974 Urbevetanae
1469 1939 1631 1975 Ecclesiae
1659 1937 1794 1986 appendi
1826 1936 1872 1971 vel
1894 1935 1975 1985 affigi

1225 1991 1324 2036 ostiis,
1346 2003 1402 2026 seu
1421 1989 1718 2038 superliminaribus
1734 1988 1897 2032 faciemus,
1915 2000 1976 2036 qua

1226 2053 1410 2088 processum
1439 2042 1541 2089 ipsum
1565 2041 1653 2088 quasi
1687 2051 1802 2074 sonoro
1841 2051 1977 2085 praeco-

1226 2093 1295 2134 nio,
1329 2100 1359 2128 et
1390 2091 1496 2139 patulo
1531 2091 1646 2126 indicio
1680 2088 1902 2137 publicabunt,
1936 2088 1975 2123 ita

1226 2147 1309 2195 quod
1351 2147 1432 2182 idem
1467 2145 1664 2191 Palaeologus
1698 2152 1729 2179 et
1761 2143 1830 2188 alii,
1868 2151 1975 2177 contra

1226 2214 1305 2249 quos
1329 2213 1496 2249 processus
1514 2201 1582 2247 ipse
1600 2199 1741 2247 contigit,
1766 2199 1883 2233 nullam
1910 2211 1978 2244 pos-

1226 2256 1287 2290 sint
1326 2254 1526 2302 postmodum
1559 2254 1791 2288 excusationem
1832 2260 1977 2298 praeten-

1227 2311 1311 2349 dere,
1347 2309 1431 2357 quod
1465 2309 1502 2344 ad
1531 2321 1585 2344 eos
1617 2309 1686 2342 talis
1719 2319 1886 2354 processus
1914 2318 1975 2341 non

1229 2366 1415 2412 pervenerit,
1432 2365 1476 2398 vel
1493 2363 1577 2411 quod
1593 2363 1805 2409 ignoraverint
1817 2361 1976 2398 eumdem.

1228 2432 1299 2454 cum
1324 2432 1383 2454 non
1419 2420 1458 2452 sit
1491 2418 1659 2453 verisimile
1687 2428 1847 2451 remanere.
1875 2416 1976 2464 quoad

1229 2475 1314 2522 ipsos
1336 2474 1530 2521 incognitum
1549 2472 1596 2507 vel
1618 2472 1787 2512 occultum,
1806 2469 1891 2518 quod
1915 2477 1976 2505 tam

1230 2538 1369 2577 patenter
1397 2528 1546 2563 omnibus
1574 2527 1763 2575 publicatur.

1279 2585 1393 2619 Actum
1416 2582 1499 2630 apud
1528 2581 1646 2618 Urbem
1669 2581 1827 2624 Veterem,
1847 2579 1876 2613 in
1906 2579 1979 2627 pla-

1230 2648 1275 2675 tea
1318 2639 1419 2674 dictae
1462 2637 1587 2674 maioris
1627 2635 1786 2672 Ecclesiae
1828 2635 1857 2669 in
1901 2633 1979 2669 sesto

1973 246 2022 271 An.
2044 244 2151 271 C.1281

1985 660 2100 681 Poenarum
2110 665 2160 685 pro-

1976 691 2102 716 mitigatioin
2111 696 2160 710 con-

1977 723 2127 742 travenienies.
