2274 3265
198 233 247 260 An.
269 231 297 259 C.
313 233 379 260 ¹556

444 223 513 255 572

392 288 474 324 dicta
495 288 533 324 ad
558 289 677 325 firmam
701 290 740 324 de
762 298 884 326 caetero
910 292 1134 338 concedantur,

392 338 450 380 nisi
484 350 522 374 ex
549 351 640 374 causa
663 347 693 374 et
721 340 751 374 in
774 352 847 376 casu
871 341 1048 377 necessario
1070 342 1134 377 sive

394 388 460 424 utili
482 387 661 423 evidenter:
690 398 720 424 et
749 397 824 425 tunc
850 391 874 426 si
899 391 1046 432 antistes,
1073 392 1135 426 ab—

392 439 447 473 bas
470 438 514 473 iel
543 439 639 485 prior,
671 451 725 475 seu
753 439 853 484 atius,
881 441 1044 488 proprium
1073 454 1134 476 non

392 487 512 523 liabens
532 487 677 524 abbatem
694 488 739 524 iel
762 489 1135 534 atministratorem,t10c

393 537 495 572 facere
536 537 688 584 voluerit,
728 538 841 574 debeat
878 539 1135 575 deliberationem

393 600 488 635 super
519 587 578 623 hoc
608 600 680 623 cum
709 588 845 637 capitulo
882 589 925 623 vel
952 602 1023 624 cum
1059 602 1137 624 cou-

394 645 486 672 ventu
522 637 733 684 praemittere,
760 646 789 672 et
812 638 992 685 diligentem
1018 647 1135 674 tracta-

394 697 457 728 tum
481 699 552 722 cum
573 687 625 722 illo
645 687 758 722 babere
781 687 820 722 de
838 699 929 722 causa
945 688 1136 728 huiusmodi,

393 744 422 770 et
444 736 482 771 de
503 737 675 785 quantitate
703 738 793 784 pretii
813 749 849 772 ac
875 736 914 772 de
938 750 1071 784 persona
1085 738 1135 772 cui

394 785 485 820 fuerit
513 786 598 821 lii-rna
632 798 686 821 seu
718 786 854 821 venditio
882 786 1061 822 huiusmodi
1093 786 1137 822 sa—

392 834 514 880 cienda,
528 844 555 869 et
570 835 608 870 de.
623 835 872 875 conditionibus,
896 836 1006 882 pactis,
1022 835 1138 883 obliga-

394 884 542 929 tionibus,
565 885 774 920 solutionibus
801 894 830 920 et
856 885 1025 926 similibus
1059 898 1138 933 per-

393 933 564 969 tinentibns
589 934 626 968 ad
656 934 833 981 praedicta;
860 943 890 969 et
924 935 1023 990 ipsius
1050 936 1137 982 capi-

393 983 447 1017 tuli
487 984 533 1018 vel
568 992 743 1018 conventus
783 996 837 1019 seu
874 984 1002 1019 maioris
1042 985 1138 1031 partis

392 1033 458 1068 ein
447 1031 564 1067 dem
559 1046 588 1066 ιιι
610 1033 667 1068 liae
684 1041 769 1080 parte
786 1033 952 1068 ‹onsilium
977 1034 1136 1069 adhibere.

392 1081 425 1117 Si
450 1094 521 1116 vero
545 1082 628 1129 prior
645 1095 698 1117 seu
716 1082 950 1118 administrator
972 1083 1051 1118 atius
1070 1084 1138 1119 fue-
1182 1109 1186 1113 -

394 1132 432 1166 rit
471 1139 660 1166 conventum
689 1131 808 1167 liabens
850 1134 1011 1180 proprium
1031 1142 1062 1168 et
1083 1147 1138 1168 su-

394 1181 548 1229 periorem
575 1181 719 1217 abbatem
744 1181 790 1217 vel
808 1182 903 1217 alium
923 1182 1066 1218 eiusdem
1089 1196 1139 1218 re—

394 1230 529 1278 ligionis,
561 1231 759 1277 praemittere
786 1231 897 1266 debeat
935 1231 1138 1268 deliberatio-

394 1293 464 1315 nem
488 1289 518 1315 et
539 1288 704 1315 tractatum
732 1280 905 1328 praefatos,
928 1282 1042 1316 nedum
1065 1295 1136 1318 cum

395 1331 521 1378 proprio
547 1342 604 1365 suo
625 1338 793 1371 conventu,
819 1330 874 1366 sed
897 1344 969 1366 cum
997 1332 1066 1379 ipso
1088 1332 1139 1366 ab·

395 1380 464 1414 bate
490 1379 537 1414 vel
567 1379 629 1414 alio
651 1380 813 1427 superiore
835 1380 994 1427 praedicto
1019 1382 1137 1417 imme-

394 1429 478 1463 diato
506 1437 536 1464 et
570 1438 724 1464 conventu
753 1430 926 1476 superioris
957 1432 1137 1466 monasterii

394 1479 455 1523 sui,
481 1489 516 1513 ac
538 1490 717 1526 expressam
753 1480 968 1514 auctoritatem
989 1489 1018 1514 et
1040 1481 1138 1515 licen-

395 1528 467 1562 tiarn
495 1528 636 1563 eiusdem
665 1528 785 1563 abbatis
813 1528 858 1563 vel
887 1528 1019 1564 alterius
1040 1543 1137 1577 supe-

395 1577 484 1611 rioris
511 1589 582 1612 cum
611 1578 742 1612 consilio
765 1585 939 1613 conventus
959 1579 1064 1634 ipsius
1088 1579 1139 1614 ab·

395 1626 474 1661 batis
502 1627 546 1661 iel
573 1626 701 1662 alterius
723 1627 896 1674 superioris
918 1628 1064 1676 primitus
1086 1629 1138 1664 ob-

394 1675 501 1710 tinere.
530 1675 655 1710 Priores
688 1685 792 1711 autem
816 1685 846 1712 et
867 1677 1138 1713 administratores

393 1724 454 1769 alii,
481 1724 623 1760 abbatem
650 1727 811 1773 proprium
847 1727 892 1761 vel
920 1727 1015 1762 alium
1048 1740 1139 1775 supe-

394 1774 506 1809 riorem
541 1774 683 1810 eiusdem
718 1776 901 1823 religionis,
937 1789 998 1812 non
1034 1785 1138 1812 tamen

393 1832 582 1859 conventum
606 1824 768 1865 habentes
791 1834 956 1861 teneantur
982 1826 1138 1862 delibera-

394 1874 508 1909 tionem
537 1883 565 1909 et
588 1882 750 1910 tractatum
774 1876 833 1911 iam
857 1876 958 1911 dictos
985 1889 1055 1911 cum
1081 1889 1135 1911 eo—

395 1938 463 1960 rum
491 1924 600 1960 abbate
628 1925 674 1960 vel
701 1926 761 1961 alio
792 1927 955 1973 superiore
990 1927 1138 1974 praemit-

395 1984 475 2017 tere,
512 1989 633 2011 necnon
669 1977 884 2012 auctoritatem
917 1986 947 2011 et
980 1977 1137 2012 licentiam

394 2026 559 2083 specialem
587 2026 625 2061 ab
647 2040 683 2062 eo
703 2028 849 2075 primitus
869 2027 1022 2062 obtinere.
1045 2028 1137 2071 Quod

393 2078 418 2112 si
440 2089 533 2112 secus
553 2085 656 2111 actum
686 2077 789 2121 fuerit,
813 2078 899 2112 lirina
923 2091 976 2113 seu
1002 2079 1139 2113 venditio

395 2128 459 2182 ipsa
495 2134 524 2161 et
552 2135 731 2161 contractus
763 2127 895 2182 quilibet
923 2140 1019 2174 smper
1048 2141 1139 2182 prae-

396 2176 501 2210 missis
522 2176 630 2214 ιιιίιυ5
652 2176 715 2212 sint
743 2177 820 2211 irriti
845 2190 883 2211 eo
912 2177 995 2225 ipso·
1024 2190 1059 2212 ac
1089 2191 1139 2212 ιιι-

396 2233 567 2262 strumenta
598 2234 627 2260 et
662 2226 819 2274 quaelibet
857 2227 916 2261 alia
950 2227 1138 2262 documenta

395 2288 490 2323 super
516 2277 562 2311 eis
588 2278 726 2312 conlecta
767 2278 882 2312 nullam
902 2277 1063 2312 obtineant
1086 2278 1138 2311 lir-

398 2327 546 2362 mitatem.
569 2326 609 2362 Et
625 2328 832 2362 nibilominus
855 2327 982 2362 abbates
1007 2335 1036 2361 et
1057 2328 1140 2374 prio-

398 2389 464 2422 res,
490 2378 668 2426 caeterique
690 2378 817 2413 abbates
841 2377 983 2425 proprios
1005 2389 1066 2412 non
1085 2377 1140 2411 ha-

397 2426 520 2466 bentes
554 2440 606 2475 qui
639 2437 744 2462 contra
774 2427 904 2463 fecerint
933 2441 987 2475 per
1015 2427 1142 2474 praesi-

398 2475 508 2512 dentes
542 2477 784 2524 proviucialibus
822 2478 988 2525 capitulis,
1026 2477 1138 2512 caeteri

400 2537 469 2561 vero
498 2539 551 2574 per
573 2526 701 2562 abbates
728 2527 774 2561 vcl
798 2528 876 2563 alios
894 2528 1075 2576 superiores
1094 2540 1141 2562 eo-

400 2588 480 2629 rum,
515 2586 685 2624 arguantur
718 2578 853 2623 graviter
888 2586 917 2613 et
944 2577 1048 2613 debite
1080 2590 1141 2624 pu—

401 2634 533 2660 urantur.

964 236 1064 260 BULLA
1070 237 1151 260 tuum
1180 238 1339 261 ROMANUM

1461 294 1542 330 em».
1570 295 1638 331 XV.

1227 366 1391 401 Praeterea
1438 368 1607 403 statuimus
1647 377 1677 403 et
1716 370 1921 411 ordinamus

1177 417 1260 469 quod
1283 417 1449 457 antistites,
1485 417 1629 462 abbates,
1660 419 1778 465 priores
1800 428 1831 455 et
1851 432 1922 456 cae-

1178 465 1233 499 teri
1262 465 1529 501 administratores
1560 468 1605 502 vel
1641 469 1764 503 monaci
1787 478 1816 504 et
1844 481 1921 504 con—

1179 515 1258 549 versi
1281 516 1422 551 eiusdem
1451 516 1573 552 ordinis
1598 530 1654 552 seu
1671 518 1843 564 religionis
1859 520 1923 565 pri-

1180 564 1306 609 tilegia,
1338 566 1444 600 literas
1469 574 1500 600 et
1540 567 1770 608 instrumenta,
1809 568 1924 615 quibus

1180 591 1358 656 libertates
1386 615 1613 662 possessiones,
1635 628 1686 651 res
1707 626 1737 651 et
1754 617 1819 652 iura
1843 617 1927 652 loco-

1180 675 1249 697 rum
1272 672 1302 698 et
1320 642 1626 701 administrationum
1647 678 1774 701 suarum
1797 667 1925 702 firman-

1180 721 1245 756 tur,
1273 725 1341 748 vasa
1369 714 1462 748 etiam
1495 727 1585 750 aurea
1618 723 1648 750 et
1680 723 1845 761 argentea,
1873 729 1926 752 or-

1181 770 1324 797 namenta
1346 764 1570 810 ecclesiastica,
1606 765 1721 805 libros,
1757 767 1925 811 pecunias,

1180 811 1283 856 blada,
1311 813 1393 851 vina,
1415 813 1561 849 animalia
1584 822 1614 849 et
1648 827 1696 849 res
1731 815 1807 850 alias
1835 824 1927 851 nota-

1180 860 1257 894 biles
1284 874 1339 896 seu
1364 863 1537 908 preciosas
1562 864 1598 898 ad
1624 864 1792 909 Ecclesias,
1816 878 1928 900 mona-

1179 911 1272 944 steria
1302 923 1358 945 seu
1388 912 1452 946 loca
1484 924 1593 947 eorum
1625 915 1813 960 spectantia
1840 923 1926 950 extra

1181 959 1360 1000 Ecclesias,
1403 964 1591 997 monasteria
1632 975 1685 997 seu
1715 963 1781 998 loca
1815 964 1925 999 eadem

1179 1009 1262 1054 apud
1290 1011 1544 1056 consanguineos
1580 1012 1625 1046 vel
1655 1013 1850 1059 propinquos
1871 1026 1924 1048 seu

1179 1059 1258 1093 alios
1272 1071 1504 1107 quoscumque,
1524 1061 1741 1096 fraudulenter
1754 1071 1805 1097 aut
1819 1063 1927 1098 dolose

1181 1121 1209 1142 ιιι
1234 1108 1385 1144 damnum
1405 1109 1630 1155 Ecclesiarum,
1653 1112 1926 1151 monasteriorum.

1181 1158 1320 1193 locorum
1365 1172 1420 1194 seu
1467 1160 1775 1195 administrationum
1812 1161 1928 1197 huius-

1181 1207 1262 1241 modi
1299 1208 1479 1244 nullatenus
1501 1218 1712 1257 transportem
1739 1223 1793 1245 seu
1822 1219 1928 1246 tenere

1181 1266 1398 1304 praesumant;
1427 1267 1455 1292 et
1482 1260 1566 1306 quod
1594 1260 1749 1295 antistites
1766 1288 1773 1299 ,
1801 1260 1928 1296 abbates

1181 1306 1226 1340 vel
1252 1307 1384 1353 priores,
1405 1320 1441 1343 ac
1463 1309 1597 1348 caeteri,
1620 1310 1818 1356 superiorem
1841 1311 1928 1345 eius-

1179 1356 1250 1390 dem
1274 1357 1434 1412 religionis
1458 1370 1519 1392 non
1548 1337 1715 1398 habentes
1743 1359 1795 1406 qui
1819 1369 1926 1395 contra

1180 1405 1328 1445 feceriut
1361 1407 1422 1441 sint
1456 1419 1493 1442 eo
1529 1408 1596 1455 ipso
1624 1421 1678 1455 per
1700 1421 1841 1443 mensem
1878 1410 1928 1444 in-

1178 1467 1288 1500 gressu
1312 1455 1472 1491 Ecclesiae
1495 1457 1664 1501 interdicti,
1679 1465 1708 1492 et
1721 1458 1928 1494 nihilominus

1180 1505 1237 1551 ipsi
1270 1505 1451 1540 huiusmodi
1479 1515 1684 1562 transportata
1720 1516 1749 1541 et
1785 1507 1928 1549 detenta,

1179 1554 1216 1587 ad
1240 1553 1410 1595 Ecclesiam,
1431 1557 1636 1600 monasteria,
1658 1557 1723 1591 loca
1745 1564 1776 1591 et
1799 1557 1930 1592 admini-

1179 1604 1346 1638 strationes
1380 1604 1531 1650 praefatas
1565 1606 1716 1641 reducere
1747 1614 1925 1642 teneantur.

1180 1652 1220 1686 Et
1246 1653 1270 1687 si
1294 1653 1459 1693 abbatum,
1483 1655 1624 1701 priorum
1657 1664 1687 1690 et
1714 1655 1846 1690 aliorum
1871 1656 1930 1691 ad-

1179 1702 1426 1738 ministratorum
1458 1705 1638 1751 superiores
1670 1707 1725 1748 (ut
1762 1707 1927 1752 praemitti-

1181 1755 1246 1793 tur)
1277 1764 1337 1786 non
1362 1752 1560 1795 habentium,
1583 1755 1791 1800 transgressio
1819 1756 1929 1790 mani-

1180 1801 1254 1835 festa
1274 1813 1329 1835 seu
1355 1810 1425 1837 nota
1449 1802 1551 1843 fuerit,
1580 1816 1634 1850 per
1657 1804 1903 1860 praesidentes
1896 1818 1927 1839 ιιι

1181 1851 1363 1896 provinciali
1405 1853 1544 1900 capitulo
1571 1865 1627 1888 seu
1664 1854 1839 1889 visitatores
1871 1867 1929 1902 per

1180 1900 1263 1935 idem
1301 1901 1474 1948 capitulum
1511 1903 1731 1950 deputandos,
1775 1916 1929 1939 censurae

1179 1954 1312 1999 graviori
1341 1966 1376 1988 ac
1411 1953 1536 1988 debitae
1559 1954 1763 1989 satisfactioni
1786 1954 1930 1990 subdan—

1180 2011 1238 2038 tur.
1269 2004 1329 2038 Alii
1359 2016 1433 2039 vero
1469 2005 1634 2039 inferiores
1660 2004 1929 2041 administratores

1180 2063 1209 2089 et
1238 2063 1485 2100 transgressores
1511 2055 1580 2102 ipso
1607 2055 1686 2089 sacto
1713 2055 1777 2089 sint
1798 2064 1828 2090 et
1861 2068 1931 2103 per-

1181 2113 1327 2139 maneant
1355 2117 1410 2150 per
1435 2117 1553 2139 annum
1577 2105 1734 2150 integrum
1756 2104 1796 2139 ab
1818 2117 1927 2140 eorum

1181 2154 1291 2188 officiis
1313 2163 1341 2188 ot
1364 2154 1691 2189 administrationibus
1706 2155 1866 2201 suspensi.
1890 2154 1930 2189 Et

1180 2205 1204 2237 si
1227 2216 1337 2239 eorum
1363 2205 1571 2250 transgressio
1596 2204 1758 2239 manifesta
1780 2216 1838 2239 seu
1858 2212 1929 2239 nota

1182 2254 1330 2292 extiterit,
1355 2267 1409 2301 per
1432 2266 1507 2289 suos
1530 2254 1710 2301 superiores
1725 2261 1929 2289 amoveantur

1183 2313 1335 2349 perpetuo
1364 2304 1403 2338 ab
1436 2303 1762 2338 administrationibus
1795 2316 1930 2339 eorum-

1181 2353 1266 2398 dem,
1294 2363 1321 2388 et
1344 2354 1633 2389 administrationes
1660 2353 1840 2388 huiusmodi
1876 2366 1931 2401 per

1183 2409 1307 2443 eosdem
1331 2409 1526 2455 superiores,
1561 2409 1598 2443 ad
1623 2421 1704 2456 quos
1725 2421 1834 2443 eorum
1858 2409 1931 2443 col—

1184 2462 1255 2496 latio
1279 2463 1476 2510 pertinuerit,
1504 2463 1574 2498 aliis
1597 2462 1695 2498 libere
1717 2462 1930 2497 conferantur.

1182 2517 1351 2564 Simplices
1364 2525 1467 2552 autem
1482 2518 1602 2552 monaci
1627 2526 1654 2552 et
1675 2518 1817 2552 conversi
1835 2525 1932 2552 trans-

1183 2585 1343 2618 gressores
1388 2573 1451 2607 sint
1498 2571 1653 2607 inhabiles
1687 2572 1724 2607 ad
1761 2571 1931 2607 obtinenda

1184 2626 1341 2673 quat-libet
1368 2626 1521 2662 beneficia
1544 2635 1573 2661 et
1597 2626 1695 2661 officia
1725 2626 1824 2674 ipsius
1845 2625 1932 2661 ordi-

1939 242 1987 269 An.
2010 241 2119 269 &15:55

1950 385 1977 405 De
2005 385 2049 410 priv
2038 384 2087 404 viter
2082 386 2120 409 ,ς”ε

1937 421 1958 438 et
1987 417 2049 437 retius
2074 416 2119 436 atii<

1937 453 1977 468 non
2020 448 2117 467 tenendis

1936 483 1995 499 extra
2015 479 2027 498 l
2030 484 2061 498 »ac
2083 479 2121 497 d<

1937 511 2058 531 ministrant
2054 515 2112 529 num
