2274 3265
202 273 250 297 An.
269 273 298 298 C.
316 271 381 298 11107

216 673 266 692 lllud
283 674 302 692 in
317 679 340 689 v..

203 711 219 729 :t
238 708 276 722 litut
293 707 364 722 mutat,

214 1756 339 1777 (lanuuium,
355 1762 358 1765 ·

207 1793 304 1813 nemque
339 1785 389 1805 inibi

208 1820 306 1840 institute,

449 260 469 292 6
476 260 519 292 -18

399 325 506 371 paritis
543 322 761 357 ‹titticittimum
789 330 819 355 et
852 322 1073 368 longissimum
1114 336 1149 357 ac

397 374 485 420 quasi
510 371 702 419 impossibile
726 371 963 417 reputavimus,
991 372 1028 406 ad
1054 385 1150 419 rept-

399 422 543 456 riendum
584 421 695 455 sn‘uris
726 433 780 454 seu
817 421 980 466 religiosos
1021 421 1150 455 alterius

397 471 530 505 Ordinis
557 479 585 503 ct
614 469 800 514 religioniS,
829 482 883 516 ptr
914 482 995 516 quos
1028 471 1147 505 dictum

399 520 623 554 monasterium
654 526 759 564 posset
787 519 816 552 in
846 518 925 552 bona
960 527 989 553 et
1018 519 1149 565 regulari

398 568 594 603 observantia
623 568 798 602 reformari.

449 623 463 661 ᾖ
491 622 524 652 9.
552 617 751 664 Quapropter
785 617 922 651 seientes
956 617 1152 651 venerabiles

361 669 482 702 c*viros
509 667 547 701 D.
584 666 754 700 Martinum
782 666 952 707 Quirinum
987 675 1016 700 et
1050 666 1152 699 socios

399 719 467 751 eius
493 716 626 751 clericos
649 715 838 758 saeculares,
860 715 912 761 qui
941 715 978 749 ad
1004 727 1152 762 praesens

400 778 518 800 moram
544 765 669 799 trabunt
694 765 722 798 iu
746 764 927 810 supradicto
950 764 1152 807 monasterio,

400 827 584 861 magnarum
609 814 760 848 virtutum
784 821 814 847 ct
842 825 966 846 morum
995 825 1064 847 esse
1086 824 1153 858 gra-

400 866 493 898 vitate
520 864 696 901 decoratos,
720 874 754 896 ac
777 863 806 895 in
829 862 950 896 eisdem
975 861 1150 895 clericalem

401 913 597 947 honestatem
625 911 705 945 adeo
732 912 915 953 enitentem,
940 917 972 943 ut
995 911 1074 944 vitae
1097 910 1152 956 ip-

400 975 508 996 sorum
532 961 628 996 odore
659 968 758 994 status
788 959 1025 993 ecclesiasticus
1059 960 1153 993 mira-

400 1011 505 1045 biliter
528 1018 726 1049 venustetur;
754 1017 784 1043 et
814 1008 971 1042 dictorum
1006 1009 1152 1054 exemplo

400 1061 436 1093 ad
465 1059 665 1106 disciplinam
694 1057 941 1092 ecclesiasticam
971 1065 1001 1091 et
1040 1057 1150 1091 mundi

400 1117 617 1155 contemptum
646 1107 916 1155 quamplurimum
940 1106 1151 1140 attrahamur:

399 1159 509 1205 sicque
546 1157 694 1201 habilem,
721 1156 947 1203 exemplarem,
978 1164 1099 1190 certum
1124 1164 1153 1190 et

401 1209 517 1241 clarum
541 1206 771 1242 reformationis
795 1205 943 1253 praedicti
973 1205 1152 1239 monasterii

403 1256 530 1290 modum
554 1256 593 1290 de
616 1256 760 1302 personis
787 1254 878 1289 nobis
901 1255 1084 1302 plenissime
1106 1267 1154 1288 co-

402 1306 511 1351 guitis,
544 1317 667 1339 necnon
696 1312 724 1338 et
753 1305 838 1338 clero
865 1312 895 1338 et
930 1305 1048 1350 populo
1070 1304 1153 1337 civi-

403 1355 474 1388 tatis
490 1354 585 1388 liuius
599 1354 765 1391 babentes,
791 1354 856 1387 vias
878 1353 1013 1387 incertas
1035 1361 1065 1386 et
1089 1365 1155 1400 per-

403 1416 496 1437 sonas
530 1403 718 1449 incognitas,
746 1415 793 1443 ac,
827 1410 974 1449 utsupra
1003 1402 1153 1442 diximus,

404 1452 604 1486 difficultates
619 1452 869 1498 quamplurimas
892 1451 1099 1489 declinantes,
1115 1451 1154 1484 de

403 1502 536 1535 consilio
559 1501 694 1549 plurium
719 1500 945 1534 venerabilium
979 1508 1009 1534 et
1031 1513 1155 1547 appro—

406 1551 548 1585 batorum
578 1551 729 1587 virorum,
756 1562 791 1583 ae
818 1550 911 1583 etiam
935 1549 973 1583 de
996 1561 1153 1583 consensu

403 1600 550 1634 antedicti
575 1600 611 1633 l).
637 1599 760 1646 prioris,
782 1599 964 1632 auctoritate
984 1599 1154 1644 apostolica

405 1659 514 1682 tenore
541 1649 753 1695 praesentium
782 1648 932 1694 praedicti
963 1648 1155 1691 monasterii,

404 1697 531 1745 capituli
561 1706 591 1731 et
614 1697 775 1731 Ecclesiae
803 1705 919 1730 statum
957 1697 1153 1743 antiquatum

371 1760 389 1773 ν·
406 1747 651 1794 praesentialiter
670 1754 851 1785 mutamus·,
879 1746 1102 1780 transferentes
1125 1746 1153 1779 in

406 1809 520 1830 novum
544 1804 659 1830 statum
680 1795 861 1841 collegiatae
896 1795 1058 1829 Ecclesiae
1087 1808 1156 1829 sae-

405 1845 531 1883 eatan-is„
559 1845 783 1879 canonicorum
801 1845 1009 1878 saecularium
1039 1853 1069 1878 et
1091 1844 1156 1878 cle-

407 1896 542 1929 ricorum
566 1895 658 1928 simul
679 1894 910 1927 conviventium
926 1921 934 1937 ,
969 1905 1158 1928 convescen-

406 1946 497 1986 tium,
520 1944 784 1977 commorantium
809 1951 838 1976 et
860 1942 961 1976 Deum
979 1943 1158 1977 collaudau-

407 1996 497 2032 tium,
525 1993 637 2027 officiis
660 1992 824 2026 nocturnis
844 1992 959 2038 pariter
972 2001 999 2025 et
1022 1992 1156 2032 diurnis,

407 2055 440 2076 aa:
455 2043 492 2076 ad
509 2042 567 2076 boc
590 2041 783 2076 venerabiles
799 2041 891 2081 viros,
908 2041 1049 2075 videlicet
1065 2042 1103 2076 D.
1117 2041 1157 2075 D.

408 2093 583 2126 Antonium
607 2091 749 2129 Corario,
764 2090 944 2124 Gabrielem
963 2090 1157 2124 (Iondotnw-

409 2142 465 2182 rio,
500 2141 697 2188 Stephanum
714 2140 918 2179 Mauroceno,
951 2139 1155 2174 Franciseum

409 2190 513 2224 Bai-bo
540 2191 579 2223 de
608 2190 759 2233 Venetiis,
782 2190 974 2224 Mattbaeum
991 2189 1030 2223 de
1046 2190 1156 2223 Strada

408 2240 447 2272 de
485 2239 601 2286 Papia,
636 2239 817 2273 Romanum
859 2239 898 2272 de
932 2239 1080 2273 Roduillo
1119 2239 1158 2272 de

409 2288 597 2332 Mediolano,
619 2288 802 2335 Lucamque
838 2288 975 2335 Philippi
1006 2288 1045 2321 de.
1085 2288 1159 2322 Este

409 2338 599 2378 sacerdotes,
618 2347 648 2372 et
663 2338 809 2372 dominos
828 2338 985 2371 Marinum
1009 2337 1158 2381 Quirino,

410 2387 591 2421 Michaelem
614 2387 851 2425 Condolmcrio,
874 2387 1080 2421 Laurentium
1105 2387 1160 2420 lu—

410 2437 544 2470 stiuiano
570 2437 608 2469 de
636 2436 799 2475 Venetiis,
832 2437 981 2470 loannem
1015 2436 1053 2469 de
1090 2436 1160 2469 Piz-

411 2486 557 2524 zinardis,
582 2485 743 2519 Simonem
772 2486 811 2519 de.
838 2486 975 2520 Persicis
1009 2485 1047 2518 de
1081 2484 1159 2519 Cre-

413 2546 517 2576 moua,
539 2534 767 2581 Hieronymum
796 2535 835 2568 (le
858 2535 975 2568 Mussis
997 2534 1035 2567 de
1064 2534 1158 2580 Papia

412 2584 578 2625 diaconOS,
626 2596 660 2617 ac
700 2585 791 2617 etiam
835 2584 903 2617 DD.
946 2583 1159 2628 Augustinum

413 2632 451 2665 dc
472 2631 630 2666 Gustatdis
657 2633 694 2667 tle
721 2632 828 2680 Papia,
857 2633 1014 2678 Angelum
1042 2632 1161 2666 Serdo-

983 269 1168 292 BULLARit'tu
1197 270 1357 292 ttOMANL'M

1193 324 1253 357 nati
1277 323 1315 357 de
1338 322 1500 364 CulcitriS,
1523 322 1662 356 Marcum
1696 321 1943 362 Condolmerio,

1194 372 1394 406 Dominicum
1418 371 1607 405 Mauroceno
1634 371 1672 404 de
1700 370 1843 405 Venetiis
1865 371 1944 405 sub—

1192 421 1353 459 diaconos,
1381 432 1485 453 coram
1511 420 1602 453 nobis
1629 428 1786 463 evocatos,
1800 428 1828 453 ct
1853 420 1945 454 llexis

1192 470 1326 516 genibus
1361 469 1578 506 constitutos,
1615 469 1723 502 eadem
1758 469 1945 503 auctoritate

1195 519 1373 564 recepimus
1398 518 1426 552 in
1455 518 1627 551 canonicos
1654 527 1682 551 et
1711 517 1821 551 fratres
1843 517 1945 551 dictae

1195 568 1353 602 Ecclesiae
1375 580 1430 601 seu
1455 567 1513 601 loci
1538 567 1571 600 S.
1602 566 1729 612 Georgii
1759 567 1788 600 in
1804 567 1894 612 Alga,
1916 575 1947 599 et

1195 617 1280 663 ipsos
1303 628 1414 650 omnes
1442 626 1469 650 et
1506 616 1650 661 singulos
1686 616 1882 649 instituimus
1917 624 1947 650 et

1195 665 1445 711 praesentialiter
1462 666 1660 705 investimus,
1681 678 1752 699 cum
1776 665 1861 699 omni
1880 665 1948 712 ple-

1195 715 1340 749 nitudine
1364 715 1440 749 iuris
1468 715 1610 749 canonici
1635 727 1690 762 per
1712 714 1864 748 annulum
1890 726 1948 748 no-

1194 773 1305 798 strum.

1243 814 1263 859 S
1288 815 1343 847 10.
1367 812 1549 847 Statuentes
1568 812 1653 860 ipsos
1671 812 1841 846 canonicos
1855 820 1885 846 et
1906 812 1949 858 ip-

1194 874 1302 897 sorum
1331 874 1532 896 successores
1560 874 1614 909 per
1640 862 1768 896 eosdem
1796 862 1948 895 canonice

1196 911 1413 958 recipiendos
1432 919 1462 945 et
1491 911 1721 949 instituendos,
1758 911 1796 944 de
1824 919 1948 945 caetero

1196 961 1387 995 constituere
1409 960 1579 1006 collegium
1603 968 1633 994 et
1649 960 1825 1006 capitulum
1846 960 1947 994 dictae

1197 1009 1355 1044 Eetlesiae
1382 1010 1448 1044 sive
1480 1010 1558 1052 loci,
1594 1009 1623 1043 in
1656 1009 1741 1056 quod
1778 1009 1947 1054 collegium

1196 1060 1299 1093 omnia
1323 1059 1388 1093 iura
1412 1037 1585 1113 spiritualia
1608 1066 1638 1092 et
1662 1058 1857 1105 temporalia,
1881 1070 1951 1092 nec-

1197 1120 1258 1142 non
1293 1117 1323 1142 et
1348 1120 1455 1142 curam
1485 1108 1687 1150 animarum,
1716 1107 1886 1153 prioratum
1915 1120 1950 1140 ac

1195 1169 1432 1204 quamcumque
1456 1157 1546 1191 aliam
1568 1156 1813 1203 praesidentiam
1845 1166 1874 1190 et
1901 1156 1952 1190 di-

1195 1207 1346 1252 gnitatem
1377 1215 1437 1240 tam
1473 1207 1501 1240 in
1538 1205 1756 1252 spiritualibus
1790 1217 1884 1251 quam
1921 1206 1950 1239 iu

1197 1255 1437 1303 temporalibus,
1459 1256 1540 1289 circa
1566 1268 1615 1290 res
1641 1264 1671 1289 et
1697 1266 1848 1301 personas
1875 1267 1953 1300 spe-

1196 1313 1316 1339 ctantes
1345 1305 1546 1344 monasterio,
1562 1304 1735 1347 Ecclesiae,
1763 1304 1900 1350 capitulo
1923 1313 1952 1337 et

1196 1355 1364 1388 conventui
1379 1354 1570 1401 praelibatis,
1588 1353 1837 1401 praesentialiter
1856 1362 1953 1387 trans-

1198 1404 1327 1438 ferimus
1362 1403 1455 1450 pleno
1486 1404 1566 1437 iure.

1245 1453 1265 1499 g
1294 1455 1345 1486 ΙΙ.
1382 1452 1574 1486 lutlucentes
1609 1464 1722 1486 omnes
1752 1460 1780 1485 et
1810 1451 1953 1496 singulos

1197 1502 1368 1536 canonicos
1402 1502 1577 1535 saeculares
1605 1501 1805 1547 supradictos
1827 1500 1857 1534 in
1882 1512 1952 1534 cor-

1198 1551 1336 1597 poralem
1357 1551 1601 1597 possessionem,
1618 1550 1664 1584 vel
1678 1551 1780 1596 quasi,
1795 1550 1951 1584 dictorum

1197 1601 1441 1634 canonicatuum
1465 1600 1691 1637 saecularium,
1719 1611 1775 1646 per
1812 1611 1951 1645 pannum

1198 1649 1326 1683 maioris
1341 1649 1445 1683 altaris
1461 1649 1563 1683 dictae
1578 1648 1741 1683 Ecclesiae
1763 1648 1796 1681 S.
1811 1646 1953 1694 Georgii,

1197 1699 1288 1732 stallo
1310 1699 1340 1732 in
1369 1699 1467 1732 choro
1495 1706 1524 1732 et
1549 1698 1618 1732 loco
1655 1699 1684 1731 in
1717 1697 1856 1744 capitulo
1893 1699 1951 1732 sibi

1198 1748 1368 1794 assignatis
1408 1749 1549 1795 ipsorum
1592 1747 1728 1794 propriis
1770 1747 1953 1781 nominibus

1198 1806 1229 1831 et
1251 1798 1392 1831 omnium
1416 1797 1550 1832 aliorum
1575 1797 1823 1843 praesentialiter
1843 1796 1953 1830 absen-

1199 1848 1302 1886 tium,
1332 1855 1488 1881 reservato
1517 1856 1620 1881 tamen
1653 1858 1778 1892 semper
1814 1846 1971 1892 praefato·

1201 1896 1368 1930 venerabili
1393 1897 1457 1930 viro
1487 1895 1523 1929 l).
1547 1895 1710 1930 Ludovico
1739 1895 1834 1942 priori
1857 1895 1954 1929 dum-

1200 1953 1283 1979 taxat
1299 1945 1388 1979 titulo
1411 1946 1508 1992 ipsius
1525 1945 1695 1992 prioratus,
1719 1945 1795 1978 itaut
1819 1944 1857 1978 de
1878 1957 1952 1979 cura

1199 2007 1253 2029 seu
1278 1995 1431 2040 regimine
1465 1995 1619 2028 dictorum
1657 1994 1883 2028 canonicorum
1924 2003 1952 2027 et

1199 2045 1332 2078 aliorum
1362 2044 1562 2086 clericorum,
1590 2056 1831 2081 conversorum,
1865 2043 1953 2076 obla-

1201 2102 1304 2127 torum
1320 2101 1349 2126 et
1363 2094 1495 2127 aliorum
1512 2094 1746 2140 cuiuscumque
1762 2092 1953 2126 conditionis

1201 2147 1351 2181 laicorum
1373 2148 1402 2181 in
1419 2147 1503 2181 dicto
1520 2147 1588 2180 loco
1603 2147 1808 2188 morantium,
1831 2158 1864 2179 se
1882 2146 1954 2180 nul-

1202 2201 1323 2235 latenus
1347 2201 1444 2235 valeat
1461 2201 1625 2248 impedire,
1642 2213 1678 2234 ac
1699 2201 1792 2234 etiam
1818 2213 1873 2247 pro
1895 2213 1954 2235 suo

1202 2254 1334 2288 honesto
1364 2255 1458 2295 victu,
1487 2262 1641 2289 reservata
1666 2253 1724 2287 sibi
1748 2255 1837 2288 tertia
1868 2263 1953 2300 parte

1201 2309 1342 2342 omnium
1374 2309 1566 2352 reddituum,
1590 2308 1748 2342 fructuum
1772 2316 1800 2341 et
1826 2320 1955 2354 proven-

1202 2371 1289 2396 tuum
1307 2363 1408 2396 dictae,
1432 2363 1603 2402 Ecclesiae,
1619 2362 1683 2395 sive,
1706 2361 1953 2400 loci,‹lel'al‹·atis

1202 2426 1228 2450 et
1253 2417 1397 2450 dedus-tis
1419 2417 1565 2463 expensis
1588 2415 1741 2449 faciendis
1771 2427 1826 2461 pro
1849 2417 1954 2449 recol—

1203 2470 1337 2515 ligendis
1363 2479 1391 2503 et
1420 2470 1637 2504 conducendis
1665 2469 1818 2503 fructibus
1848 2469 1955 2503 Vene-

1204 2524 1274 2565 tias,
1300 2532 1326 2556 et
1353 2524 1502 2557 omnibns
1525 2524 1593 2557 aliis
1615 2523 1775 2569 expensis,
1798 2535 1879 2569 quae
1901 2523 1954 2557 fa-

1202 2577 1332 2610 ciendae
1365 2586 1456 2611 erunt
1491 2586 1576 2611 extra
1615 2590 1730 2623 corpus
1761 2577 1863 2610 dictae
1891 2577 1954 2611 Ec-

1204 2632 1316 2665 clesiae
1340 2632 1404 2665 sive
1444 2633 1512 2665 loci.
1548 2632 1710 2678 Expcnsas
1744 2642 1848 2666 autem
1871 2632 1953 2666 circa

1961 270 2011 296 An.
2030 270 2058 295 C.
2076 270 2141 296 1⁴07

1977 815 2000 835 Et
2033 816 2058 835 de
2086 815 2147 834 lionis

1962 846 2149 866 monasteiiieius«

1963 880 2009 899 dem
2025 878 2119 897 investit.

1981 1459 2049 1480 Priori
2065 1462 2151 1486 antiquo

1968 1490 2091 1511 consutitde
2102 1493 2152 1511 red-

1968 1522 2045 1542 ditibus
2067 1524 2151 1542 annuis.
