2274 3265
91 289 141 316 An.
161 289 188 315 C.
207 290 272 316 ¹55ss

880 288 1050 310 nfixssntffl't
1061 288 1075 309 S
1100 288 1116 308 Χ

289 343 449 389 religionis
480 343 524 377 vel
558 343 690 377 aliorum
721 343 873 377 maiorum
903 344 933 376 in
961 342 1038 388 ipsis

290 393 439 427 Ecclesiis
475 401 544 439 post
576 392 729 427 antistites
755 404 862 426 eorum
896 391 1037 426 existen-

288 443 392 484 tium,
431 454 638 488 quocumque
675 442 802 476 nomine
841 453 1038 486 nuncupen-

288 500 348 529 tur,
383 499 646 537 caeterorumque
669 491 879 537 praelatorum
909 490 1038 525 abbates

288 541 432 587 proprios
461 553 522 574 non
552 540 753 578 habentium,
779 549 811 574 ut
840 539 1037 586 praefertur,

287 599 503 637 exemptornm
526 589 645 624 ordinis
674 602 730 623 seu
760 589 922 634 religionis
948 589 1038 623 eius-

286 640 369 674 dem.
394 639 442 673 Ad
470 639 552 686 quod
576 639 705 686 quidem
734 639 907 684 capitulum
930 639 1037 681 (iusto

289 689 514 734 impedimento
537 692 689 732 cessante)
714 688 864 734 praedicti
894 687 1036 728 abbates,

288 738 407 783 priores
441 746 473 772 et
509 738 634 784 praelati
670 737 721 772 alii
753 737 942 772 conteniant
965 737 1038 772 uni-

289 788 377 821 tersi.
406 786 444 821 Et
470 787 551 821 circa
575 787 605 821 id
634 786 670 821 ad
700 787 956 822 relormationem
986 800 1038 821 ot-

286 836 370 871 ‹linis
396 849 451 870 seu
479 836 641 882 religionis
667 835 847 871 huiusmodi
870 845 901 871 et
927 836 1038 872 obser-

288 886 420 920 tantiam
455 886 631 930 regularem
668 885 843 932 adimplere
865 885 1036 931 studeant,

285 947 365 981 quae
400 935 430 968 in
458 935 683 969 constitutione
721 935 904 970 huiusmodi
933 937 1037 983 expli-

285 992 405 1018 cantur.
442 984 504 1026 Qui
540 996 611 1019 vero
645 984 683 1018 ad
720 984 821 1030 ipsum
861 986 1035 1032 capitulum

286 1033 492 1079 personaliter
516 1034 620 1068 venire
651 1034 867 1081 nequiverint:
897 1035 935 1069 ad
959 1034 1037 1069 alle-

285 1083 419 1127 gandam
444 1083 515 1118 iusti
545 1083 763 1130 impedimenti
792 1096 920 1118 causam
949 1096 1038 1118 com-

286 1145 452 1167 monacum
486 1145 579 1167 suum
612 1132 754 1167 eiusdem
790 1132 949 1168 Ecclesiae
988 1134 1036 1168 vel

285 1182 464 1217 monasterii
489 1182 525 1225 (si
548 1181 715 1216 commode
742 1181 809 1216 ficri
828 1181 937 1225 valeat)
959 1182 1036 1218 alio-

283 1231 358 1278 quin
383 1231 478 1266 alium
503 1231 653 1265 idoneum
676 1243 747 1265 cum
767 1231 932 1265 sufficienti
951 1244 1036 1266 man-

283 1281 355 1315 dato
380 1293 506 1315 causam
535 1280 748 1315 excusationis
770 1280 981 1315 sufficientem
1006 1289 1036 1315 et

283 1330 410 1370 claram,
433 1339 463 1364 et
496 1330 590 1364 etiam
619 1337 804 1376 potestatem
842 1330 871 1364 in
912 1331 1035 1364 animas

283 1391 394 1414 eorum
419 1378 541 1413 iurandi
566 1391 669 1414 veram
693 1391 763 1413 esse
779 1391 908 1413 causam
931 1379 1034 1414 huius-

284 1428 367 1463 modi
390 1428 634 1475 exprimentem,
657 1429 694 1463 ad
719 1428 839 1463 dictum
860 1429 1033 1475 capitulum

283 1478 492 1513 transmittere
516 1486 700 1513 teneantur:
729 1487 887 1513 reservato
916 1479 1035 1525 pracsi-

281 1528 422 1562 dentium
452 1527 631 1562 huiusmodi
666 1527 913 1574 provincialibus
945 1529 1033 1575 capi-

284 1577 356 1611 tulis
387 1576 527 1611 arbitrio.
563 1576 708 1618 Quorum
738 1585 875 1624 potestas
903 1577 941 1611 de
969 1590 1034 1612 uno

284 1626 465 1672 provinciali
485 1626 523 1660 ad
540 1626 625 1660 aliud
645 1626 836 1673 provinciale
858 1628 1031 1674 capitulum

283 1675 395 1710 babeat
420 1675 607 1722 perdurare:
638 1685 670 1710 nt
694 1689 748 1722 pro
771 1688 880 1711 eorum
904 1676 1032 1712 arbitrio

281 1725 452 1760 decernere
475 1726 609 1769 valeant,
637 1738 674 1760 an
699 1738 793 1760 causa
821 1727 1033 1761 excusationis

282 1775 327 1809 vel
355 1787 468 1809 causac
496 1775 760 1814 excusationum,
788 1788 860 1810 cnm
889 1776 1032 1810 diversae

280 1825 429 1870 allegatae
465 1824 590 1868 suerint,
625 1824 816 1860 sufficientes
840 1825 884 1859 vel
909 1825 1031 1859 insuffi-

280 1875 400 1908 cientes
422 1874 556 1909 existant
578 1887 584 1908 :
620 1883 650 1908 ct
685 1875 770 1921 quod
794 1875 943 1921 cuiquam
969 1887 1029 1909 non

281 1925 320 1958 sit
356 1923 477 1958 licitum
501 1924 540 1958 ab
563 1936 673 1958 eornm
697 1924 823 1958 decreto
846 1936 943 1970 super
972 1924 1032 1959 hoc

283 1973 388 2008 frivole
410 1973 582 2019 appellare,
611 1973 656 2007 vel
693 1974 805 2020 quovis
842 1973 935 2007 modo
971 1973 1030 2007 alio

282 2023 461 2057 reclamare.
490 2023 558 2056 Non
590 2023 1030 2068 venientesautcm,legitimo

281 2072 509 2120 impedimento
531 2080 685 2112 cessante,
710 2072 754 2107 vel
769 2082 983 2107 excusatorem
1001 2081 1031 2107 et

282 2131 516 2169 procuratorem
564 2134 805 2157 commonacum
846 2135 937 2156 snum
984 2122 1029 2156 vel

280 2172 375 2206 alium
398 2173 546 2206 idoneum
583 2184 654 2206 cum
687 2172 852 2206 sufficienti
883 2171 1030 2206 mandato

280 2222 316 2256 ad
341 2221 428 2261 illud,
454 2229 485 2256 ut
510 2222 728 2267 praemittitur,
752 2233 813 2255 non
844 2222 1029 2264 mittentes,

281 2280 445 2306 teneantur
480 2270 614 2316 duplum
643 2271 724 2314 eius⁷
743 2270 826 2317 qnod
860 2271 1027 2316 expensuri

281 2321 414 2355 fuissent
448 2319 484 2355 ad
524 2320 717 2366 praedictum
758 2320 932 2367 capitulum
970 2333 1030 2355 ve—

281 2370 398 2405 niendo
425 2377 455 2404 ct
491 2369 519 2403 in
548 2381 585 2403 eo
614 2369 764 2404 motando
795 2382 830 2404 ac
866 2370 1029 2404 redeundo

279 2419 419 2467 abipso
444 2420 526 2453 iuxta
562 2419 746 2453 eorumdem
783 2420 1028 2474 praesidentium

278 2469 440 2504 arbitrium
467 2481 521 2503 seu
546 2468 671 2502 maioris
694 2468 789 2515 partis
804 2481 912 2503 eorum
936 2470 1029 2503 aesti-

279 2518 405 2557 mando,
427 2519 455 2551 in
474 2519 608 2552 termino
630 2531 684 2564 per
707 2530 790 2565 ipsos
814 2518 1028 2573 praesidentes

278 2568 463 2611 statuendo,
496 2568 668 2607 exsolvere,
685 2567 713 2601 in
734 2567 898 2602 utilitatem
930 2569 1029 2613 ipsius

279 2595 478 2672 provincialis
496 2616 624 2663 capituli
648 2625 792 2651 coniciti
799 2617 906 2650 ndum
921 2617 1030 2658 Quod-

277 2679 339 2714 que
363 2666 481 2714 possint
508 2666 566 2713 ipsi
593 2665 808 2713 praesidemus
828 2666 897 2700 illos
915 2667 951 2700 ad
974 2667 1029 2701 du-

1713 276 1782 308 529

1080 341 1164 387 plum
1189 341 1371 375 huiusmodi
1400 341 1626 376 exsolvendum
1644 354 1697 388 per
1717 352 1832 376 ceusu-

1080 403 1144 424 ram
1178 389 1425 425 ecclesiasticam
1449 391 1632 425 auctoritate
1659 391 1830 437 apostolica

1079 451 1238 474 coercere.
1262 439 1442 486 Eorumque
1465 452 1560 486 super
1575 439 1634 475 hoc
1650 439 1831 475 faciendum

1081 501 1266 535 processum
1296 496 1326 524 ct
1353 488 1498 523 serendas
1525 489 1698 524 sententias
1725 490 1832 537 publi-

1079 550 1149 573 care
1171 551 1227 572 seu
1257 537 1410 585 publicari
1435 538 1537 573 facere
1555 539 1583 572 in
1614 538 1690 573 locis
1712 539 1833 574 ordinis

1078 600 1133 622 seu
1175 586 1335 633 religionis
1369 586 1522 622 eiusdem.
1562 587 1599 622 Et
1632 588 1715 635 quod
1751 588 1832 623 circa

1080 637 1184 684 ipsum
1207 636 1342 684 duplum
1380 637 1408 671 in
1439 645 1538 672 totum
1564 636 1610 671 rel
1647 637 1677 671 in
1713 646 1832 692 partem

1080 686 1156 721 nulli
1182 686 1279 721 valeat
1306 686 1404 733 gratia
1429 686 1495 720 lieri
1524 686 1569 721 vel
1607 686 1752 722 remissio
1783 700 1833 721 in-

1078 735 1211 782 dulgeri.
1246 736 1286 770 Et
1306 721 1519 771 nihilominus
1547 743 1656 770 contra
1679 748 1742 770 non
1781 749 1833 771 ve-

1080 786 1201 821 nientes
1224 785 1394 833 praefatOS,
1418 786 1554 820 maxime
1576 785 1600 819 si
1621 797 1654 820 se
1678 785 1834 821 malitiose

1078 834 1266 870 subtrahant
1296 835 1341 870 vel
1372 843 1403 869 ut
1430 835 1662 870 correctionem
1694 834 1834 879 evitent,

1078 884 1142 919 sive
1171 885 1378 920 utnesciatur
1399 893 1500 919 status
1520 884 1682 920 Ecclesiae
1710 883 1756 919 vel
1771 897 1834 920 mo·

1079 935 1204 969 nasterii
1239 934 1437 974 eorumdem,
1471 933 1573 974 alias,
1611 941 1705 981 prout.
1743 933 1835 969 dictis

1079 983 1334 1030 praesidentibus
1367 996 1422 1019 seu
1460 984 1569 1018 maiori
1609 984 1687 1030 parti
1721 995 1833 1019 eorum

1080 1034 1179 1068 risum
1201 1033 1515 1079 suerinprocedatur,
1533 1033 1674 1080 ipsorum
1690 1031 1833 1068 absentia

1079 1095 1139 1117 non
1163 1082 1319 1118 obstante.
1343 1082 1433 1118 Circa
1459 1083 1674 1129 praesidentes
1697 1094 1834 1130 namque

1077 1144 1113 1166 ac
1137 1132 1313 1167 visitatores
1342 1133 1371 1166 in
1400 1132 1521 1167 eisdem
1550 1131 1697 1187 capitulis
1727 1131 1832 1178 depu-

1080 1181 1191 1216 tandos
1219 1191 1249 1216 et
1276 1181 1335 1216 alia
1362 1182 1467 1216 omnia
1497 1182 1528 1216 in
1555 1182 1601 1216 eis
1623 1180 1832 1228 exequenda,

1079 1230 1128 1264 illa
1152 1239 1329 1273 serventur,
1345 1242 1425 1278 quae
1441 1230 1471 1264 in
1489 1230 1569 1265 dicta
1589 1230 1745 1277 generatis
1763 1243 1834 1265 con-

1078 1279 1141 1313 cilii
1169 1288 1200 1314 et
1223 1279 1274 1314 sel.
1299 1292 1362 1314 rec.
1391 1279 1524 1314 Honorii
1548 1280 1653 1327 Papae
1680 1278 1720 1314 Ill
1746 1292 1834 1326 prae-

1077 1328 1256 1363 decessoris
1279 1329 1376 1363 nostri
1399 1329 1683 1364 constitutionibus
1709 1340 1834 1375 expres-

1077 1379 1144 1412 sius
1166 1378 1379 1413 continentur.
1408 1378 1547 1413 Servatis
1570 1386 1673 1413 tamen
1693 1378 1833 1422 statutis,

1076 1427 1331 1462 ordinationibus
1354 1435 1383 1462 et
1397 1427 1631 1462 adiectionibus
1655 1427 1771 1462 nostris
1784 1440 1833 1462 su-

1077 1477 1259 1524 prascriptis
1296 1485 1325 1512 et
1360 1476 1591 1524 infrascriptis,
1623 1476 1834 1524 quemadmo-

1075 1526 1150 1560 dum
1174 1526 1373 1562 modilicatur
1394 1534 1426 1561 et
1453 1527 1676 1573 perstringitur
1704 1525 1736 1560 in
1763 1526 1832 1561 eis-

1075 1575 1158 1610 dem.
1181 1576 1221 1610 Et
1244 1575 1317 1623 quia
1343 1576 1555 1623 praelatorum
1579 1585 1608 1611 et
1626 1587 1831 1611 monacorum

1076 1625 1175 1671 ipsius
1202 1625 1323 1660 ordinis
1342 1638 1396 1660 seu
1422 1625 1585 1672 religionis
1608 1624 1762 1672 regularis
1784 1633 1832 1660 est

1077 1675 1231 1710 institutio
1254 1684 1284 1709 et
1310 1675 1511 1710 observantia
1533 1675 1694 1715 salutaris,
1717 1674 1829 1710 decer-

1075 1724 1193 1765 nimus,
1217 1724 1338 1771 priores
1357 1724 1574 1759 Ecclesiarum
1602 1723 1828 1759 cathedralium

1074 1774 1194 1808 ordinis
1217 1786 1274 1809 seu
1303 1774 1465 1820 religionis
1487 1773 1643 1813 eiusdem,
1674 1781 1728 1808 aut
1755 1785 1830 1808 ma—

1075 1823 1155 1857 iores
1179 1824 1209 1857 in
1234 1824 1311 1871 ipsis
1338 1823 1491 1858 Ecclesiis
1515 1831 1586 1870 post.
1608 1836 1716 1858 earum
1746 1823 1829 1858 auti-

1073 1873 1161 1907 stites
1183 1874 1364 1914 existentes,
1387 1885 1422 1908 ac
1450 1882 1519 1920 post
1557 1873 1643 1921 ipsos
1675 1872 1830 1908 antistites

1075 1923 1248 1968 regularem
1274 1936 1382 1958 curan]
1419 1935 1625 1958 monacorum
1649 1922 1804 1958 habentes
1820 1949 1829 1967 ‚

1072 1985 1277 2020 quorumque
1302 1973 1430 2007 nomine
1457 1981 1664 2012 censeantur,
1687 1972 1726 2007 ad
1751 1985 1829 2008 con-

1074 2022 1286 2056 »eniendum'
1281 2036 1309 2057 ιιι
1325 2023 1402 2070 ipsis
1415 2022 1562 2077 capitulis
1577 2022 1829 2070 provincialibus

1072 2071 1131 2106 suh
1156 2073 1256 2107 modis
1279 2081 1308 2107 et
1337 2085 1446 2127 poenis
1472 2073 1620 2119 superius
1642 2071 1827 2127 designatis,

1073 2133 1194 2156 necnon
1223 2122 1352 2156 eosdem
1391 2122 1511 2169 priores
1547 2134 1602 2156 seu
1631 2121 1765 2157 maiores
1797 2130 1828 2156 et

1071 2171 1218 2217 capitula,
1247 2179 1442 2218 cunctosque
1466 2183 1615 2206 monacos
1642 2171 1825 2206 eorumdem

1072 2221 1286 2255 Ecclesiarum
1315 2223 1382 2256 sire
1407 2221 1680 2261 monasteriorum,
1701 2221 1825 2255 etiamsi

1073 2270 1102 2304 in
1120 2270 1352 2317 ipsisEeelesiis
1382 2270 1427 2305 vel
1449 2270 1646 2305 monasteriis
1660 2282 1716 2305 seu
1740 2278 1826 2305 extra

1071 2332 1105 2354 ea
1130 2320 1326 2375 ubicumque
1355 2321 1537 2367 prioratus,
1566 2319 1666 2354 officia
1695 2319 1741 2354 vel
1769 2319 1827 2354 ad-

1072 2370 1318 2404 ministrationes
1343 2369 1508 2404 habuerint
1531 2382 1586 2404 seu
1621 2381 1739 2403 moram
1764 2377 1826 2403 tra-

1071 2419 1184 2459 xeiint,
1196 2427 1256 2453 tam
1273 2427 1436 2466 exemptos
1458 2431 1552 2474 quam
1570 2431 1631 2453 uon
1648 2427 1824 2465 exemptos,

1070 2469 1191 2503 etiamsi
1206 2469 1263 2514 ipsi
1279 2481 1340 2502 non
1354 2469 1490 2515 exempti
1503 2467 1661 2514 aliquibus
1669 2476 1826 2515 exemptis

1070 2518 1237 2552 antistibus
1260 2518 1321 2552 sint
1343 2517 1485 2557 subiecti
1501 2517 1565 2552 fore
1580 2517 1639 2552 sub
1668 2517 1825 2552 dictorum

1071 2568 1280 2614 capitulorum
1300 2567 1537 2614 proxincialium
1561 2566 1823 2607 districtionibus,

1070 2617 1321 2652 correctionibus
1335 2626 1365 2650 et
1382 2616 1782 2652 ordinationibusinclusos
1793 2625 1824 2651 et

1071 2667 1161 2700 etiam
1180 2666 1425 2713 comprehensos
1445 2674 1472 2700 et
1488 2666 1524 2701 ad
1542 2666 1607 2701 illas
1624 2665 1683 2701 sub
1701 2666 1822 2714 poenis,

1124 287 1145 308 ll
1171 287 1218 308 ΙΨ.

1848 287 1897 312 An.
1918 286 1945 311 C.
1964 286 2030 312 ¹556
