2274 3265
131 278 178 303 Αιι.
200 277 226 302 C.
245 277 308 303 t's50

185 704 213 715 zu<
223 698 248 716 iis
271 697 310 716 mi-

128 732 166 748 nist
171 735 217 747 ιιιιιι
222 734 238 747 ιιι
260 733 309 753 pro—

127 759 259 778 mortalium.

144 991 311 1011 Contributioui—

130 1023 166 1042 tius
178 1028 216 1042 nee
229 1023 308 1046 dandis,

128 1058 165 1072 ner
200 1054 308 1079 arripien-

126 1085 168 1103 dis:

140 1442 257 1464 Studiorum
273 1448 308 1463 ιο-

126 1473 263 1493 ΐοιιιιιιιοιιιτ4

129 2513 312 2536 Caeremoniarum

131 2546 251 2566 ecclesiast.
274 2542 312 2562 ob-

131 2577 263 2597 servatione:

953 276 1114 298 MAnTtNtss
1140 277 1159 297 V
1188 278 1233 299 ΙῬ.

323 341 380 363 nec
394 330 573 377 praedicent
591 329 751 369 novitates,
771 330 815 364 vel
831 331 973 366 materias
988 344 1066 378 quae

322 379 504 414 scandalum
529 379 649 426 possint
673 379 879 415 verisimiliter
904 392 1064 426 generare.

531 461 605 506 Cap.
633 462 664 495 X
692 462 833 506 chulae.

372 532 483 575 Quoad
521 532 692 578 capitulum
733 532 889 566 decimum
929 532 1065 577 regulae.

323 582 370 617 De
396 582 609 616 admonitione
639 590 668 615 et
697 583 890 616 correctione
926 582 1065 616 fratrum.

371 631 548 666 Statuimus
569 639 599 665 et
621 630 804 665 ordinamus
830 631 913 678 quod
943 631 1067 686 praedi-

323 690 407 715 ctum
443 681 612 726 capitulum
641 680 804 726 diligenter
827 693 881 727 per
908 681 1067 714 ministros

324 730 502 765 executioni
526 729 648 764 debitae
670 729 889 771 demandetur:
917 729 1068 765 addentes

325 779 464 834 insuper,
480 779 564 825 quod
581 779 723 813 minister
740 779 891 826 quilibet
885 792 914 813 ιιι
930 792 985 814 sua
1001 793 1069 834 pro-

324 829 424 863 vincia
462 841 524 863 uno
552 828 681 875 provido
709 837 738 863 et
760 829 892 864 honesto
917 829 1001 864 socio
1029 830 1068 863 sit

324 886 490 912 contentus
511 891 582 912 cum
607 891 669 912 uno
690 878 848 913 servitore.

372 927 412 961 Et
433 927 517 973 quod
542 928 646 962 nullus
670 928 821 971 minister,
840 936 955 965 custos,
978 940 1069 973 guar-

324 975 437 1011 dianus
475 977 519 1010 vel
556 977 652 1011 lector
682 977 726 1011 vel
760 977 953 1023 quicumque
989 977 1069 1011 alius

325 1025 417 1060 frater
445 1026 614 1072 quidquam
639 1027 741 1072 exigat
768 1026 871 1073 aliquo
895 1027 998 1060 colore
1023 1026 1067 1060 vel

323 1087 438 1115 causa;
461 1076 543 1122 quod
571 1076 595 1109 si
625 1088 715 1110 secus
735 1075 858 1115 fecerit,
884 1076 950 1121 ipso
978 1076 1068 1115 sacto,

323 1137 381 1159 suo
408 1124 512 1159 officio
539 1125 578 1159 sit
602 1125 750 1171 privatus,
777 1132 807 1158 et
830 1124 944 1159 subditi
978 1124 1069 1159 dein-

323 1186 397 1220 ceps
425 1174 553 1209 obedire
582 1174 639 1209 sibi
669 1174 796 1208 minime
825 1182 998 1209 teneantur.
1031 1174 1069 1208 Et

323 1224 347 1257 si
372 1223 448 1270 quid
477 1223 590 1270 aliquis
613 1224 827 1258 ministrorum
851 1223 987 1269 generali
1017 1224 1069 1257 mi-

324 1273 423 1307 nistro
458 1274 703 1319 praesumpserit
739 1272 964 1311 contribuere,
1003 1273 1069 1319 ipso

324 1322 427 1366 sacto,
458 1333 491 1356 ut
519 1335 624 1369 supra,
647 1334 704 1356 suo
731 1322 834 1356 officio
856 1322 895 1355 sit
920 1323 1067 1367 privatus.

372 1371 548 1406 Statuimus
567 1372 709 1417 insuper,
731 1370 814 1416 quod
844 1371 975 1404 ministri
997 1370 1070 1403 dili-

324 1428 435 1468 genter
455 1429 483 1454 et
505 1420 636 1454 sollicite
660 1420 775 1454 instent
790 1428 819 1452 et
836 1419 998 1465 invigilent
1022 1432 1069 1453 re-

324 1469 500 1505 formationi
523 1468 709 1503 Studiorum
739 1481 792 1516 per
817 1468 972 1515 quaslibet
995 1481 1069 1503 suas

323 1518 524 1566 provincias,
553 1518 590 1552 ita
620 1526 651 1552 et
686 1518 799 1560 taliter,
822 1517 904 1564 quod
941 1517 1069 1552 cuilibet

322 1568 459 1603 studenti
492 1580 547 1614 pro
577 1580 669 1614 posse
696 1567 900 1615 provideatur
932 1567 970 1602 de
1003 1567 1069 1601 suis

324 1617 520 1660 necessariis,
543 1625 604 1651 tam
634 1629 689 1664 pro
711 1617 807 1657 libris,
828 1629 922 1663 quam
947 1629 1001 1662 pro
1023 1628 1071 1651 re-

325 1667 419 1714 liquis
447 1666 645 1713 opportunis,
667 1666 704 1700 de
728 1665 951 1700 communibus
978 1666 1068 1701 elee-

323 1715 461 1763 mosynis
495 1728 548 1762 per
568 1724 802 1761 procuratorem
833 1715 983 1762 receptis
1013 1728 1068 1762 pio

323 1765 465 1812 quolibet
486 1772 642 1799 conventu
665 1765 730 1800 sive
753 1764 821 1799 loco
844 1765 946 1799 nativo
969 1764 1069 1798 fratris

324 1814 360 1849 ad
375 1814 522 1849 Studium
539 1815 751 1860 promovendi.
772 1814 981 1848 Exliortantes
997 1814 1069 1848 5ῑιι-

323 1865 461 1899 ctissime
490 1865 519 1897 in
548 1864 721 1899 visceribus
747 1863 816 1898 Iesu
846 1863 963 1898 Christi
996 1875 1069 1897 cae-

324 1922 405 1948 teros
428 1914 536 1948 fratres
558 1914 689 1948 aliorum
713 1913 865 1957 locorum,
884 1913 967 1960 quod
997 1925 1067 1947 cum

325 1965 456 1998 viderint
478 1964 608 1998 idoneos
629 1964 665 1998 ad
689 1963 802 1998 Studia
827 1963 1068 2009 promovendos,

325 2014 396 2048 totis
419 2014 536 2048 viribus
558 2013 676 2048 eisdem
701 2013 885 2060 impendant
907 2012 1068 2053 auxilium,

324 2063 489 2099 consilium
519 2072 547 2098 et
572 2063 707 2098 favorem
731 2063 760 2097 in
790 2062 983 2109 quibuslibet
1013 2075 1069 2108 op-

326 2115 478 2161 portunis,
501 2113 680 2161 quaerendo
702 2125 756 2160 pro
776 2113 820 2146 cis
842 2111 1069 2159 eleemosynas,

326 2163 612 2198 recommendando
628 2162 803 2197 valentibus
818 2161 997 2203 subvenire,
1013 2162 1070 2195 eis-

326 2226 387 2260 que
428 2212 591 2248 serviendo
634 2213 663 2246 in
703 2211 874 2246 visceribus
921 2211 1067 2245 caritatis.

325 2263 431 2305 Quum
460 2262 588 2297 scientia
616 2262 735 2296 donum
759 2261 816 2295 Dei
844 2263 883 2294 sit
915 2268 1068 2295 armatura

326 2312 362 2347 ad
387 2312 612 2347 defendendam
641 2320 777 2346 sanctam
807 2311 897 2345 tidem
934 2310 1070 2344 catholi-

327 2375 392 2397 cam
409 2390 418 2407 ,
446 2375 560 2397 corona
588 2361 728 2401 Ordinis,
752 2361 858 2395 lumen
884 2360 1019 2394 veritatis
1041 2369 1070 2393 et

328 2414 374 2447 via
399 2413 427 2446 in
452 2412 588 2447 tenebris
615 2411 840 2446 ambulantium
866 2409 1068 2456 populorum.

376 2463 527 2497 Similiter
553 2462 712 2496 attendant
746 2460 894 2507 praedicti
925 2460 1069 2499 ministri,

327 2525 399 2547 cum
422 2513 506 2546 omni
538 2511 691 2557 vigilantia
719 2519 747 2544 et
776 2510 1069 2556 circumspectione

327 2562 411 2608 quod
434 2562 648 2596 caeremoniae
664 2560 805 2603 Ordinis,
822 2568 882 2593 tam
904 2560 1004 2606 quoad
1027 2559 1071 2592 di-

328 2612 435 2645 vinum
452 2612 607 2655 officium,
622 2624 674 2657 qu:
667 2623 714 2644 ιιιι
730 2609 831 2656 quoad
851 2609 1022 2648 silentium,
1041 2618 1070 2643 et

327 2661 401 2695 alias
416 2661 629 2695 caeremonias
643 2661 807 2706 utriusque
821 2659 1069 2698 communitatis

1733 269 1793 300 7'tl

1109 332 1279 378 spiritualis
1307 339 1335 366 et
1364 333 1554 379 temporalis,
1576 332 1751 367 secundum
1775 334 1850 367 anti—

1109 392 1185 427 quas
1207 382 1451 416 consuetudines
1472 382 1614 422 Ordinis,
1634 382 1848 417 observentur.

1157 430 1195 464 Et
1228 431 1251 465 si
1281 443 1361 477 quae
1389 439 1461 465 sunt
1492 431 1595 465 debita
1623 432 1661 466 de
1685 433 1849 478 praeterito

1109 488 1278 523 contracta,
1293 480 1454 515 solvantur
1472 481 1510 515 de
1529 481 1780 536 expropriatione
1796 481 1850 515 sra-

1112 537 1192 563 trum
1218 529 1262 563 vel
1291 530 1453 573 locorum,
1476 529 1514 563 de
1539 531 1636 564 νιικι5
1661 539 1690 564 et
1719 543 1849 576 posses—
1867 535 1904 548 '⁹¹'

1109 578 1251 613 sionibus
1273 580 1468 625 caetirisque
1492 579 1614 613 rebus
1609 592 1637 613 ιιι
1661 579 1783 614 Ordine
1809 593 1848 614 ιι·

1111 629 1216 673 pertis,
1239 641 1369 675 quarum
1400 629 1567 674 possessio,
1591 629 1763 663 secundum
1793 643 1851 675 pu-

1111 677 1229 711 ritatem
1260 678 1354 711 nostri
1392 686 1503 720 stutus,
1529 691 1587 711 non
1619 686 1719 724 potest
1740 679 1850 713 Ortlini

1110 727 1287 761 convenire.
1320 727 1358 760 Et
1393 727 1417 760 si
1451 726 1525 773 quid
1549 740 1716 773 superesse
1741 729 1848 774 poterit

1110 777 1147 810 de
1171 777 1267 822 pretio
1291 776 1396 810 talium
1421 789 1523 810 rerum
1541 776 1784 821 vendendarum,
1808 778 1851 810 wi

1110 839 1145 859 ex
1166 825 1325 860 reddenda
1348 826 1467 861 ratione
1490 838 1764 873 quorumcumque
1794 827 1852 860 fra-

1111 884 1191 909 trum
1220 875 1264 909 vel
1296 876 1507 910 ministrorum
1545 875 1588 909 vel
1618 875 1749 910 aliorum
1778 875 1853 909 sub-

1110 924 1259 962 ditorum,
1283 925 1459 971 assignetur
1487 925 1741 972 procuratoribus
1768 925 1854 959 loco—

1112 987 1179 1008 rum
1210 987 1481 1022 quorumcumque
1510 986 1563 1021 per
1593 974 1747 1021 quaslibet
1781 987 1854 1021 pro-

1112 1024 1237 1067 vincias,
1261 1036 1315 1070 pro
1329 1024 1489 1057 communi
1507 1024 1637 1058 utilitate
1659 1033 1689 1058 et
1711 1036 1853 1058 commo—

1110 1072 1205 1107 ditate
1227 1073 1410 1107 eoruuidem
1436 1073 1562 1107 fratrum
1580 1073 1626 1107 vel
1652 1073 1802 1107 locorum.

1161 1122 1293 1156 Ministri
1315 1132 1417 1156 autem
1433 1122 1528 1157 etalii
1551 1123 1676 1169 praelati
1699 1123 1853 1168 corrigant

1111 1170 1254 1205 subditos
1281 1185 1355 1205 suos
1380 1172 1548 1215 humiliter,
1571 1180 1600 1207 et
1622 1173 1778 1206 caritative
1801 1184 1854 1206 eos

1112 1221 1235 1254 visitent
1258 1220 1433 1255 secundum
1459 1222 1609 1267 regulam,
1632 1220 1855 1267 delinquentes

1113 1270 1355 1304 misericorditer
1397 1270 1566 1316 puniendo,
1605 1273 1686 1305 iuxta
1715 1279 1854 1305 tenorem

1110 1319 1235 1365 septimi
1273 1319 1398 1366 capituli
1432 1319 1626 1354 Statutorum
1662 1320 1853 1366 generalium

1104 1367 1259 1425 praedicti
1283 1368 1446 1410 Guilelmi,
1468 1377 1500 1402 et
1522 1369 1792 1415 vigesimiseptimi
1810 1381 1857 1403 ca-

1113 1416 1199 1462 pituli
1215 1416 1409 1451 Statutotum
1430 1417 1590 1453 Benedicti
1614 1417 1685 1461 ΧΠ,
1709 1419 1752 1452 vel
1769 1418 1856 1460 alias,

1112 1475 1202 1512 prout
1219 1465 1338 1500 eisdem
1355 1466 1504 1501 ministris
1523 1477 1551 1501 et
1571 1467 1714 1514 praelatis
1743 1468 1857 1502 melius

1112 1515 1267 1549 videbitur
1289 1516 1446 1563 expedire.

1160 1564 1250 1609 Item,
1265 1578 1335 1599 cum
1361 1565 1389 1599 in
1414 1566 1524 1601 eodem
1547 1565 1666 1601 Ordine
1689 1566 1782 1614 aliqui
1801 1566 1857 1600 fra-

1111 1622 1173 1648 tres
1188 1614 1303 1649 fuerint
1317 1623 1347 1649 et
1360 1615 1423 1649 sint
1435 1615 1622 1650 excellentes
1645 1616 1674 1650 in
1691 1616 1855 1651 devotione

1111 1672 1140 1698 et
1174 1663 1370 1698 observantia
1399 1665 1545 1699 strictiori
1570 1665 1662 1699 liuius
1689 1665 1857 1713 professio-

1113 1713 1177 1752 nis,
1209 1713 1391 1748 ordinamus
1421 1714 1504 1761 quod
1534 1715 1610 1749 tales
1642 1715 1686 1749 sic
1720 1715 1856 1749 viventes

1113 1775 1166 1809 per
1189 1762 1342 1809 praelatos
1364 1776 1437 1798 suos
1460 1763 1539 1798 bene
1562 1771 1744 1807 tractentur,
1763 1774 1792 1798 et
1815 1764 1857 1798 sa-

1113 1811 1291 1846 vorabiliter
1311 1814 1339 1847 in
1359 1814 1422 1847 suis
1439 1813 1661 1848 devotionibus
1680 1814 1858 1848 nutriantur

1112 1861 1140 1895 in
1176 1862 1241 1896 suis
1276 1863 1464 1898 eremitoriis
1493 1872 1522 1898 et
1558 1863 1688 1898 locellis.
1722 1863 1857 1898 Caveant

1111 1921 1214 1947 autem
1248 1913 1396 1960 praedicti
1426 1913 1551 1959 praelati
1582 1906 1623 1948 iie
1657 1913 1765 1948 fratres
1794 1913 1857 1947 ali—

1111 1976 1190 2010 quos
1207 1962 1245 1997 ad
1263 1963 1441 1997 eremitoria
1459 1964 1593 2003 mittant,
1614 1976 1668 2010 pro
1693 1962 1857 1998 residentia

1111 2013 1226 2047 ibidem
1256 2012 1407 2052 Facienda,
1436 2013 1492 2047 nisi
1522 2021 1669 2055 uiatores,
1695 2012 1812 2047 solidos
1827 2021 1858 2046 et

1112 2062 1257 2109 probatos
1281 2063 1310 2096 in
1343 2062 1536 2098 observantia
1561 2066 1603 2105 (t)
1627 2062 1779 2108 regulari,
1803 2062 1855 2096 ubi

1113 2113 1176 2146 fieri
1202 2113 1314 2159 poterit
1338 2112 1419 2146 bono
1443 2111 1547 2147 modo.

1161 2162 1253 2205 Item,
1281 2161 1364 2208 quod
1387 2161 1426 2196 de
1456 2170 1579 2196 caetero
1608 2161 1711 2196 nullus
1744 2161 1854 2196 audeat

1111 2220 1285 2246 conventus
1308 2220 1359 2245 aut
1383 2211 1448 2245 loca
1474 2224 1527 2245 seu
1551 2211 1724 2245 eremitoria
1747 2211 1855 2245 multi-

1114 2262 1238 2308 plicare,
1262 2268 1313 2294 aut
1336 2260 1375 2295 de
1399 2273 1478 2294 novo
1499 2261 1665 2295 aedificare
1679 2274 1732 2295 seu
1754 2261 1854 2295 aedili-

1112 2312 1173 2345 eari
1199 2310 1310 2349 facere,
1334 2323 1394 2345 non
1414 2310 1514 2344 solum
1536 2323 1590 2357 pro
1605 2311 1762 2354 fratribus,
1777 2311 1853 2357 quin

1111 2361 1202 2396 etiam
1221 2373 1275 2406 pro
1290 2360 1461 2402 sororibus,
1476 2361 1544 2394 sine
1566 2361 1748 2395 anctoritate
1764 2360 1800 2394 D.
1817 2359 1853 2393 N.

1113 2410 1227 2456 Papae,
1254 2410 1450 2444 dominorum
1474 2410 1746 2449 dioecesanorum,
1763 2421 1857 2455 gene-

1114 2460 1184 2494 ralis
1207 2459 1250 2493 vel
1271 2459 1505 2506 provincialium
1530 2460 1741 2494 ministrorum
1759 2460 1857 2493 licen-

1112 2510 1163 2549 tia,
1187 2509 1254 2543 sine
1278 2508 1467 2555 praeiudicio
1493 2518 1702 2543 conventuum
1733 2510 1854 2556 propinv

1112 2572 1256 2605 quorum,
1282 2560 1309 2591 iu
1338 2570 1472 2605 quorum
1506 2559 1647 2592 terminis
1677 2559 1752 2593 baec
1778 2571 1856 2592 cou-

1113 2609 1214 2654 tigerit
1256 2608 1410 2642 attentari.
1451 2607 1541 2642 Salva
1571 2607 1663 2642 etiam
1703 2607 1853 2643 Decretali

1147 2672 1185 2707 (t)
1205 2670 1302 2697 Wadd.
1321 2673 1347 2698 in
1364 2673 1507 2697 obedientia
1527 2673 1656 2703 reguilari.

1866 278 1884 304 Α
1890 286 1904 303 ιι

1933 278 1950 301 tj
1982 277 2045 302 1ἰ,“κ>

1871 498 1898 518 ΕΓ
1903 505 1911 516 ι·
1923 499 1993 519 atiena
2005 498 2050 517 mil-

1884 1177 1975 1198 fratrum
2007 1184 2054 1198 rnr-

1871 1212 1979 1228 rectione.

1890 1618 2053 1641 Reformatnrum

1871 1650 1961 1671 Ordine:

1894 2220 2035 2240 Conveniuum

1872 2252 2047 2271 aedificandorum

1925 2282 1984 2301 modo
1996 2290 2000 2301 2
