2274 3265
94 261 142 285 An.
162 260 190 285 C.
211 259 278 286 lltssfi

917 263 1080 285 MAssTtNtts
1104 263 1121 282 V

293 314 469 357 doctorum,
494 324 553 348 tam
578 315 673 348 divini
697 329 788 362 ιμιιιιιι
814 316 942 350 liuniaui
964 317 1042 350 iuris

292 363 519 398 deliberatione
535 364 727 410 praehabita,
743 365 889 405 declarat,
902 366 1042 400 deceruit

291 422 321 446 et
344 412 448 447 delinit
455 414 559 460 ,quod
576 414 642 448 licet
662 414 806 448 Clu-istus
821 416 1040 470 postCoenam

293 463 473 503 instituerit,
488 472 517 497 et
540 464 607 498 suis
630 463 794 510 discipulis
821 465 1042 499 ininistiwaient

291 511 350 546 sub
370 521 500 559 utraque
527 513 632 559 specie
657 515 745 559 panis
772 523 799 547 ct
830 515 889 548 viui
915 514 972 549 boc
996 528 1043 548 ve-

293 562 431 596 nerabile
458 561 715 601 Sacramentuiu;
745 571 867 605 tamen,
888 564 946 598 boc
980 577 1040 598 uon

291 611 454 649 obstante,
483 624 642 646 sacrorum
679 625 834 647 canonum
873 614 1043 648 auctoritas

292 660 458 695 laudabilis
480 669 509 694 et
527 661 693 707 approbata
717 663 914 697 cousuetudo
931 663 1041 697 Eccle-

291 711 356 744 siae
384 710 516 744 servavit
543 719 572 745 et
600 720 711 754 se1·*;,iit
743 712 828 759 quod
860 712 1041 747 huiusmodi

292 758 530 794 Sacramentum
555 773 615 794 non
636 760 729 795 debet
751 762 861 796 confici
886 771 959 817 post
970 775 1042 797 coe-

292 821 375 849 nam
399 822 502 864 neque
523 822 538 843 a
558 809 675 844 Clnisti
702 811 848 845 lidelibus
865 826 960 859 recipi
980 825 1040 846 non

292 858 416 899 ieiunis,
445 859 503 893 nisi
528 860 556 893 in
580 872 651 894 casu
676 860 878 900 inlitmitatis
901 871 952 896 aut
968 862 1042 897 alte-

292 909 356 942 rius
385 909 580 943 necessitatis
615 922 630 943 a
661 910 727 943 iure
755 910 802 944 vel
829 911 867 944 ab
902 911 1041 946 Ecclesia

291 970 443 993 concesso
466 957 511 992 vel
534 958 683 993 admisso.
708 959 745 992 Et
768 960 848 993 sicut
873 960 948 995 baec
970 974 1044 996 con-

291 1007 423 1042 suetudo
445 1008 482 1042 ad
518 1008 677 1042 vitandum
706 1008 809 1055 aliqua
846 1010 985 1055 pericula
1013 1019 1041 1044 ct

292 1057 436 1092 scandala
454 1058 678 1092 rationabiliter
693 1058 868 1093 introducta
885 1069 942 1104 est,
958 1060 1041 1105 quod

293 1107 363 1141 licet
387 1108 415 1141 iu
446 1107 601 1154 primitiva
625 1107 766 1142 Ecclesia
788 1108 968 1143 huiusmodi
984 1110 1042 1143 Sa-

292 1165 487 1191 cramentum
524 1157 716 1203 reciperetur
751 1170 765 1191 a
803 1158 948 1193 fidelibus
983 1160 1042 1193 sub

293 1216 425 1253 utraque
460 1207 579 1253 specie,
598 1215 628 1240 et
655 1219 671 1240 a
709 1206 795 1241 laicis
823 1209 1042 1243 tautummodo

291 1255 350 1289 sub
372 1256 478 1303 specie
502 1257 590 1302 panis
606 1256 807 1303 suscipiatur,
830 1269 900 1290 cuni
926 1258 1041 1291 lirinis-

291 1306 368 1339 sime
397 1306 591 1340 credendum
614 1306 651 1338 sit
675 1315 703 1338 et
728 1306 908 1340 nullatenus
947 1306 1041 1340 dubi-

292 1355 421 1389 tandum
446 1355 602 1400 integrum
620 1354 737 1388 Christi
767 1354 892 1401 Corpus
914 1364 943 1388 et
965 1356 1042 1390 San-

290 1405 417 1449 guinem
442 1413 502 1438 tam
531 1404 590 1437 sub
613 1404 718 1450 specie
743 1404 843 1449 panis,
866 1417 958 1450 quam
982 1406 1041 1439 sub

291 1454 396 1499 specie
420 1454 482 1487 vini
507 1454 658 1487 veraciter
680 1453 845 1487 contineri.
862 1453 954 1488 Unde
967 1466 1039 1488 cum

291 1502 471 1536 huiusmodi
515 1502 713 1537 consuetudo
753 1503 792 1536 ab
835 1503 974 1537 Ecclesia
1012 1512 1041 1538 et

290 1552 415 1586 Sanctis
439 1552 587 1587 Patribus
610 1552 834 1586 rationabiliter
866 1553 1040 1588 introducta

290 1611 318 1635 et
346 1601 524 1636 diutissime
552 1601 712 1636 observata
749 1602 801 1645 sit,
831 1602 971 1636 liabeudi
995 1612 1041 1636 ι5ι

292 1665 346 1698 pro
370 1651 449 1697 lege,
476 1664 569 1698 quam
594 1664 655 1685 non
680 1651 753 1685 licet
782 1652 960 1698 ie'apiobue,
989 1661 1041 1686 aut

291 1714 356 1734 suu
379 1700 540 1735 Ecclesiae
562 1702 748 1735 auctoritate
773 1713 828 1747 pro
852 1701 960 1735 libito
955 1714 1042 1736 iuno-

292 1762 370 1783 rue.
399 1750 599 1797 Quapropter
621 1742 737 1790 dicere
759 1750 844 1797 quod
869 1752 947 1785 lianc
970 1764 1042 1785 con-

289 1800 492 1834 suetudinem
512 1808 564 1834 aut
587 1800 686 1846 legem
704 1800 870 1834 observare
889 1801 927 1834 sit
943 1802 1041 1835 sacri-

290 1850 395 1895 legum
424 1860 475 1884 aut
504 1849 661 1891 illicitum,
684 1850 805 1883 censeri
829 1849 922 1884 debet
950 1863 1040 1884 erro—

290 1912 396 1940 neum,
409 1907 439 1933 et
449 1900 650 1947 pertinaciter
664 1909 840 1933 asserentes
860 1900 1038 1946 oppositum

291 1949 534 1995 praemissorum
559 1957 717 1995 tamquam
743 1949 888 1983 baeretici
912 1949 1038 1983 ari-endi

289 2007 363 2032 sunt
384 2007 415 2032 et
438 1999 572 2044 graviter
596 1998 746 2045 puniendi
766 2011 821 2045 per
835 1999 1041 2033 dioecesanos

289 2048 430 2082 locorum
453 2049 517 2082 sive
540 2047 688 2082 officiales
716 2061 837 2092 eorum,
859 2058 912 2084 aut
939 2049 1040 2095 inqui-

289 2103 400 2136 sitores
426 2102 600 2137 baereticae
621 2103 780 2149 pravitatis
804 2104 834 2137 iu
860 2104 964 2149 reguis
984 2116 1038 2138 seu

291 2157 470 2202 provinciis,
486 2157 515 2190 in
535 2157 653 2203 quibus
667 2165 775 2191 contra
800 2157 858 2192 boc
878 2158 1037 2192 decretum

290 2212 405 2258 aliquid
427 2211 528 2245 forsan
554 2210 645 2253 suerit
667 2220 850 2245 attentatum
875 2221 929 2246 aut
947 2224 1038 2259 prae—

289 2274 465 2313 sumptum,
481 2267 564 2301 iuxta
580 2266 745 2300 canonicas
761 2274 791 2300 et
807 2267 959 2312 legitimas
972 2280 1040 2301 san-

290 2321 409 2354 ctiones
432 2320 461 2353 iu
487 2320 621 2355 lavorem
643 2320 812 2354 catholicae
836 2320 908 2355 [idei
928 2330 1035 2355 contra

291 2374 465 2408 haereticos
498 2383 528 2408 et
555 2386 664 2408 corum
703 2374 839 2408 fautores
872 2374 1039 2410 salubriter

290 2428 485 2462 adinventas.
510 2428 586 2462 ltein
605 2428 670 2475 ipsa
694 2438 800 2462 sancta
825 2429 965 2475 synodus
981 2429 1038 2463 de-

290 2483 387 2515 cernit
415 2491 443 2516 et
466 2482 601 2517 declarat
625 2495 719 2529 super
747 2482 801 2517 ista
832 2483 958 2517 materia
987 2496 1032 2517 re-

291 2536 524 2570 wrendissimis
550 2537 579 2570 in
603 2536 730 2571 Cbristo
755 2537 895 2584 patribus
917 2545 945 2571 et
973 2537 1036 2571 do—

291 2591 383 2625 minis
411 2591 613 2638 patriarchis,
648 2592 852 2638 primatibus,
880 2592 1037 2638 arcbiepi-

288 2645 406 2692 scopis,
422 2645 581 2692 episcopis
595 2655 624 2680 et
641 2658 749 2680 eorum
767 2646 796 2679 in
820 2645 1037 2693 sl‘iiritualibus

1713 256 1780 286 727

1087 317 1206 350 »icariis
1226 317 1357 351 ubilibet
1372 319 1562 362 constitutis,
1579 331 1745 366 processus
1765 332 1834 354 esse

1085 370 1276 415 dirigendos,
1300 372 1328 405 iu
1351 372 1466 418 quibus
1487 373 1532 407 eis
1559 374 1774 408 committatur
1802 383 1833 409 et

1085 425 1250 459 mandetur
1271 427 1454 461 auctoritate
1478 427 1570 461 liuius
1597 428 1675 461 sacri
1707 429 1832 462 concilii

1084 479 1142 513 sub
1171 492 1269 525 poena
1297 481 1651 525 excommunicationis,
1688 491 1718 515 ut
1755 481 1833 517 clle-

1084 534 1228 567 ctualiter
1251 535 1379 581 puniant
1395 545 1501 569 contra
1519 534 1577 569 boc
1600 536 1759 570 decretum
1784 550 1835 571 ex-

1084 587 1233 622 cedentes
1266 601 1330 628 eos,
1365 589 1417 636 qui
1440 590 1702 623 communicando
1731 603 1834 637 popu-

1085 643 1147 676 lum
1168 642 1227 675 sub
1251 652 1379 689 utraque
1402 643 1508 689 specie
1531 643 1786 678 exorbitaverunt
1805 654 1833 679 et

1084 698 1128 731 sic
1151 696 1328 730 faciendum
1352 709 1420 731 essc
1443 697 1630 738 docuerunt;
1654 699 1677 732 si
1703 699 1739 732 ad
1762 712 1834 746 poe-

1086 752 1247 785 nitentiam
1267 751 1426 796 redierint,
1446 751 1483 785 ad
1500 752 1655 797 gremium
1675 752 1833 788 Ecclesiae

1084 806 1307 853 suscipiantur,
1323 806 1462 840 iniuncta
1477 807 1522 840 eis
1546 820 1600 853 pro
1624 806 1717 841 modo
1733 807 1834 854 culpae

1086 860 1275 906 poenitentia
1298 860 1435 895 salutari.
1459 860 1521 902 Qui
1552 874 1623 895 vcro
1646 873 1683 895 ex
1711 861 1772 895 illis
1795 861 1832 896 ad

1086 915 1307 960 poenitentiam
1329 915 1430 950 redire
1454 927 1514 950 nou
1538 916 1711 950 curaverint
1727 916 1834 950 animo

1086 969 1242 1013 indurato,
1271 982 1324 1016 per
1347 981 1498 1004 censuras
1525 970 1757 1004 ecclesiasticas
1781 983 1834 1015 per

1084 1034 1138 1056 eos
1161 1031 1193 1056 ut
1215 1023 1362 1057 baeretici
1386 1033 1457 1058 sunt
1482 1024 1665 1057 coercendi:
1691 1023 1834 1058 invocato

1084 1078 1176 1110 etiam
1199 1077 1237 1111 ad
1258 1077 1329 1116 lioc,
1353 1079 1378 1112 si
1401 1090 1480 1124 opus
1503 1078 1608 1115 fuerit,
1631 1077 1745 1111 auxilio
1768 1077 1836 1111 bra-

1084 1131 1146 1164 cbii
1174 1131 1355 1165 saecularis.
1392 1131 1432 1165 Ut
1463 1141 1566 1166 autem
1597 1139 1721 1165 nostrae
1754 1144 1834 1165 con-

1084 1185 1256 1219 stitutionis
1286 1185 1488 1225 huiusmodi,
1525 1185 1718 1233 ubicumque
1745 1186 1834 1220 exbi-

1086 1239 1146 1273 bita
1176 1240 1220 1273 vel
1248 1248 1374 1274 ostensa
1404 1239 1506 1283 suerit,
1534 1240 1573 1273 ab
1600 1239 1748 1274 omnibus
1775 1240 1833 1274 ad-

1085 1292 1229 1327 hibeatur
1260 1294 1358 1327 maior
1386 1293 1481 1331 fides,
1518 1306 1585 1327 eam
1616 1294 1836 1340 praesentibus

1085 1346 1216 1380 fecimus
1242 1347 1395 1381 annotari.
1420 1347 1503 1381 Nulli
1527 1359 1603 1393 ergo
1626 1348 1758 1381 omnino
1782 1348 1835 1382 lio—

1085 1400 1204 1433 minum
1229 1400 1316 1434 liceat
1347 1401 1426 1435 banc
1455 1402 1600 1448 paginam
1630 1410 1753 1436 nostrae
1778 1415 1834 1436 vo-

1084 1453 1211 1488 luntatis
1239 1454 1409 1500 infringere
1438 1455 1485 1489 vel
1508 1456 1534 1489 ei
1557 1467 1637 1489 ausu
1668 1456 1835 1491 temerario

1083 1509 1253 1543 contraire:
1289 1509 1313 1542 si
1351 1510 1421 1555 quis
1455 1517 1559 1543 autem
1590 1510 1650 1544 lioc
1681 1518 1833 1544 attentare

1085 1565 1342 1610 praesumpserit,
1367 1563 1616 1609 indignationem
1629 1562 1837 1610 Omnipoten-

1084 1617 1121 1650 tis
1147 1616 1204 1651 Dei
1233 1630 1268 1651 ac
1291 1617 1452 1652 beatorum
1482 1617 1563 1651 Petri
1592 1625 1622 1650 et
1645 1616 1733 1651 Pauli
1762 1630 1837 1665 apo-

1084 1670 1235 1705 stolorum
1259 1672 1326 1705 eius
1345 1684 1377 1705 se
1399 1671 1518 1705 noverit
1544 1672 1757 1706 incursurum.
1775 1673 1834 1707 Da-

1084 1734 1149 1758 tum
1173 1725 1376 1760 Constantiae
1398 1725 1660 1772 decimoseptimo
1685 1725 1833 1761 kalendas

1084 1778 1161 1819 iulii,
1188 1792 1271 1814 anno
1294 1793 1309 1814 a
1333 1781 1491 1814 nativitate
1513 1779 1639 1813 Domini
1665 1780 1835 1815 millesimo

1083 1836 1394 1882 quadringentesimo
1417 1834 1541 1869 decimo
1573 1835 1720 1881 septimo,
1747 1835 1836 1882 Apo—

1083 1889 1192 1924 stolica
1220 1889 1302 1925 Sede
1327 1898 1464 1924 vacante.

1131 1944 1150 1991 g
1172 1947 1204 1978 4,
1227 1944 1379 1978 Volentes
1407 1944 1498 1989 igitur
1529 1952 1559 1976 et
1586 1945 1696 1977 eadem
1724 1953 1835 1978 aucto-

1084 1998 1170 2032 ritate
1193 1998 1411 2041 decernentes,
1433 1997 1517 2044 quod
1542 1997 1622 2031 idem
1651 2006 1741 2032 tenor
1769 1998 1836 2045 ple·

1084 2066 1153 2087 nam
1184 2054 1264 2091 vim,
1294 2052 1486 2099 plenumque
1522 2051 1617 2085 robur
1646 2065 1700 2098 per
1730 2053 1835 2088 omnia

1082 2107 1205 2150 habeat,
1226 2115 1254 2140 et
1275 2107 1315 2146 ei,
1335 2106 1600 2152 quandocumque
1628 2115 1657 2140 et
1687 2106 1837 2141 ubicum-

1081 2174 1159 2208 que,
1192 2162 1257 2195 sive
1286 2162 1314 2195 in
1344 2161 1458 2195 iudicio
1489 2160 1533 2195 vel
1569 2160 1641 2194 alibi
1675 2160 1835 2195 exhibitus

1082 2215 1185 2255 luerit,
1208 2224 1308 2249 stetur
1331 2216 1460 2249 tirmiter
1482 2223 1512 2248 et.
1534 2214 1721 2248 adhibeatur
1744 2214 1835 2261 plena

1082 2268 1159 2303 fides
1180 2281 1215 2303 ac
1236 2269 1261 2303 si
1282 2269 1387 2303 literae
1409 2268 1581 2318 originales
1604 2269 1834 2315 suprascriptae

1081 2322 1236 2357 exhibitae
1263 2322 1378 2357 fuerint
1402 2323 1447 2356 vel
1474 2331 1630 2357 ostensae.

1129 2378 1149 2424 g
1171 2379 1205 2412 5.
1232 2377 1316 2412 Nulli
1344 2390 1418 2424 ergo
1440 2378 1568 2412 omnino
1595 2376 1759 2411 bominum
1793 2376 1833 2410 li·

1081 2441 1149 2466 ceat
1170 2432 1251 2466 hauc
1279 2433 1422 2478 paginam
1453 2441 1576 2466 nostrae
1603 2432 1770 2466 voluntatis
1802 2440 1832 2465 et

1081 2487 1317 2521 constitutionis
1340 2486 1520 2532 infringere,
1541 2494 1594 2520 ecc.

1130 2541 1244 2575 Datum
1261 2540 1380 2574 Romae
1397 2540 1480 2586 apud
1498 2539 1630 2574 Sanctos
1649 2538 1831 2587 Apostolos,

1081 2604 1188 2629 octavo
1210 2596 1358 2629 kalendas
1387 2595 1545 2639 februarii,
1566 2607 1649 2630 anno
1672 2607 1765 2629 nono.

1121 2654 1182 2683 Dat.
1200 2654 1247 2683 die
1263 2653 1300 2682 Ξῖ)
1317 2654 1441 2683 ianuarii
1463 2653 1782 2692 142r5p0nrannoix.

1145 263 1192 284 l'l'.

1851 266 1898 290 An.
1920 266 1938 290 C
1965 266 2032 292 1426

1862 1961 1877 1981 C

1850 1993 1875 2012 fid

1879 1963 1939 1988 apiae
1953 1962 2034 1982 decreti

1879 1998 1910 2012 eni
1928 1993 1982 2012 ..diiii
1998 1992 2035 2012 Pa-

1850 2029 1883 2049 pfl.

1879 2384 1995 2405 Cliusulae.
