2274 3265
226 262 274 288 Αη.
297 262 325 288 C.
342 262 405 289 ¹303

237 817 334 837 Rationes
353 820 405 837 utn-

224 854 287 874 uflque
305 849 378 873 partis.

476 251 541 284 164

422 315 505 364 quod
528 315 684 364 praefatus
706 327 759 350 rex
792 315 940 350 Boemiae
976 314 1060 349 nullo
1101 326 1165 349 un-

421 378 514 414 quam
538 364 719 400 intendebat
742 372 881 412 tempore
908 364 947 399 de
976 364 1043 410 ipso
1070 376 1166 411 regno

422 416 576 462 Ungariae
617 414 763 461 litigare3
797 414 1053 462 procuratoribus
1090 414 1166 461 ipsis

420 474 450 501 et
472 465 597 500 nunciis
618 464 803 500 eorumdem
832 464 958 511 reginae
985 464 1108 499 Siciliae
1131 477 1166 499 ac

422 515 544 564 nepotis
566 514 766 555 instantibus,
790 522 821 549 ut
850 514 1079 549 contumaciam
1120 514 1166 560 ip-

420 578 529 602 sorum
552 564 699 600 Boemiae
727 564 809 610 regis
842 572 871 599 et
899 563 964 604 lilii,
996 563 1033 597 ad
1061 563 1167 599 decla-

421 616 573 651 rationem
600 624 631 650 et
658 614 953 649 determinationem
979 613 1077 653 iuris,
1116 625 1165 647 re-

420 666 512 713 ginae
534 677 569 700 ac
591 664 696 711 nepoti
719 663 926 710 competentis
948 662 1079 707 eisdem,
1099 675 1167 709 pro-

421 715 531 751 cedere
550 714 747 749 deberemus.

469 764 489 812 ἓ
512 768 544 799 4.
566 764 630 799 Nos
653 775 737 807 vero,
761 761 863 796 habita
890 774 986 809 super
1027 761 1063 795 iis
1094 773 1165 795 cum

421 813 567 850 fratribus
595 813 707 848 nostris
744 812 973 846 examinatione
1010 810 1167 850 solemni,

421 863 575 912 profunda
603 862 737 897 maxime
760 860 962 896 meditatione
1002 868 1168 908 pensantes

421 922 534 949 statum
563 911 688 959 praefati
717 911 803 956 regni
840 909 996 956 Ungariae
1030 909 1167 944 misera-

423 963 514 999 bilem
538 970 568 998 et
594 961 791 1009 depressum,
815 959 908 994 flebili
935 959 1063 1007 quidem
1086 971 1169 994 com-

421 1012 566 1060 passione
599 1010 819 1057 condignum,
857 1009 940 1056 quod
985 1021 1090 1044 revera
1132 1021 1168 1043 ex

422 1069 576 1110 praetacta
612 1060 747 1095 maxime
781 1059 983 1094 contentione
1018 1057 1167 1106 regnandi

421 1114 451 1146 in
474 1111 564 1159 peius
598 1111 748 1145 continue
784 1107 920 1150 labitur3
953 1109 1052 1155 quia,
1091 1107 1167 1142 dum

421 1163 568 1209 utrinque
596 1159 798 1195 contenditur
839 1159 979 1193 involuto
1015 1157 1168 1201 dissidio,

420 1213 595 1247 animarum
610 1218 819 1257 etcorporum
841 1208 977 1255 pericula
1000 1208 1168 1255 prodeunt,

420 1273 448 1296 et
478 1262 577 1309 ipsius
603 1260 686 1295 cives
708 1266 739 1294 et
766 1258 887 1293 incolae
911 1258 941 1292 in
966 1257 1018 1292 illo
1041 1269 1170 1304 regnan-

421 1311 502 1346 tibus
513 1323 585 1345 cum
600 1309 702 1344 debita
712 1308 892 1343 obedientia
906 1320 967 1342 non
990 1307 1168 1347 intendun13

420 1360 580 1409 quodque,
602 1360 681 1394 sient
704 1358 774 1394 facti
798 1358 956 1393 notorium
981 1369 1170 1405 permanens

421 1409 582 1446 evidenter
608 1408 756 1452 ostendit,
778 1415 810 1443 et
831 1407 902 1443 licet
925 1419 987 1442 non
1016 1407 1045 1441 in
1071 1407 1168 1454 figura

422 1460 530 1495 iudicii
553 1458 643 1494 nobis
665 1467 711 1493 est
736 1465 856 1497 notum,
882 1456 1039 1504 praedicta
1061 1457 1169 1502 regina

421 1509 563 1551 Siciliae,
590 1508 672 1544 sicut
701 1507 963 1556 primogeniturae
998 1506 1046 1541 ius
1080 1505 1169 1541 obti-

423 1572 500 1596 nens
523 1559 622 1594 clarae
646 1558 817 1593 memoriae
839 1556 992 1604 Stephani
1009 1559 1092 1603 regis
1106 1555 1170 1590 Un-

421 1610 523 1657 gariae
547 1609 644 1656 patris
665 1608 727 1651 sui,
750 1607 779 1642 in
814 1606 928 1642 eodem
961 1618 1058 1653 regno
1093 1618 1169 1653 pro-

422 1658 568 1707 pinquior
589 1666 636 1694 est
657 1668 832 1698 successor,
855 1664 885 1692 et
920 1656 1028 1691 haeres
1067 1668 1170 1703 quon-

422 1708 492 1744 dam
517 1707 662 1743 Ladislao
684 1707 749 1754 regi
787 1705 944 1754 Ungariae
988 1705 1070 1740 fratri
1112 1717 1170 1740 suo

422 1771 459 1794 ex
488 1767 620 1805 utroque
643 1766 781 1805 parente,
805 1769 862 1804 per
883 1755 967 1803 quod
1002 1754 1171 1803 opitulatur

423 1808 524 1844 eidem
553 1807 730 1843 communis
753 1806 830 1842 iuris
851 1805 1076 1856 praesumptio,
1090 1816 1170 1852 quae

423 1858 475 1894 tali
497 1870 569 1893 casu
594 1857 747 1906 probandi
769 1869 849 1892 onus
888 1857 917 1891 in
956 1855 1170 1891 adversarium

424 1911 505 1945 iuste
527 1908 691 1950 transfert,
709 1907 780 1955 quia
803 1908 897 1943 etiam
920 1907 1080 1956 quondam
1109 1907 1171 1942 Ca-

423 1961 509 1996 rolus
531 1959 631 2007 ipsius
653 1958 778 2006 reginae
808 1958 1050 2006 primogenitus,
1095 1958 1169 1993 dicti

423 2010 527 2048 Caroli
550 2010 672 2057 genitor
694 2009 820 2044 habitus
842 2018 887 2044 est
910 2009 998 2056 quasi
1026 2020 1171 2044 commu-

424 2061 504 2097 niter
530 2069 561 2095 et
588 2060 755 2108 praecipue
778 2071 833 2107 per
855 2059 1029 2094 Romanam
1060 2058 1172 2094 Eccle-

424 2113 514 2155 siam,
538 2122 593 2158 pro
617 2109 771 2157 Ungariae
796 2121 878 2156 rege,
900 2108 974 2143 dum
1000 2109 1085 2153 vixit,
1114 2121 1171 2144 nec

424 2174 460 2198 ex
484 2169 569 2208 parte
591 2159 747 2195 dictorum
777 2159 927 2194 Boemiae
951 2158 1031 2204 regis
1052 2167 1082 2193 et
1119 2159 1170 2193 filii

424 2212 462 2247 de
485 2212 551 2246 iure
573 2217 772 2257 competente
811 2209 886 2257 ipsis
921 2209 950 2243 in
993 2208 1173 2255 Hungariae

425 2273 522 2309 regno
546 2260 703 2309 praedicto
726 2259 894 2307 allegatum
919 2267 965 2294 est
987 2258 1104 2306 aliquid
1125 2258 1172 2294 vel

425 2319 590 2351 assertum,
618 2310 677 2345 nisi
706 2310 769 2345 sola
792 2309 916 2354 electio,
938 2321 1017 2356 quae
1040 2309 1079 2343 de
1105 2309 1173 2356 ipso

426 2363 490 2398 filio
518 2360 699 2409 regis-facta
729 2360 922 2407 proponitur:
952 2372 1033 2407 quae
1066 2360 1172 2405 procul

427 2413 523 2448 dubio
544 2410 675 2446 diversis
701 2422 738 2445 ex
760 2410 874 2449 causis,
898 2418 990 2458 prout
1018 2410 1172 2445 rationum

429 2464 527 2510 prima
547 2461 641 2497 facies
665 2460 790 2501 iudicat,
814 2460 917 2495 minus
939 2460 1088 2507 legitima,
1112 2460 1174 2493 imo

429 2525 557 2560 prorsus
580 2511 698 2545 inutilis
719 2523 787 2545 esse
812 2510 943 2551 videtur,
968 2522 1006 2545 eo
1039 2509 1174 2544 maxime

427 2562 510 2609 quod
533 2562 614 2597 sicut
641 2561 747 2608 scripti
769 2561 899 2595 canonis
921 2560 1018 2596 series
1046 2560 1174 2607 aperiet,

428 2625 558 2659 regnum
602 2612 705 2658 ipsum
755 2610 931 2657 ilungariae
965 2610 1176 2645 successionis

429 2662 495 2696 iure
519 2661 670 2710 provenit:
695 2660 857 2695 electionis
879 2660 1006 2695 arbitrio
1029 2672 1089 2695 non
1119 2659 1176 2695 de-

1014 258 1199 281 ntJLLAttttm
1227 257 1387 281 ROMANUM

1207 313 1317 355 fertur,
1345 311 1520 348 rationibus
1555 311 1746 359 praemissis,
1785 320 1814 348 et
1852 314 1956 349 causis

1206 363 1340 411 aliisque
1363 361 1489 397 motivis
1517 360 1674 409 plurimis,
1714 373 1794 409 quae
1830 363 1955 409 religio-

1209 425 1280 447 nem
1308 412 1425 448 debent
1448 410 1616 446 iudicantis
1639 411 1807 456 instruere,
1835 412 1865 447 in
1889 421 1956 447 tru-

1208 463 1270 497 tina
1294 470 1394 498 rectae
1438 460 1673 497 deliberationis
1706 461 1873 509 appensis,
1900 475 1957 497 ex-

1209 512 1364 560 pedientia
1391 511 1559 548 commixta
1581 511 1735 553 licentiae,
1758 523 1793 547 ac
1820 511 1954 559 benigna

1209 563 1403 598 humanitate
1425 569 1558 603 servata,
1586 560 1625 596 de
1663 560 1859 608 plenitudine
1897 574 1956 609 po-

1209 612 1326 647 testatis
1353 612 1385 646 in
1411 620 1548 659 apertam
1572 610 1803 646 contumaciam
1831 623 1954 646 eorum·

1208 661 1280 696 dem
1312 661 1460 696 Boemiae
1489 661 1570 708 regis
1597 669 1626 696 et
1653 661 1724 705 filii,
1748 660 1777 695 in
1807 673 1956 707 praesen-

1209 711 1249 745 tia
1279 710 1499 757 praelatorum,
1523 711 1661 758 plurium
1684 710 1953 758 cappellanorum.

1210 759 1405 795 familiarium
1431 768 1609 796 nostrorum
1632 769 1661 795 et
1680 760 1812 795 aliorum
1834 760 1863 795 in
1884 772 1955 795 con-

1208 809 1333 844 sistorio
1361 818 1554 850 vocatorum
1583 810 1798 857 praesentibus
1827 822 1955 845 eorum-

1208 858 1279 893 dem
1304 858 1451 894 Boemiae
1478 860 1562 907 regis
1587 867 1617 894 et
1645 859 1697 894 filii
1733 859 1881 900 nunciis,
1922 873 1955 894 ac

1209 907 1448 943 excusatoribus
1474 921 1567 956 snpra
1589 908 1725 956 scriptis,
1753 909 1791 944 de
1827 909 1954 944 fratrum

1210 965 1387 992 nostrorum
1403 958 1536 993 consilio
1548 958 1759 998 decernimus,
1773 958 1956 1000 diffinimus,

1209 1007 1404 1042 declaramus
1430 1015 1461 1042 et
1488 1007 1646 1048 volumus,
1683 1008 1766 1054 quod
1800 1008 1956 1055 praedicta

1209 1057 1304 1092 Maria
1329 1058 1358 1091 in
1387 1064 1451 1092 toto
1475 1056 1543 1104 ipso
1571 1068 1668 1102 regno
1706 1057 1886 1104 Hungariae
1927 1066 1957 1093 et

1211 1106 1409 1154 pertinentiis
1451 1108 1516 1142 suis
1560 1105 1721 1146 omnibus,
1764 1119 1800 1142 ac
1839 1106 1956 1154 ubique

1211 1165 1383 1198 terrarum,
1418 1157 1525 1204 regina
1566 1156 1746 1203 Ungariae,
1781 1164 1811 1191 et
1855 1156 1959 1192 dictus

1209 1204 1343 1241 Carolus
1370 1218 1482 1253 nepos,
1502 1219 1556 1241 rex
1585 1213 1810 1252 nuncupentur
1844 1209 1960 1253 apertis

1210 1255 1300 1291 labiis
1328 1255 1620 1303 scriptionibusque
1661 1255 1817 1302 vulgatis,
1856 1263 1887 1290 et
1929 1257 1958 1291 in

1210 1305 1412 1340 documentis
1435 1305 1570 1353 publicis
1592 1304 1767 1340 titulentur.
1801 1304 1959 1353 Quodque

1211 1355 1349 1403 praelati,
1373 1355 1479 1390 clerici
1514 1355 1744 1402 cuiuscumque
1778 1354 1958 1402 dignitatis,

1210 1413 1307 1440 status
1328 1412 1381 1440 aut
1403 1404 1593 1441 conditionis
1615 1404 1739 1446 fuerint,
1761 1413 1791 1440 et
1823 1405 1957 1452 religiosi

1210 1455 1274 1496 alii,
1296 1455 1525 1502 cuiuscumque
1552 1455 1615 1490 sint
1637 1453 1769 1499 ordinis,
1802 1466 1859 1490 nec
1896 1467 1957 1489 non

1210 1505 1341 1540 comites
1363 1505 1428 1540 sive
1451 1503 1534 1550 bani,
1555 1505 1701 1549 barones,
1715 1504 1842 1546 milites,
1863 1505 1958 1550 cives,

1212 1554 1332 1590 incolae
1359 1554 1591 1602 cuiuscumque
1617 1562 1728 1595 status,
1748 1553 1959 1602 praeeminen-

1212 1605 1282 1646 tiae,
1304 1603 1468 1650 dignitatis
1491 1613 1543 1639 aut
1570 1603 1761 1640 conditionis
1800 1604 1959 1649 existant,

1212 1655 1272 1689 iam
1299 1653 1374 1689 dicti
1397 1654 1483 1701 regni
1499 1653 1655 1702 Ungariae
1673 1654 1817 1688 omnium
1841 1654 1957 1689 iurium

1211 1712 1241 1739 et
1269 1703 1530 1752 pertinentiarum
1557 1704 1642 1745 eius,
1677 1715 1712 1739 ac
1749 1703 1879 1738 aliarum
1907 1717 1960 1739 re-

1212 1754 1341 1801 gionum
1365 1765 1558 1789 annexarum
1586 1754 1659 1795 sibi,
1688 1752 1809 1788 etiamsi
1845 1765 1960 1800 regno-

1213 1816 1280 1838 rum
1299 1803 1423 1839 titulum
1437 1803 1581 1843 habeant,
1601 1803 1692 1840 dictis
1705 1802 1831 1850 reginae
1852 1802 1960 1851 Unga-

1214 1854 1273 1888 riae
1290 1862 1319 1889 et
1334 1854 1398 1902 regi
1415 1855 1533 1902 nepoti,
1553 1861 1701 1902 tanquam
1716 1853 1856 1889 eiusdem
1873 1855 1959 1901 regni

1212 1904 1368 1952 Ungariae
1391 1905 1515 1951 reginae
1538 1913 1569 1940 et
1592 1905 1653 1952 regi
1681 1903 1828 1952 legitimis
1853 1916 1963 1951 parere

1213 1964 1243 1991 et
1267 1955 1439 2000 intendere,
1461 1968 1497 1992 ac
1518 1956 1557 1992 de
1578 1955 1741 1996 fructibuS,
1774 1954 1962 2001 redditibus,

1212 2006 1357 2047 servitiis,
1381 2007 1503 2042 iuribus
1539 2015 1570 2042 et
1608 2005 1853 2042 obventionibus
1892 2005 1961 2042 aliis

1213 2056 1386 2098 consuetis,
1413 2065 1443 2092 et
1465 2058 1529 2104 regi
1554 2056 1707 2103 Ungariae
1735 2055 1859 2097 debitis,
1905 2056 1962 2091 de-

1214 2114 1283 2142 vote
1306 2107 1498 2155 respondere
1522 2114 1699 2155 procurent:
1725 2105 1883 2153 praelatis,
1901 2106 1962 2141 cle-

1214 2157 1286 2192 ricis
1312 2165 1342 2191 et
1370 2156 1526 2204 religiosis
1553 2156 1722 2192 comitibus
1755 2155 1820 2190 sive
1859 2156 1960 2199 banis,

1215 2206 1397 2248 baronibus,
1436 2206 1598 2248 militibus,
1634 2206 1754 2242 civibus
1787 2206 1960 2253 incolisque

1215 2257 1417 2304 praescriptis
1444 2256 1504 2292 sub
1527 2269 1625 2304 poena
1659 2256 1957 2292 excommunicatio·
2008 2266 2012 2270 ·

1215 2307 1264 2343 nis
1293 2307 1494 2354 iniungentes
1521 2319 1679 2354 expresse,
1708 2319 1800 2354 quam
1824 2318 1861 2341 eo
1881 2306 1961 2353 ipso,

1214 2357 1239 2392 si
1268 2358 1398 2393 fecerint
1419 2370 1513 2393 secus
1530 2385 1538 2401 ‚
1570 2358 1754 2401 incurrant,
1783 2364 1816 2391 ut
1843 2356 1960 2391 eisdem

1217 2408 1340 2453 reginae
1366 2420 1401 2442 ac
1424 2408 1488 2454 regi
1512 2407 1665 2454 Ungariae
1692 2407 1772 2442 circa
1795 2418 1963 2452 recupera-

1217 2458 1345 2503 tionem,
1380 2457 1594 2493 defensionem
1631 2465 1660 2492 et
1692 2456 1961 2492 conservationem

1218 2509 1302 2555 regni
1328 2508 1477 2555 praedicti
1516 2506 1652 2551 auxiliis,
1679 2505 1819 2542 consiliis
1846 2514 1876 2541 et
1916 2505 1962 2540 fa-

1217 2558 1342 2593 voribus
1364 2558 1549 2606 opportunis
1571 2558 1729 2593 assistant.

1266 2609 1285 2655 g
1312 2611 1344 2642 ὃ.
1368 2609 1407 2643 Et
1434 2608 1504 2656 quia
1529 2608 1558 2642 in
1583 2607 1751 2656 praedictis
1770 2606 1898 2642 cosdem
1921 2606 1964 2641 ef-

1218 2658 1364 2696 ficaciter.
1393 2658 1576 2694 obedienter
1598 2666 1626 2693 et
1656 2657 1776 2705 placide
1805 2657 1849 2691 sic
1871 2668 1961 2704 agere

1973 260 2021 286 An.
2040 259 2067 285 C.
2087 259 2152 285 ¹505

1983 818 2062 844 Quibus
2101 819 2155 838 beno

1972 851 2102 873 examinatis,
2119 855 2156 869 re-

1972 887 2031 902 gnunt
2048 880 2123 902 itariae
2135 884 2155 900 et

1971 912 2044 932 ‹jaroto
2074 912 2155 932 adiudi-

1972 946 2026 963 catui
2038 951 2041 962 :

1988 1563 2041 1584 tussi
2057 1568 2159 1590 proceres

1974 1601 1998 1615 ac
2013 1594 2123 1621 praesules
2138 1600 2160 1614 o-

1974 1626 2101 1646 bedientiam
2117 1625 2159 1646 iltis

1975 1657 2082 1677 canities?v
