2274 3265
254 279 302 305 Αη.
324 278 352 305 C.
371 279 434 304 1323

256 1581 344 1607 loquela
378 1583 422 1606 pti-

256 2572 319 2595 sebte
353 2578 423 2601 quon·

242 2606 301 2625 »tiana
319 2606 420 2625 letemus.

499 268 567 301 306

450 331 563 366 randae
592 330 739 376 reliquiae
761 337 1021 368 monstrarentur,
1039 329 1104 375 ipse
1119 340 1192 375 quo-

447 394 507 428 que
521 389 665 415 ostensor
688 378 893 426 preciosiores
907 378 1009 413 adhuc
1025 390 1058 412 se
1078 377 1192 412 habere

448 431 605 477 reliquias,
634 429 771 463 tidelicet
786 440 913 462 manum
938 427 970 461 F.
994 427 1134 461 Thomae
1153 427 1191 460 de

447 481 573 527 Aquino
606 478 775 515 fateretur,
809 477 890 512 illico
919 477 1002 511 huuc
1039 477 1191 511 derisorie

445 529 484 563 de
507 529 556 563 liis
588 527 782 567 trulfantcm,
817 539 888 561 cum
912 539 965 561 eas
989 526 1092 560 videre
1129 537 1189 559 non

445 586 579 620 curaret,
607 577 727 620 dicens,
746 585 873 610 sanctus
889 589 948 610 uon
966 585 1024 613 est,
1047 575 1100 609 sed
1119 576 1190 621 qui-

445 628 515 662 dam
531 627 651 661 ordinis
674 626 929 660 Praedicatorum
954 625 1058 663 frater,
1075 634 1190 658 tremor

443 677 668 724 apprehendit:
703 685 731 710 et
758 683 852 722 caput
884 677 952 709 eius
988 674 1025 708 ad
1061 674 1188 707 modum

443 739 572 773 magnae
594 727 690 760 cistae
704 737 849 771 grossum
872 732 901 758 et
926 724 1012 757 valde
1031 723 1190 769 pondero-

441 789 510 811 sum
538 776 597 809 sibi
619 788 687 809 esse
716 774 894 814 ridebatur;
926 774 979 807 sed
1009 772 1189 806 infirmitate

442 834 605 872 correptus
627 834 654 858 et
680 825 845 871 poenitens
860 851 867 864 ,
889 822 1048 868 simulque
1071 821 1110 855 de
1133 833 1187 856 sua

443 875 662 909 incredulitate
695 874 851 919 dictisque
887 873 1077 918 deplorans,
1112 871 1187 905 dum

441 926 562 959 veniam
595 936 611 958 a
634 923 795 958 sacerdote
819 923 943 968 petitam
972 921 1121 959 ohtimiit,
1138 932 1189 954 re—

441 982 583 1009 verenter
628 985 756 1007 manum
804 971 942 1005 eiusdem
970 970 1076 1005 Sancti
1105 970 1188 1004 deo-

439 1024 575 1063 sculans,
598 1022 760 1057 confestim
784 1034 800 1056 a
824 1030 958 1055 tremore
980 1029 1010 1054 et
1029 1020 1187 1054 inflatione

439 1074 551 1120 capitis
574 1073 723 1107 liberatus
749 1072 859 1110 evasit,
880 1071 1041 1116 sensitque
1063 1082 1188 1116 progre-

439 1124 600 1165 dientem,
637 1130 666 1155 ιιι
696 1121 812 1157 retulit,
843 1121 1012 1154 maximum
1041 1132 1077 1153 ex
1105 1119 1185 1153 dicta

440 1186 532 1207 manu
568 1172 731 1208 suavitatis
752 1171 898 1205 odorem:
932 1170 984 1216 qui
1008 1170 1085 1203 odor
1113 1181 1184 1203 cum

440 1223 538 1269 ipsius
564 1222 661 1257 curati
689 1221 815 1266 capitio,
839 1231 1056 1267 personaeque
1083 1227 1185 1252 exta-

438 1281 488 1306 ctu
515 1284 625 1306 manus
646 1271 786 1305 eiusdem
815 1282 869 1317 per
886 1281 1035 1314 magnum
1062 1277 1186 1314 tempus

440 1323 639 1362 inhaereret,
675 1320 783 1354 multis
805 1319 951 1353 eumdem
981 1319 1183 1365 postmodum

440 1370 709 1418 percipientibus,
750 1368 1069 1415 sciscitantibusque,
1108 1367 1182 1414 quid

437 1430 531 1461 esset,
552 1421 610 1454 hoc
634 1421 725 1466 siguo
749 1431 886 1462 narrare,
914 1418 999 1465 quod
1028 1418 1184 1451 acciderat

441 1472 511 1513 [etsi
536 1471 664 1512 nolens)
690 1469 876 1503 miraculum
905 1467 1083 1513 cogebatur.

486 1520 506 1567 S
535 1522 589 1554 15.
612 1519 760 1553 Notarius
783 1518 922 1564 quidam,
944 1517 1017 1551 (lum
1047 1516 1084 1550 ad
1102 1528 1183 1550 men⁴

438 1582 503 1603 sam
540 1582 635 1604 sanus
671 1567 854 1607 accederet,
889 1579 1021 1612 surgens
1059 1566 1098 1600 ab
1134 1565 1182 1599 illa

437 1620 520 1665 gravi
566 1620 763 1665 squinantiae
806 1617 984 1651 infirmitate
1019 1624 1184 1661 correptus

437 1677 492 1703 est.
534 1669 667 1703 Duobus
705 1666 816 1701 diebus
849 1674 1011 1712 propterea
1044 1666 1181 1711 linguam

437 1731 562 1752 movere
585 1730 646 1752 non
684 1718 785 1764 potuit
819 1725 848 1750 et
882 1715 1038 1763 loquelam
1067 1715 1181 1749 amisit.

436 1768 581 1814 Cumque
608 1766 704 1801 multa
740 1765 934 1800 medicorum
973 1764 1121 1807 remedia,
1154 1764 1182 1798 ei

437 1817 588 1857 adhibita,
611 1818 689 1863 quin
719 1815 828 1850 eadem
859 1815 1024 1849 infirmitas
1058 1814 1088 1848 in
1120 1826 1183 1848 au—

436 1877 597 1913 gmentum
637 1866 841 1912 procederet,
876 1877 936 1898 non
977 1864 1182 1911 prodessent,

437 1919 532 1951 immo
559 1918 597 1950 ‹le
630 1916 681 1949 illo
716 1915 928 1960 desperarent,
965 1914 1000 1947 ad
1030 1913 1182 1947 Sanctum

437 1974 620 2011 conceptam
649 1965 846 1998 devotionem
863 1992 870 2003 ,
895 1973 926 1997 nt
954 1964 991 1998 ad
1025 1963 1182 1997 tumulum

436 2018 504 2051 eius
525 2016 710 2053 deferretur,
732 2027 825 2061 quam
843 2014 946 2059 lingua
967 2026 1027 2047 non
1053 2012 1183 2057 valebat,

438 2079 546 2101 manus
561 2078 634 2100 suae
649 2064 802 2111 scriptura
824 2063 1028 2110 deprompsit.
1054 2062 1183 2105 Verum,

437 2129 509 2150 cum
534 2115 609 2149 illuc
625 2142 634 2158 ,
659 2122 854 2160 repugnante
893 2125 988 2147 uxore
1011 2125 1065 2146 sua
1094 2113 1182 2158 (quia

438 2165 622 2200 mulieribus
652 2163 778 2211 praefati
803 2163 982 2198 monasterii
1011 2162 1182 2196 Ecclesiam

439 2215 556 2262 ingredi
574 2226 635 2248 non
652 2215 775 2257 liceret)
790 2225 986 2260 nequaquam
1004 2212 1183 2251 duceretur,

438 2267 502 2311 ipse
523 2265 569 2299 sic
585 2263 728 2298 infirmus
744 2264 910 2298 advertens
927 2262 1003 2296 infra
1019 2274 1051 2295 se.
1068 2262 1183 2308 ipsum,

436 2315 539 2349 eidem
556 2314 645 2348 beato
658 2314 733 2351 viro.
755 2325 787 2347 se
810 2321 843 2346 ut
861 2313 1012 2349 liberaret,
1027 2311 1183 2346 affectuo-

438 2366 503 2399 sius
522 2363 763 2398 commendavit.
777 2362 886 2409 Coepit
905 2374 941 2396 ex
958 2371 1032 2395 tunc
1046 2360 1182 2406 liugnam

437 2414 563 2457 ducere,
591 2414 745 2447 meliorari
769 2421 798 2447 et
829 2413 1015 2455 convalere,
1041 2423 1075 2445 ac
1099 2411 1182 2444 brevi

438 2464 587 2511 temporis
614 2463 775 2497 intervallo
801 2472 927 2497 curatus
955 2461 1089 2509 perfecte
1118 2460 1182 2494 fuit.

486 2514 506 2561 S
535 2516 589 2547 14.
620 2512 701 2547 Dum
725 2513 804 2546 alius
832 2512 958 2558 quidam
983 2523 1036 2557 per
1062 2519 1182 2557 septem

439 2563 651 2598 hebdomadas
683 2570 712 2597 et
746 2563 825 2596 ultra
862 2562 946 2596 febre
985 2560 1183 2607 quotidiana,

438 2613 519 2647 malo
535 2613 655 2658 hepatis
669 2621 698 2646 et
720 2612 870 2646 stomachi
892 2611 1090 2657 affligeretur,
1112 2621 1185 2655 qua-

439 2663 508 2696 dam
532 2663 581 2695 die
606 2661 746 2701 Veneris,
765 2674 837 2696 cum
867 2662 956 2707 peius
979 2660 1184 2698 liaberet,au-

1031 274 1130 297 mmm
1136 274 1166 296 R!
1173 274 1216 296 Utu
1240 273 1307 295 ROM
1313 274 1329 296 Α
1335 273 1400 296 Num

1234 328 1305 361 ditis
1327 326 1516 374 quibusdam
1532 326 1700 369 miraculis,
1716 337 1796 372 quae
1810 337 1864 372 per
1879 326 1979 360 virum

1233 377 1288 411 Dei
1307 376 1383 411 facta
1397 388 1466 411 esse
1480 374 1758 415 dicebantur,cum
1776 387 1809 409 se
1822 375 1859 409 ad
1877 375 1979 422 ipsum

1232 426 1375 460 devotius
1396 425 1536 472 sequenti
1553 424 1603 458 die¹
1618 424 1736 459 sabbati
1753 424 1790 459 ‹le
1811 435 1893 465 sero,
1908 437 1981 459 uxo-

1233 476 1273 509 ris
1294 488 1367 510 suae
1390 475 1546 517 suasibus,
1565 486 1663 521 eaque
1685 482 1859 520 praesente,
1883 473 1980 508 devo-

1232 525 1340 562 visset,
1356 525 1405 559 die
1427 524 1583 558 dominica
1613 524 1755 567 proximo
1784 523 1813 557 in
1840 534 1930 557 mane
1947 535 1980 557 se

1230 586 1244 607 a
1269 574 1412 620 praefatis
1434 573 1668 608 infirmitatibus
1691 572 1782 620 plene
1805 573 1920 619 reperit
1942 573 1979 606 li-

1231 623 1382 658 beratum.

1278 678 1292 715 g*
1320 675 1374 706 15.
1391 672 1503 706 Mulier
1515 672 1681 719 quaedam,
1695 683 1766 706 cum
1778 672 1874 706 lilium
1885 683 1976 707 suum

1230 722 1364 756 duorum
1378 721 1531 756 meusium
1555 720 1795 755 decumbentem
1814 748 1821 761 ,
1846 721 1977 767 pericli--

1230 772 1283 804 tari
1300 784 1359 805 non
1375 771 1529 805 immerito
1547 771 1738 813 formidaret,
1754 783 1809 818 pro
1831 782 1868 803 eo
1888 782 1978 817 prae-

1229 821 1348 861 sertim,
1375 820 1457 867 quod
1476 833 1531 867 per
1553 832 1675 854 menses
1697 830 1832 866 quatuor
1853 833 1891 854 ex
1913 833 1978 855 sur-

1228 869 1323 904 ditate
1345 871 1422 904 adeo
1444 879 1564 915 gravata
1588 879 1681 909 esset,
1699 879 1730 903 ut
1745 870 1850 905 decies
1872 870 1977 905 excla-

1230 928 1321 962 mata,
1338 920 1509 965 vagientem
1525 920 1615 953 etiam
1631 931 1763 965 puerum
1780 920 1828 954 vix
1844 919 1976 963 audiret,

1229 969 1284 1003 viri
1313 970 1359 1003 sui
1391 968 1586 1011 inductione,
1599 969 1652 1015 qui
1668 977 1808 1004 moestus
1824 981 1884 1004 una
1905 982 1976 1004 cum

1229 1019 1276 1052 illa
1309 1019 1487 1052 communis
1517 1018 1568 1052 lilii
1597 1018 1739 1064 periculo
1769 1018 1976 1059 condolebat,

1230 1069 1389 1112 praedicto
1411 1069 1476 1102 viro
1497 1067 1567 1106 Dei,
1585 1076 1617 1102 ut
1639 1079 1706 1101 eam
1735 1068 1774 1101 ab
1801 1068 1909 1102 eadem
1934 1069 1978 1103 in-

1229 1117 1372 1152 firmitate
1399 1118 1545 1164 eriperet,
1559 1118 1714 1151 obnoxius
1727 1117 1862 1157 devovit,
1879 1118 1979 1152 emis—

1227 1180 1325 1214 soque
1353 1176 1433 1207 voto,
1456 1180 1525 1202 cum
1545 1176 1634 1201 nocte
1656 1179 1766 1201 secura
1793 1167 1977 1207 dormisset,

1227 1217 1256 1251 io
1272 1219 1407 1252 crastino
1429 1229 1462 1251 se
1487 1217 1647 1251 liberatam
1663 1215 1768 1251 Sancti
1790 1216 1910 1251 meritis
1932 1229 1979 1252 re-

1227 1268 1316 1313 perit,
1339 1276 1369 1301 ut
1392 1267 1528 1312 optabat.

1273 1321 1288 1358 ,ξ
1316 1319 1367 1351 16.
1398 1316 1504 1350 Puella
1538 1316 1676 1361 gutturis
1696 1315 1744 1349 sui
1765 1315 1871 1349 fauces
1891 1316 1976 1363 squi-

1227 1367 1350 1400 nantiae
1361 1370 1405 1410 (t)
1420 1366 1539 1400 habeus
1553 1365 1732 1399 infirmitate
1747 1366 1935 1399 constrictas
1947 1366 1975 1399 in

1225 1425 1359 1455 tautum,
1384 1424 1417 1449 ιιι
1440 1428 1496 1450 nec
1511 1415 1586 1462 quid
1616 1426 1742 1449 sumere
1764 1414 1899 1449 solidum
1923 1424 1975 1449 aut

1226 1465 1378 1513 liquidum
1396 1466 1520 1505 valeret,
1535 1473 1565 1498 et
1588 1464 1743 1499 anhelitus
1758 1464 1816 1498 sibi
1841 1472 1975 1505 meatus,

1226 1523 1258 1549 ut
1277 1515 1324 1549 vix
1341 1516 1494 1562 respirare
1511 1522 1626 1561 posset,
1645 1513 1878 1548 includeretur:
1897 1513 1974 1548 dum

1225 1564 1336 1598 ‹tlevote
1366 1577 1399 1598 se
1428 1564 1519 1598 beato
1546 1564 1612 1597 viro
1640 1575 1655 1597 a
1691 1571 1789 1597 matre
1825 1575 1972 1610 persuasa

1224 1613 1471 1653 commendaret,
1486 1614 1644 1659 ductaque
1667 1612 1745 1648 foret
1760 1613 1789 1646 in
1804 1613 1974 1647 crastinum

1224 1663 1261 1697 ad
1298 1664 1417 1698 dictum
1449 1662 1672 1698 monasterium
1703 1661 1822 1697 Fossae
1850 1662 1974 1701 Novae,

1224 1713 1434 1760 superpositis
1452 1713 1570 1759 gutturi
1586 1724 1643 1746 suo
1659 1712 1731 1746 dicti
1750 1713 1803 1745 viri
1821 1712 1920 1746 sancti
1937 1723 1974 1746 ex

1226 1764 1364 1809 reliquiis
1387 1763 1416 1796 in
1440 1763 1574 1809 quadam
1598 1773 1689 1808 capsa
1712 1761 1834 1801 delatis,
1859 1761 1974 1796 confe—

1225 1813 1296 1846 stim
1321 1813 1513 1847 melioratam
1527 1824 1560 1846 se
1574 1811 1681 1854 sensit,
1698 1823 1808 1858 panem
1825 1811 1973 1855 comedit,

1226 1862 1423 1909 perfecteque
1446 1871 1551 1896 sauata
1575 1861 1677 1895 rediit.

1272 1912 1292 1958 S
1315 1914 1370 1946 17.
1393 1911 1530 1953 Quidam
1546 1909 1673 1958 praefati
1692 1910 1874 1945 monasterii
1894 1908 1973 1944 Fos-

1224 1973 1275 1995 sae
1297 1961 1400 1996 Novae
1413 1972 1596 2003 conversus,
1609 1960 1687 1994 adeo
1709 1971 1833 2006 gravem
1856 1960 1885 1993 in
1908 1959 1971 1993 bra—

1224 2011 1294 2045 chio
1321 2011 1431 2045 dextro
1446 2020 1474 2044 et
1489 2011 1610 2058 spatula
1623 2010 1762 2044 dolorem
1786 2009 1971 2056 patiebatur,

1225 2069 1257 2094 ut
1284 2061 1386 2107 ipsum
1411 2060 1572 2095 brachium
1589 2059 1672 2106 quod
1697 2071 1751 2105 per
1778 2059 1871 2093 trium
1888 2070 1970 2093 men-

1224 2111 1303 2144 sium
1327 2123 1398 2144 cum
1422 2110 1550 2144 dimidio
1575 2109 1714 2156 spacium
1743 2108 1895 2143 detulerat
1915 2120 1970 2142 su·

1224 2172 1375 2207 spensam
1398 2159 1435 2194 ad
1458 2161 1586 2202 collum,
1612 2159 1638 2192 ei
1667 2167 1750 2192 esset
1777 2157 1896 2198 inutile,
1919 2157 1973 2192 do-

1225 2210 1288 2244 lore
1305 2210 1485 2257 praesertim
1497 2209 1697 2242 vehementer
1711 2206 1972 2249 afflictum.Quod

1224 2271 1296 2293 cuin
1314 2259 1499 2306 requisitum
1515 2258 1709 2292 medicorum
1724 2257 1898 2292 remedium
1912 2269 1972 2291 nou

1226 2309 1354 2343 haberet
1376 2308 1553 2355 etamplius
1565 2308 1671 2342 dolore
1688 2315 1881 2353 gravaretur,
1898 2306 1972 2340 dum

1224 2358 1306 2392 dicto
1317 2359 1433 2393 Sancto
1445 2370 1498 2405 pro
1512 2370 1566 2392 sua
1583 2358 1777 2397 liberatione,
1791 2369 1824 2391 se
1838 2356 1972 2404 quodam

1224 2410 1341 2443 emisso
1368 2417 1451 2448 voto,
1467 2407 1735 2446 commendasset,
1758 2419 1853 2454 seque
1880 2419 1973 2453 supra

1224 2459 1291 2492 eius
1315 2458 1469 2492 tumulum
1485 2458 1656 2505 posuisset,
1670 2456 1785 2491 ibidem
1809 2456 1974 2492 obdormi-

1225 2508 1282 2551 vit,
1304 2521 1339 2541 ac
1367 2509 1520 2542 excitatus
1545 2507 1661 2541 deinde
1687 2519 1702 2540 a
1729 2506 1866 2553 quodam
1899 2507 1972 2542 dicti

1226 2559 1403 2592 monasterii
1433 2569 1576 2600 monaco,
1604 2556 1742 2600 brachio,
1768 2555 1854 2603 quod
1878 2556 1974 2590 linteo

1226 2607 1312 2654 prius
1339 2607 1469 2642 hahebat
1486 2606 1685 2646 incumbens,
1697 2605 1779 2640 collo
1797 2606 1899 2640 adhuc
1917 2605 1972 2640 de-

1260 2670 1299 2704 (l)
1317 2670 1481 2704 Squinantia.
1499 2672 1599 2701 annino
1621 2667 1778 2703 (Ducange).

2000 271 2048 298 An.
2062 271 2088 297 C.
2111 271 2176 298 1525

2007 680 2080 701 Mulier
2107 681 2177 701 surdi-

1994 715 2044 737 tute,

2005 1323 2077 1344 Puella
2115 1325 2175 1351 squi-

1991 1357 2069 1380 nantia,

2001 1912 2121 1934 Conversus
2131 1914 2176 1940 qui-

1988 1945 2032 1964 darn
2047 1946 2171 1965 monasterii

1988 1974 2064 1995 Fossae
2101 1974 2171 1996 Nono

1987 2007 2067 2028 brat-hii
2089 2008 2172 2028 acerri-

1986 2043 2018 2058 mo
2034 2037 2106 2058 dolore
2122 2038 2174 2058 affli-

1988 2072 2040 2090 (ῚΙΙΞ,
