2274 3265
111 248 161 274 An.
179 246 292 273 (1151ιῦ

135 1297 265 1317 Promuium,

126 2086 190 2106 Huius
218 2085 297 2105 ordinis

113 2117 234 2137 reformatio
245 2123 254 2136 a
262 2115 297 2135 Be-

113 2146 297 2168 neitictoXllrluo-

113 2179 150 2198 bus
179 2179 198 2197 ὃ,
229 2177 249 2197 Π,
275 2177 289 2197 Ε

113 2211 213 2229 reniteat.
239 2215 298 2229 com-

113 2242 187 2260 missi⁴

955 249 1101 272 CLEMENS
1124 249 1154 271 ΥΙ
1187 250 1233 271 ΙΨ.

350 300 422 330 fecta
453 302 600 340 capitula,
621 319 660 325 —
686 303 713 332 ⁶2.
744 302 776 332 Et
795 312 808 332 a
837 302 985 332 Clemente
1009 302 1062 332 ΙΨ,

348 346 528 376 confirmata.
544 363 583 369 —·
601 347 627 377 3.
644 346 682 377 De
699 348 829 386 capitulo
845 347 973 386 generali
991 356 1063 386 quo-

349 389 420 419 tibet
448 390 573 420 triennio
592 391 780 421 celebrando:
802 397 830 422 et
848 392 1008 422 vocalibus.
1025 407 1064 413 —

347 435 376 464 4.
408 434 445 464 De
468 436 606 474 capitulis
630 437 869 475 provincialibus.
902 454 940 459 —-
971 437 997 466 5.
1024 436 1062 465 De

349 479 446 517 priore
469 480 599 517 generali
623 480 759 518 eligendo
778 481 822 510 vel
849 480 1063 510 confirmando.

347 539 386 545 —-
414 523 441 552 6.
463 524 518 558 Qui
543 524 610 561 eligi
635 529 782 563 nequeant
811 525 840 554 in
864 525 991 563 priorem
1015 534 1063 562 ge-

349 567 491 597 neralem.
508 585 548 589 —
567 568 592 597 7.
611 567 649 597 De
668 568 873 598 definitoribus
893 568 1062 608 provincia-

349 621 414 641 rum
431 611 674 649 eligendis—8.
694 611 732 641 De
750 613 880 651 priorum
901 612 1063 652 provincia-

348 655 420 685 lium
439 655 594 685 electione.
612 657 689 685 -9,
703 656 741 686 De
760 657 912 696 prioribus
931 666 1061 687 conven—

349 699 479 729 tualibus
499 700 644 738 eligendis
667 705 694 730 et
721 701 941 731 confirmandis.
959 718 998 724 —·
1015 702 1061 731 10,

350 743 458 773 Prioris
477 745 664 783 provincialis
682 746 809 775 officium
827 746 959 784 quolibet
976 747 1064 776 trien-

348 788 397 817 nio
425 789 586 827 expleatur.
613 805 652 810 —
675 790 721 818 11.
752 789 923 820 Definitores
946 790 1063 829 quando

348 832 452 861 iterum
473 832 542 870 eligi
563 834 686 870 possint.
704 850 744 856 —
766 834 812 864 1⁶2.
831 834 965 864 Priorum
989 844 1062 863 eon-

348 876 527 906 ventualium
545 877 673 906 officium
691 882 800 916 quanto
819 882 950 916 tempore
969 879 1063 908 duret.

345 936 385 942 —-
416 921 459 950 13.
483 920 683 951 luramentum
718 932 731 951 a
766 923 863 960 priore
882 923 1023 961 generali,
1049 932 1062 951 a

347 964 566 1000 definitoribus,
594 965 721 1004 aliisque
751 965 900 1004 prioribus
929 966 1065 996 emitten-

347 1008 428 1038 dum.
445 1025 484 1031 —
504 1010 548 1039 tt.
568 1009 687 1039 Munera
709 1019 762 1039 nec
786 1010 891 1047 danda,
914 1020 968 1040 nec
988 1011 1064 1040 acci-

347 1053 465 1092 pienda.

371 1123 492 1153 Clemens
511 1125 653 1160 opiscopus
672 1132 768 1154 servus
784 1132 925 1154 servorum
945 1125 1000 1158 Dei.

459 1174 492 1202 ad
508 1175 669 1210 perpetuam
685 1174 727 1202 rei
745 1175 915 1202 memoriam.

357 1239 519 1287 Regimini
543 1240 731 1275 universalis
758 1240 932 1281 Ecclesiae,
959 1253 1064 1287 quam-

309 1302 401 1336 quam
421 1290 580 1333 immeriti,
603 1289 791 1336 disponente
813 1289 964 1333 Domino,
981 1302 1066 1336 prae-

309 1339 469 1378 sidentes,
497 1338 581 1373 curis
603 1339 761 1373 continuis
787 1339 935 1384 angimur
962 1347 991 1372 et
1013 1351 1065 1374 as-

309 1387 398 1422 sidua
428 1387 629 1422 meditatione
653 1388 835 1434 pulsamur,
852 1388 1064 1434 utreligioso-

311 1450 379 1472 rum
397 1436 614 1484 quorumlibet
635 1445 746 1477 status,
766 1445 895 1471 auctore
916 1437 1064 1476 Domino,

309 1486 479 1521 salubriter
514 1486 681 1531 dirigatur,
715 1495 745 1521 et
773 1498 812 1520 ne
835 1485 902 1521 loca
938 1486 1065 1532 religio-

309 1548 415 1571 sorum
448 1535 658 1575 eorumdem,
697 1547 873 1582 eorumque
915 1548 1065 1582 personae

311 1593 438 1632 propter
460 1585 692 1624 altercationes,
719 1597 799 1633 quas
821 1586 903 1620 inter
924 1597 979 1619 eos
1015 1586 1065 1619 in-

310 1635 434 1669 terdum
458 1635 603 1669 suscitari
626 1635 791 1681 contingit,
815 1634 948 1669 subeant
971 1635 1066 1681 spiri-

311 1683 437 1719 tualiter
459 1692 488 1718 et
518 1684 734 1731 temporaliter
769 1684 956 1718 detrimenta
975 1712 982 1723 ,
1010 1685 1064 1719 sed

311 1734 416 1781 potius
437 1733 653 1781 quorumlibet
684 1733 842 1769 Ordinum
872 1733 1066 1781 professores

310 1786 340 1818 in
365 1784 591 1830 tranquillitate
615 1784 731 1817 mentis
758 1791 787 1817 et
815 1784 969 1830 corporiS,
1010 1784 1066 1817 de-

310 1842 414 1867 votum
440 1841 469 1866 et
491 1840 628 1878 gratum,
650 1841 743 1879 prout
765 1833 802 1866 ad
828 1832 855 1866 id
880 1844 914 1866 se
937 1832 1065 1867 dedica-

311 1890 394 1923 runt,
423 1882 607 1928 impendant
630 1881 767 1915 Domino
795 1882 993 1920 famulatum,
1029 1882 1068 1915 li-

312 1932 420 1965 benter
448 1939 571 1964 nostrae
601 1931 790 1977 provisionis
817 1930 992 1965 remedium
1017 1931 1068 1965 ad-

313 1979 470 2014 bibentes.

361 2033 376 2071 ξ
406 2033 435 2062 t.
461 2028 588 2062 Dudum
612 2028 770 2076 siqnidem
796 2041 852 2075 pro
880 2037 965 2075 parte.
987 2041 1067 2075 quo-

314 2077 457 2112 rumdam
474 2077 603 2112 fratrum
619 2077 935 2112 SerrorumSanctae
951 2078 1067 2112 Mariae

313 2126 444 2161 Ordinis
485 2128 584 2161 saneti
624 2127 794 2173 Augustini
835 2128 997 2174 proposito
1036 2128 1065 2160 in

314 2176 500 2211 consistorio
522 2188 626 2210 coram
642 2176 741 2210 felicis
768 2177 996 2210 reeordationis
1011 2176 1067 2209 Be-

316 2226 439 2260 nedieto
463 2225 545 2272 Papa
570 2225 639 2265 XII,
668 2226 908 2273 praedecessore
938 2234 1066 2263 nostro,

314 2275 398 2322 quod
427 2274 588 2321 quondam
612 2274 726 2309 Petrus
745 2274 783 2308 de
806 2274 959 2317 Tuderto,
984 2276 1068 2321 prior

314 2325 470 2369 generalis
497 2323 626 2358 fratrum
649 2325 806 2358 dictorum
824 2324 1007 2365 Servorum,
1036 2325 1065 2357 in

1739 242 1801 274 48¹

1104 311 1203 338 status
1232 304 1450 339 reformandus
1485 307 1633 341 existeret
1662 307 1786 353 plenius
1809 308 1858 342 in-

1105 353 1243 393 formari,
1273 354 1464 400 praedictum
1495 355 1621 390 Petrum
1643 364 1671 391 et
1690 357 1860 392 nonnullos

1105 402 1182 437 alios
1203 403 1323 449 priores
1346 412 1376 438 et
1400 404 1509 439 fratres
1532 406 1717 441 eorumdem
1740 406 1860 441 Servo-

1107 464 1186 491 rum,
1210 452 1248 487 de
1270 452 1387 500 quibus
1416 454 1515 488 risum
1537 454 1594 488 sibi
1619 455 1675 490 fuit
1698 456 1860 503 expedire,

1107 513 1161 547 pro
1186 502 1405 537 reformatione
1434 503 1617 538 huiusmodi
1639 504 1794 545 facienda,
1822 506 1859 539 ad

1104 550 1219 585 Sedem
1238 551 1451 598 Apostolicam
1468 553 1537 586 fecit
1562 554 1770 599 personaliter
1791 567 1861 589 ero—

1105 600 1179 640 cari,
1207 601 1316 648 eisque
1345 602 1544 636 venientibus
1566 602 1603 636 ad
1632 602 1746 639 Sedem
1771 613 1861 639 ante-

1104 650 1219 686 dictam
1238 679 1245 690 ,
1286 652 1519 686 venerabilibus
1557 652 1705 688 fratribus
1745 655 1861 689 nostris

1106 700 1199 735 Petro
1219 700 1424 736 Praenestino
1451 710 1481 737 et
1514 702 1687 738 Bertrando
1720 703 1859 739 Ostiensi

1105 750 1263 797 episeopis
1289 752 1446 786 commisit
1481 752 1607 787 oraculo
1639 753 1725 787 rivae
1765 754 1861 793 vocis,

1106 806 1140 833 ut
1163 808 1267 846 partes
1291 801 1373 847 ipsas
1396 814 1492 848 super
1514 802 1562 846 iis,
1585 814 1666 848 quae
1701 802 1738 837 ad
1763 802 1861 837 refor-

1106 849 1276 883 mationem
1297 850 1488 896 praedictam
1510 859 1701 898 spectarent,
1728 851 1765 886 ad
1789 863 1861 886 con-

1105 898 1244 932 cordiam
1263 898 1462 941 reducerent,
1477 908 1504 934 et
1528 912 1751 947 quaecumque
1766 913 1862 948 super

1106 946 1156 981 his
1178 946 1326 988 facerent,
1359 949 1460 983 eidem
1490 949 1724 996 praedecessori
1753 958 1860 997 postea

1108 995 1240 1031 fideliter
1267 997 1382 1032 referre
1418 1007 1574 1034 curarent.
1603 998 1717 1033 Coram
1745 997 1862 1046 quibus

1106 1045 1200 1079 Petro
1227 1053 1256 1080 et
1286 1045 1461 1082 Bertrando
1494 1048 1679 1095 episcopis,
1714 1048 1861 1095 praefatis

1107 1093 1200 1129 Petro
1222 1095 1374 1141 generali,
1403 1104 1431 1131 et
1453 1097 1522 1131 aliis
1551 1096 1710 1144 prioribus
1733 1109 1769 1132 ac
1792 1097 1861 1132 fra—

1107 1143 1218 1183 tribus,
1248 1153 1281 1178 ut
1305 1146 1523 1191 praemittitur,
1550 1148 1699 1186 evocatis,
1716 1158 1862 1192 persona-

1107 1192 1177 1226 liter
1203 1195 1461 1239 comparentibus
1483 1203 1512 1229 et
1531 1195 1757 1230 exhibentibus
1780 1207 1863 1229 non-

1108 1241 1190 1274 nulla
1223 1242 1384 1289 capitula,
1419 1243 1595 1278 seeundum
1631 1256 1712 1290 quae
1746 1252 1862 1279 statum

1106 1290 1262 1324 dictorum
1293 1292 1420 1326 fratrum
1441 1292 1611 1327 Servorum
1641 1293 1864 1328 reformatione

1107 1339 1249 1385 indigere
1272 1340 1429 1380 dicebant,
1457 1354 1553 1388 super
1577 1342 1625 1382 iis,
1648 1354 1730 1388 quae
1757 1354 1863 1377 coram

1108 1388 1185 1434 ipsis
1208 1401 1304 1436 super
1327 1390 1547 1425 reformatione
1587 1390 1771 1426 huiusmodi
1814 1391 1864 1425 di-

1107 1449 1178 1471 cere
1212 1446 1241 1471 et
1274 1451 1450 1486 proponere
1490 1440 1681 1481 voluerunt,
1715 1440 1863 1488 dictoque

1107 1487 1351 1533 praedecessore
1376 1497 1482 1524 nostro
1498 1498 1618 1536 postea,
1631 1490 1713 1524 sicut
1725 1488 1864 1525 Domino

1108 1536 1236 1582 placuit,
1251 1537 1376 1573 sublato
1399 1539 1438 1573 de
1462 1539 1585 1580 medio,
1610 1539 1789 1579 nobiscum,
1813 1538 1865 1573 di-

1109 1587 1177 1619 vina
1196 1585 1318 1621 favente
1335 1587 1513 1632 clementia,
1542 1589 1579 1623 ad
1599 1589 1723 1636 apicem
1747 1589 1863 1622 summi

1107 1635 1304 1681 apostolatus
1330 1637 1522 1685 assumptis,
1539 1646 1569 1672 et
1597 1637 1781 1685 praemissis
1808 1650 1864 1684 pro

1108 1694 1195 1732 parte
1217 1685 1373 1720 dictorum
1397 1686 1480 1722 Petri
1504 1688 1661 1732 generalis
1675 1695 1705 1721 et
1728 1686 1862 1721 aliorum

1109 1736 1249 1782 priorum
1290 1745 1318 1770 et
1365 1736 1494 1771 fratrum
1543 1737 1713 1784 propositis
1757 1749 1861 1772 coram

1110 1784 1213 1825 nobis;

1157 1834 1177 1880 g
1200 1836 1232 1868 2.
1257 1834 1320 1869 Nos
1342 1836 1379 1869 ad
1407 1835 1661 1870 reformationem
1685 1844 1785 1870 status
1807 1836 1862 1871 di-

1109 1890 1231 1917 ctorum
1254 1883 1384 1919 fratrum
1400 1884 1543 1919 sollicitis
1563 1885 1677 1919 studiis
1693 1884 1863 1921 intenden-

1110 1940 1166 1970 tes,
1191 1933 1325 1979 praefata
1351 1933 1487 1980 capitula
1511 1946 1583 1968 eum
1621 1934 1739 1969 eisdem
1768 1933 1863 1970 Petro

1109 1988 1139 2014 et
1161 1980 1336 2016 Bertrando
1360 1983 1518 2030 episcopis
1544 1984 1794 2018 examinavimus
1815 1983 1863 2019 di-

1109 2029 1253 2076 ligenter.
1284 2031 1324 2065 Et
1353 2032 1479 2066 tandem
1509 2033 1672 2071 nonnulla,
1699 2045 1779 2080 quae
1808 2045 1863 2079 pro

1110 2079 1331 2115 reformatione
1358 2081 1474 2115 salubri
1499 2089 1601 2115 status
1627 2082 1784 2116 dictorum
1807 2081 1864 2116 fra-

1110 2136 1204 2169 trum,
1227 2130 1381 2164 suadente
1398 2131 1530 2165 utilitate
1554 2139 1582 2164 et
1606 2131 1792 2166 necessitate
1809 2144 1865 2165 ur-

1108 2186 1214 2222 gente,
1259 2179 1410 2226 expedire
1438 2180 1662 2225 cognorimus,
1697 2180 1862 2215 statuenda

1111 2227 1319 2272 providimus,
1355 2229 1435 2263 inter
1461 2241 1497 2263 ae
1527 2241 1582 2275 per
1609 2229 1737 2264 eosdem
1754 2229 1863 2264 fratres

1109 2275 1277 2311 Servorum
1320 2279 1478 2324 perpetuis
1520 2278 1632 2313 futuris
1666 2279 1863 2325 temporibus

1109 2325 1314 2361 observanda.

1875 254 2058 281 An.(l.13‘tf›

1889 1009 1919 1029 Al»
1952 1010 1976 1028 iis
2006 1015 2061 1028 non<

1876 1040 1933 1060 nutta
1964 1039 2061 1059 renitet-ta

1876 1071 1979 1097 capitula,

1892 1851 1914 1872 Ει
1931 1859 1942 1871 τι
1965 1852 2064 1873 clemen-

1878 1888 1898 1905 te
1923 1883 1959 1903 PP,
1985 1884 2063 1905 conflr—

1878 1919 1932 1936 niatu

315 2374 470 2419 regimine
489 2380 517 2406 et
540 2374 812 2408 administratione
834 2386 888 2407 sna
923 2374 1003 2408 male
1037 2382 1065 2407 et

316 2423 484 2470 partialiter
499 2435 532 2456 se
549 2423 694 2466 babebat,
711 2431 838 2470 propter
860 2423 944 2470 quod
968 2431 1067 2457 status

315 2473 544 2519 praedictorum
579 2473 707 2507 fratrum
733 2473 762 2506 in
798 2473 1016 2519 spiritualibus
1037 2481 1066 2506 et

315 2522 541 2568 temporalibus
576 2521 798 2556 reformatione
845 2535 906 2556 non
943 2522 1065 2556 modica

316 2571 491 2617 indigebam
516 2571 674 2618 praefatus
703 2571 926 2618 praedecessor
961 2572 1068 2607 volens

315 2620 354 2654 de
378 2620 427 2654 his
451 2632 546 2667 super
567 2620 683 2668 quibos
717 2621 901 2655 eorumdem
936 2620 1065 2656 fratrum

438 2677 510 2707 Ball.
531 2676 606 2725 fient,
629 2677 683 2706 t'ol.
707 2677 752 2706 lt'.
891 2678 924 2707 fit

1158 2375 1177 2421 ἓ
1194 2378 1223 2409 5.
1243 2376 1419 2411 Statuimus
1435 2377 1541 2423 igitur,
1565 2377 1649 2423 quod
1665 2389 1720 2424 per
1733 2377 1859 2412 eosdem
1887 2391 2016 2417 Decnptiuto
2028 2396 2062 2415 ge-

1110 2424 1231 2466 fratres,
1261 2438 1314 2472 per
1352 2438 1431 2472 quos
1466 2427 1550 2461 omni
1582 2438 1665 2461 anno
1704 2426 1861 2462 celebrare
1875 2422 2061 2474 5r222¹1210q⁰2¹32²j

1109 2476 1269 2509 consuerit
1316 2476 1471 2510 dictorum
1518 2475 1647 2510 fratrum
1688 2476 1859 2523 capitulum
1874 2484 1961 2520 hraludo-
1986 2489 2061 2505 eim>

1109 2525 1267 2568 generale,
1308 2537 1345 2558 ex
1374 2537 1458 2559 nune
1489 2525 1527 2560 de
1551 2525 1687 2560 triennio
1710 2526 1739 2559 in
1764 2526 1861 2560 trien·
1874 2516 1955 2537 ‘⁸¹¹b⁰²

1110 2573 1196 2607 nium
1220 2581 1339 2608 tantum
1359 2575 1506 2620 generale
1529 2575 1702 2622 capitulum
1725 2574 1862 2610 celebre-

1111 2632 1160 2657 tur
1180 2652 1187 2663 ,
1232 2623 1268 2658 ad
1300 2624 1384 2670 quod
1424 2632 1590 2659 teneantur
1632 2625 1736 2658 venire
1776 2624 1862 2674 prior
