2274 3265
15 2855 22 3023 ι

91 288 139 314 Au.
155 286 182 312 C.
204 286 272 312 1359

103 2073 131 2094 De
139 2074 242 2094 divi-ione
252 2073 279 2093 li-

95 2105 178 2125 hrorum
195 2108 214 2125 et
229 2110 280 2131 pro·
307 2118 313 2123 .

95 2138 186 2156 motione
195 2137 280 2156 stridon-

96 2168 145 2187 ttum

879 285 1074 308 BENEntCTUS
1103 285 1149 307 xtt
1179 285 1227 306 Ι“.Ρ

287 339 406 379 dicum,
424 340 473 374 vel
494 339 585 375 aliani
616 340 798 387 pensionem
813 340 951 379 babenti,
974 339 1033 374 nisi

288 388 341 424 illo
363 389 410 423 vel
440 389 490 424 illa
514 389 645 423 omnino
667 389 795 424 dimissa
825 388 869 423 vel
889 389 1033 427 dimisso,

287 438 391 485 aliqua
415 438 453 472 de
481 438 574 473 dictis
604 437 811 485 pensionibus
838 438 1033 473 studentium

287 488 485 534 assignetur:
514 488 598 535 quod
627 488 651 522 si
684 500 775 522 secus
802 495 906 522 aetum
932 487 1035 530 fuerit,

289 537 408 572 nullius
431 538 557 584 penitus
579 538 617 571 sit
636 537 800 571 momenti.
826 536 859 571 Si
879 549 950 571 vero
977 514 1035 583 ipsi

288 587 441 621 canonico
485 586 667 621 huiusmodi
693 586 876 633 pensionem
904 585 1036 621 studen-

289 636 366 671 tium
384 635 550 680 obtinenti,
578 636 766 671 beneficium
785 635 912 683 aliquod
935 648 1037 683 quan-

289 693 496 732 tumcumque
512 685 669 720 modicum
680 686 870 724 conseratur,
881 685 1037 729 volumus,

289 734 373 789 quod
402 735 512 781 adepta
550 736 749 781 possessione
778 735 903 782 ipsius,
939 744 1037 770 cesset

290 784 355 831 ipsa
387 786 498 831 pensio
532 784 601 831 ipso
634 784 740 829 facto,
774 797 874 831 eaque
902 784 1040 832 privatus

289 834 412 873 existat,
435 833 574 868 studenti
603 833 690 868 alteri
713 834 912 889 assignanda,
928 843 958 868 ut
977 847 1037 868 non

289 882 369 917 desit
403 882 537 917 studens
569 883 608 918 de
640 895 773 918 numero
797 884 954 923 instituto,
983 896 1040 918 uec

290 944 349 987 per
372 931 479 967 literas
501 945 516 967 a
544 931 628 968 Sede
650 932 830 980 Apostolica
855 933 903 967 vel
933 934 1041 979 legatis

289 981 392 1028 ipsius
413 994 508 1027 super
532 982 708 1027 provisione
735 983 958 1017 canonicorum
989 991 1042 1018 aut

289 1030 505 1078 quorumlibet
540 1030 672 1066 aliorum
701 1031 867 1071 obtentas,
891 1032 929 1066 de
964 1045 1042 1079 pen-

290 1080 380 1115 sione
425 1080 526 1127 aliqua
573 1081 767 1115 studentium
809 1081 1040 1128 praedictorum

290 1129 438 1177 cuiquam
456 1130 553 1165 valeat
571 1130 748 1178 provideri3
765 1142 823 1165 uec
837 1131 934 1177 possit
950 1131 1040 1165 alicui

291 1178 400 1223 alteri,
429 1179 487 1214 nisi
525 1179 615 1214 fuerit
648 1180 687 1214 dc
714 1179 941 1221 studentibus,
977 1180 1040 1226 ipsa

292 1229 402 1276 pensio
431 1241 487 1276 per
505 1228 641 1276 aliquem
669 1229 832 1274 assignari,
855 1229 931 1264 alias
957 1230 1041 1263 nulla

291 1278 331 1312 sit
351 1278 524 1324 assignatio
547 1278 729 1313 huiusmodi
754 1278 822 1325 ipso
846 1278 963 1317 iure,et
980 1287 1040 1313 tam

291 1327 467 1374 assignans,
491 1339 584 1374 quam
614 1327 781 1373 recipiens,
804 1327 841 1361 ad
866 1328 1041 1362 restitutio-

292 1388 364 1411 nem
394 1388 503 1411 eorum
521 1405 528 1416 ,
551 1389 632 1424 quae
655 1376 726 1410 inde
755 1383 878 1423 recepta
904 1376 1042 1420 fuerint,

292 1433 469 1465 teneantur,
492 1438 572 1473 quae
600 1426 629 1460 in
659 1425 746 1460 libris
771 1425 816 1459 vel
837 1425 907 1460 aliis
931 1438 1043 1460 neces-

292 1475 438 1510 sitatibus
461 1475 616 1509 dictorum
640 1474 836 1509 studentium
861 1484 1044 1510 convertan-

292 1534 365 1568 tur,
401 1524 590 1559 alienatione
623 1537 751 1572 quoque
788 1524 961 1565 librorum,
989 1525 1042 1572 qui

291 1573 384 1609 dictis
415 1573 619 1609 studentibus
647 1574 763 1609 fuerint
785 1573 950 1620 deputati,
987 1587 1041 1609 seu

291 1623 495 1658 distractione
516 1623 561 1658 vel
577 1623 672 1658 etiam
692 1623 886 1669 obligatione
902 1623 1042 1671 ipsorum

293 1673 422 1720 penitus
437 1673 623 1717 interdictis,
638 1673 696 1707 nisi
714 1673 847 1707 studens
863 1673 1042 1707 huiusmodi

293 1722 437 1757 utiliores
460 1722 557 1757 libros
586 1730 681 1766 emat,
703 1731 732 1757 et
760 1723 853 1757 etiam
884 1722 912 1756 id
954 1723 1043 1757 faciat

292 1771 416 1806 licentia
445 1772 492 1806 sui
511 1772 692 1807 immediate
714 1772 889 1818 superioris
904 1772 1044 1811 obtenta,

293 1821 433 1856 volentes
470 1821 554 1868 quod
578 1821 648 1855 libri
684 1822 850 1868 praedicti,
886 1821 1044 1856 defunctis

291 1870 410 1905 eisdem
438 1871 649 1910 studentibus,
672 1870 711 1905 ad
735 1870 906 1914 EcclesiaS,
934 1884 1045 1905 mona-

292 1921 387 1955 steria
406 1928 436 1954 et
464 1920 544 1964 lora,
571 1920 608 1954 ad
633 1932 714 1967 quae
746 1920 978 1967 pertinuerint,
1008 1921 1045 1955 li-

293 1970 365 2004 bere
394 1978 599 2004 revertantur.

342 2018 432 2065 526.
446 2018 600 2053 Volumus
611 2019 704 2053 etiam
719 2018 804 2065 quod
819 2018 842 2052 si
859 2018 887 2052 in
900 2018 1044 2059 ecclesia,

294 2068 485 2103 monasterio
499 2077 528 2102 et
545 2068 612 2103 loeo
635 2068 696 2102 alio
719 2068 880 2111 religionis
902 2068 1044 2102 eiusdem

293 2117 362 2152 ltbri
381 2117 578 2164 multiplicati
596 2117 724 2162 fuerint,
747 2117 834 2151 libris
858 2118 1046 2152 necessariis

295 2167 325 2201 in
338 2167 491 2206 ecclesiis,
508 2167 707 2201 monasteriis
729 2175 759 2201 et
778 2167 854 2201 locis
869 2166 937 2201 aliis
951 2179 1047 2201 rema-

295 2216 462 2257 nentibus,
485 2225 679 2251 caeterorum
708 2216 860 2250 libroruin
890 2229 945 2263 per
966 2217 1046 2250 anti-

293 2266 412 2310 stitem,
434 2265 578 2301 abbatem
602 2278 656 2301 sen
686 2265 781 2300 alium
808 2265 845 2300 ad
862 2278 955 2312 quem
974 2278 1046 2313 per-

294 2316 433 2355 tinuerit,
456 2315 494 2349 de
517 2316 650 2350 consilio
673 2316 719 2349 sui
748 2315 874 2362 capituli
899 2328 953 2349 seu
974 2328 1046 2349 cou-

296 2374 425 2404 ventus,
454 2365 500 2399 vel
534 2366 660 2399 maioris
689 2365 784 2411 partis
807 2366 967 2411 ipsorum,
997 2366 1045 2399 [iat

295 2415 487 2449 conveniens
509 2415 691 2449 distributio
708 2415 787 2448 inter
797 2414 960 2449 studentes
977 2427 1045 2449 eos-

295 2464 379 2504 dem;
397 2464 510 2511 fiatque
525 2464 612 2511 prius
629 2464 668 2498 de
685 2465 826 2510 personis
840 2464 1046 2504 studentium,

295 2513 413 2560 quibus
442 2514 515 2548 dicti
541 2513 610 2547 libri
635 2513 817 2553 tradentur,
841 2522 869 2547 et
894 2513 1045 2548 librorum

298 2563 481 2597 nominibus
509 2563 738 2610 praedictorum
764 2563 954 2597 memorialis
969 2563 1047 2597 seri-

298 2620 408 2658 ptura,
436 2625 516 2659 quae
549 2613 577 2646 in
601 2612 752 2656 ecelesia,
776 2613 965 2646 monasterio
992 2625 1046 2646 seu

297 2661 367 2697 loco
383 2662 563 2696 huiusmodi
581 2670 794 2696 conservetur:
807 2662 930 2709 proviso
946 2670 1047 2696 tamen

1710 276 1779 309 439

1076 338 1162 385 quod
1193 338 1394 386 pulchriores
1417 347 1447 373 et
1471 338 1614 374 utiliores
1650 340 1680 374 in
1708 340 1828 375 eisdem

1077 387 1223 428 ecclesia
1247 388 1439 422 monasterio
1460 388 1525 422 sive
1549 388 1618 423 loco
1632 388 1767 425 debeant
1787 402 1828 425 re-

1077 449 1215 471 manere.
1239 436 1272 471 Si
1289 437 1360 484 quis
1379 450 1474 471 vcro
1467 437 1504 471 le
1533 437 1762 474 studentibusi
1789 440 1831 475 sis

1079 498 1134 533 per
1147 499 1180 520 se
1198 486 1242 521 vel
1262 499 1316 533 per
1335 487 1442 527 alium,
1459 486 1572 521 librum
1587 499 1642 522 seu
1658 487 1754 523 libros
1792 502 1832 524 u-

1079 535 1229 579 iusmodi,
1252 535 1305 583 qui
1325 535 1370 571 sic
1393 536 1594 583 pervenerint
1616 537 1652 571 ad
1669 537 1830 578 eumdem,

1079 584 1706 631 contrabocdistraxeritautobligaverit,
1715 587 1832 635 eoipso

1079 634 1114 669 sit
1134 634 1280 668 inhabilis
1304 647 1359 681 per
1372 634 1533 669 biennium
1553 635 1591 670 ad
1607 636 1832 686 quodcumque

1081 684 1268 719 beneficium
1285 684 1509 729 obtinendum,
1525 693 1554 720 et
1571 685 1780 722 nibilominus
1794 687 1832 721 de

1080 733 1194 769 Studio
1222 743 1387 769 revocetur
1409 743 1438 768 et
1461 734 1530 769 loco
1557 747 1616 770 suo
1643 735 1723 770 alius
1749 736 1832 771 sub-

1082 792 1232 831 rogetur,
1255 793 1285 818 et
1307 784 1400 818 etiam
1426 796 1481 831 per
1502 796 1596 819 suum
1620 785 1833 833 superiorem,

1083 842 1175 880 prout
1210 833 1281 868 facti
1318 834 1454 880 qualitas
1480 835 1642 881 exegerit,
1674 835 1833 881 puniatur.

1082 883 1186 918 Possit
1206 892 1308 917 tamen
1332 883 1436 918 dictus
1449 896 1547 931 super
1563 883 1758 920 inhabilitate
1773 885 1835 920 hu·

1084 932 1221 968 iusmodi
1258 932 1458 980 dispensari,
1486 934 1510 968 si
1541 933 1696 982 superiori
1732 934 1834 970 visum

1086 982 1179 1017 suerit
1202 982 1362 1028 expedire.
1390 982 1450 1017 Ubi
1471 991 1574 1018 autem
1599 983 1783 1030 eritaliquis
1797 983 1836 1019 de

1085 1032 1160 1079 ipsis
1186 1031 1398 1072 studentibus,
1426 1033 1479 1079 qui
1501 1033 1540 1068 sit
1562 1033 1643 1068 vitae
1656 1032 1836 1075 laudabilis,

1084 1089 1114 1115 et
1135 1081 1212 1116 alias
1240 1081 1374 1116 idonens
1400 1093 1436 1116 ac
1459 1082 1627 1138 discretus,
1654 1090 1685 1118 et
1711 1082 1750 1117 ad
1767 1082 1838 1118 bac-

1084 1131 1266 1165 calariatum
1291 1130 1337 1165 vel
1362 1131 1577 1177 ιιιιιινί5ῑθτῑιιηι
1583 1131 1772 1188 dispositus
1791 1133 1835 1166 vel

1084 1179 1217 1224 habilis,
1241 1180 1279 1214 de
1302 1180 1394 1215 cuius
1421 1180 1522 1216 fructu
1546 1181 1696 1217 scientiae
1727 1182 1837 1237 acqui-

1086 1229 1201 1263 rendae
1219 1230 1316 1276 possit
1331 1229 1508 1265 verisimilis
1526 1243 1600 1286 spes
1614 1230 1735 1275 haberi,
1753 1231 1838 1278 prior

1084 1277 1244 1312 dictorum
1258 1278 1452 1313 studentium
1457 1293 1535 1327 ,qut
1550 1280 1607 1315 erit
1618 1292 1674 1327 pro
1683 1287 1838 1327 tempore

1085 1339 1158 1361 cum
1193 1328 1328 1362 consilio
1350 1327 1528 1374 aliquorum
1557 1329 1753 1364 studentium
1781 1340 1837 1363 eo-

1085 1376 1229 1411 rumdem
1248 1377 1434 1432 proborum.
1450 1378 1566 1412 scribat
1585 1378 1839 1426 praesidentibus

1085 1425 1264 1471 antedictiS,
1282 1434 1312 1460 ut
1330 1427 1457 1474 proprio
1479 1427 1646 1474 praelato
1639 1427 1738 1474 ipsius
1755 1440 1840 1462 man-

1085 1475 1161 1509 dent
1183 1484 1213 1510 et
1240 1475 1387 1510 ordinent
1415 1489 1486 1511 cnm
1505 1477 1616 1511 eodem
1640 1477 1725 1525 quod
1746 1476 1838 1512 taleni

1086 1525 1124 1559 de
1140 1524 1253 1560 Studio
1270 1538 1331 1560 non
1352 1535 1487 1570 revocet,
1503 1526 1558 1561 sed
1573 1538 1647 1561 eum
1664 1527 1694 1561 in
1710 1527 1839 1562 scientia

1088 1575 1253 1621 prolicere,
1288 1582 1319 1609 et
1346 1574 1383 1609 ad
1412 1583 1527 1610 statum
1558 1575 1782 1611 baccalariatus
1810 1586 1839 1611 et

1088 1624 1242 1659 bonorem
1267 1625 1436 1671 magisterii
1466 1625 1643 1681 pervenire,
1670 1624 1840 1661 lecturam—

1087 1685 1148 1720 que
1184 1674 1372 1708 continuare
1402 1675 1580 1721 permittat;
1611 1675 1782 1722 ipsumque
1809 1684 1838 1709 et

1086 1723 1165 1758 alios
1192 1723 1324 1768 similes,
1339 1735 1420 1770 qnos
1436 1737 1464 1757 ιιι
1488 1723 1621 1759 scientia
1641 1723 1823 1759 laudabtlttt
1817 1737 1841 1758 r

1089 1773 1242 1818 proficere
1267 1773 1398 1814 noverit,
1418 1773 1523 1818 dignis
1545 1773 1665 1808 attollat
1679 1773 1840 1809 laudibus

1089 1822 1264 1857 bonoribus
1286 1830 1315 1856 et
1337 1822 1591 1869 promotionibus
1604 1823 1711 1858 efferat
1729 1835 1838 1870 oppon

1087 1872 1185 1906 tunis.
1212 1871 1401 1907 provideant
1424 1884 1553 1928 quoque
1570 1871 1795 1928 praesidentes
1811 1882 1838 1906 et

1088 1921 1137 1955 alii
1169 1921 1296 1967 praelati
1320 1922 1548 1956 convenientes
1569 1922 1600 1956 in
1618 1922 1686 1969 ipso
1701 1921 1841 1968 capitulo

1090 1971 1286 2017 provinciali,
1308 1970 1394 2018 quod
1416 1971 1561 2006 canonici
1576 1971 1613 2006 ad
1630 1971 1712 2006 dicta
1729 1970 1840 2006 Studia

1089 2020 1333 2061 transmittendi,
1349 2030 1441 2068 prout
1456 2020 1697 2056 convenientius
1712 2028 1742 2054 et
1760 2032 1844 2055 coni-

1089 2069 1214 2104 modius
1226 2070 1290 2104 fieri
1306 2070 1574 2118 poterit,insimul
1592 2078 1843 2109 commorentur,

1088 2119 1196 2153 saltem
1214 2120 1356 2167 quinque
1381 2120 1426 2154 vel
1449 2127 1586 2168 quatuor
1607 2119 1645 2155 ad
1662 2119 1788 2159 minus,
1812 2128 1842 2153 et

1088 2181 1225 2219 quatuor
1256 2173 1301 2208 vel
1330 2174 1470 2221 quinque
1498 2172 1683 2208 huiusmodi
1715 2172 1841 2208 duobus

1088 2227 1296 2262 servitoribus
1324 2228 1386 2262 sint
1415 2227 1567 2263 contenti.

1137 2282 1156 2329 g
1184 2286 1242 2316 27.
1274 2281 1466 2316 praecavere
1498 2293 1612 2328 nempe
1643 2281 1783 2316 volentes
1811 2291 1840 2317 et

1088 2338 1181 2372 etiam
1193 2336 1354 2383 providere
1365 2344 1397 2369 ut
1406 2335 1496 2370 dictis
1504 2334 1702 2370 scholaribus
1711 2335 1841 2370 indictis

1088 2390 1209 2425 Studiis
1234 2402 1289 2437 pro
1309 2398 1451 2436 tempore
1472 2389 1670 2424 morantibus
1691 2390 1843 2436 regularis

1090 2458 1150 2479 non
1172 2444 1253 2478 desit
1274 2443 1399 2477 salubre
1421 2442 1671 2489 gubernaculum
1692 2443 1843 2491 discipli-

1090 2511 1159 2537 nae,
1175 2498 1359 2533 ordinamus
1373 2498 1457 2544 quod
1470 2498 1497 2531 in
1508 2497 1655 2544 capitulis
1669 2497 1844 2545 provincia-

1091 2566 1172 2596 rum,
1202 2553 1230 2586 in
1255 2551 1372 2598 quibus
1395 2559 1488 2585 erunt
1512 2551 1695 2585 huiusmodi
1725 2552 1843 2590 studia,

1092 2606 1307 2653 praesidentes
1336 2618 1433 2639 unum
1457 2605 1496 2640 de
1525 2604 1563 2639 iis
1590 2605 1643 2652 qui
1671 2605 1841 2640 debentad

1093 2660 1283 2708 provinciale
1309 2660 1483 2707 capitulum
1507 2659 1688 2700 convenire,
1706 2659 1842 2694 vicinum

1849 284 1886 312 Αιι
1915 284 1943 310 C.
1962 285 2028 312 ¹53⁹

1871 2286 1970 2313 Regimen
1997 2292 2042 2309 stu·

1858 2319 1950 2339 dent-um
1960 2322 1992 2339 cut
2004 2322 2042 2340 de*

1858 2351 1994 2370 inausauttum
