2274 3265
230 285 278 311 An.
296 286 324 311 C.
342 285 407 312 1339

251 638 383 658 t'robattoutn

226 670 297 688 modus
308 671 329 688 et
340 668 406 689 locu·

235 978 388 996 tam-uteorum

224 1010 303 1027 creatio
313 1007 337 1026 ud
346 1011 406 1033 quem

223 1042 305 1065 spectet

471 271 541 306 420

423 338 573 384 qnodque
607 333 789 368 huiusmodi
817 333 932 368 creatio
953 346 1008 367 seu
1049 332 1172 366 babitus

424 385 546 420 traditio
569 396 631 418 non
668 383 724 416 nisi
768 394 918 429 personae
945 394 1000 416 scu
1031 382 1173 428 personis

424 435 587 477 religionis
621 432 775 474 eiusdem,
802 443 882 477 qnae
911 439 986 466 tnnc
1013 431 1106 465 etiam
1141 430 1170 463 in

424 483 574 522 Ecclesia,
598 481 677 517 loco.
704 493 758 515 seu
788 481 980 515 monasterio
1005 479 1172 526 praedictis

424 532 488 566 [ieri
511 531 634 569 dibeat,
662 530 857 576 aliquatenus¹
879 529 1101 563 committatur.

470 581 495 635 S.
517 584 550 614 2.
579 579 600 614 li
626 592 709 621 veto,
732 591 784 624 qut
808 579 900 612 1¹¹¹1e1ti
930 578 1071 611 fuerint
1067 590 1096 610 111
1120 589 1172 610 ca-

424 631 564 673 nonicos,
583 628 658 662 infra
677 627 870 674 p1¹‹1›bitionis
893 636 1028 672 tempus,
1047 627 1075 659 in
1094 626 1172 667 loco,

424 680 452 713 in
481 691 545 725 quo
572 678 680 711 saltem
697 685 816 722 septeni
837 676 979 709 c-inonici
1003 675 1171 713 resideant,

423 729 600 762 necessario
624 726 757 760 babeant
781 724 1074 771 1¹1¹side1·e;eisqne
1104 723 1173 756 ido-

425 789 503 812 neus
524 785 554 811 et
582 775 682 809 fidelis
714 775 882 820 111¹·pntetu1
910 775 1091 810 instructor,
1118 772 1171 818 qui

423 837 478 860 eos
500 826 655 859 instruere
685 823 783 857 valeat
806 823 834 856 in
859 822 974 856 divinis
995 821 1108 855 ofliciis
1143 828 1173 854 et

422 874 620 909 observantia
643 872 786 918 regulari.

470 923 490 970 S
514 927 546 957 5.
570 921 736 957 Caeterum
757 922 782 953 si
802 920 1028 954 canonicorum
1057 919 1172 952 creatio

422 974 515 1007 l'nerit
542 971 694 1009 facienda,
717 982 814 1016 eaque
839 969 991 1015 pertineat
1019 968 1055 1002 ad
1081 979 1173 1014 prae-

421 1021 540 1065 laium,
572 1032 717 1055 unacum
746 1017 885 1064 capitulo
922 1018 967 1051 vel
1001 1025 1169 1055 conventu,

423 1070 466 1104 vel
490 1082 561 1104 cnm
585 1080 741 1104 consensu
762 1068 826 1101 lieri
847 1066 958 1101 debeat
974 1066 1170 1100 eorumdem.

421 1119 454 1153 Si
487 1118 661 1165 capitulum
685 1130 739 1151 seu
769 1124 955 1159 conventus,
984 1115 1029 1150 vel
1062 1127 1171 1149 eornm

423 1168 521 1202 maior
549 1179 632 1214 pars,
661 1178 737 1212 pure
764 1166 800 1200 ad
825 1178 891 1199 eam
921 1177 983 1199 non
1019 1165 1172 1211 procede-

423 1225 502 1257 rent,
539 1216 585 1251 vel
613 1215 763 1250 creationi
790 1214 950 1249 faciendae
978 1215 1047 1248 sine
1079 1226 1170 1248 causa

423 1265 595 1300 rationabili
614 1272 782 1299 renuerent
796 1264 987 1302 consentire,
1004 1262 1171 1310 praelatus,

422 1328 457 1348 ex
480 1327 544 1368 quo
565 1313 624 1348 sibi
652 1313 813 1347 evidenter
839 1312 1011 1359 expediens
1038 1312 1084 1345 vet
1113 1324 1172 1345 ne·-

422 1375 594 1398 cessarium
618 1361 792 1409 apparebit,
825 1361 1006 1396 huiusmodi
1041 1361 1172 1395 canoni-

423 1425 529 1446 eornm
565 1412 756 1446 creationem
788 1410 853 1444 ficri
889 1409 1018 1449 debere,
1042 1410 1089 1444 vel
1117 1422 1173 1456 per

425 1462 595 1507 praelatum
632 1469 661 1493 et
684 1459 857 1505 capitulum
891 1471 946 1493 seu
964 1467 1168 1497 conventum,

424 1519 475 1544 aut
491 1523 545 1555 per
567 1509 654 1544 illum
673 1521 729 1543 seu
746 1508 826 1551 illos,
848 1508 885 1542 ad
903 1520 997 1554 quem
1020 1521 1073 1542 seu
1092 1520 1171 1554 quos

424 1560 621 1605 pertinuerit,
666 1559 862 1592 concorditer
900 1557 1107 1591 deliberatum
1142 1566 1171 1590 et

423 1607 585 1643 definitum
621 1606 712 1641 fuerit
735 1606 800 1641 fore
834 1607 1023 1640 creationem
1059 1605 1171 1640 huius-

423 1656 506 1691 modi
535 1656 728 1695 faciendam
752 1664 827 1690 tunc
864 1655 1019 1701 praelatus
1047 1664 1171 1689 111011eat

421 1705 592 1751 capitulum
622 1717 676 1739 seu
704 1713 907 1747 conventum,
934 1713 964 1738 et
998 1704 1026 1737 in
1059 1704 1170 1737 virtute

422 1753 619 1788 obedientiae
641 1755 686 1788 eis
714 1753 867 1799 iniungat,
893 1762 925 1786 ut
962 1765 1038 1799 pnre
1060 1765 1095 1786 ac
1119 1765 1171 1786 se-

421 1802 560 1837 cundum
583 1802 699 1842 Deum,
722 1780 823 1837 instat-³
830 1802 923 1836 unius
944 1802 1063 1836 mensis
1098 1814 1170 1855 spa-

421 1852 517 1892 cium,
545 1852 582 1886 ad
610 1852 725 1886 dictam
761 1852 950 1885 creationem
978 1863 1049 1885 enm
1078 1863 1115 1885 eo
1140 1864 1168 1885 ιιι

421 1901 521 1946 priino
548 1913 621 1935 casu
663 1900 848 1947 procedant
881 1900 926 1934 vel
964 1901 993 1934 iu
1029 1900 1170 1934 seeundo

420 1950 567 1984 creationi
590 1949 750 1984 faciendae
773 1962 864 1983 suum
897 1957 1053 1995 praestent
1085 1962 1169 1983 eon-

420 2011 559 2034 sensum.
587 1999 678 2041 Quod
708 1999 731 2032 si
758 1998 885 2045 praefati
912 1999 1084 2045 capitulum
1113 2012 1168 2032 seu

421 2057 595 2082 conventus
617 2048 780 2082 monitioni
810 2047 855 2081 vel
884 2048 1071 2082 iniunctioni
1106 2048 1169 2081 liu-

422 2097 556 2132 iusmodi
581 2109 687 2142 parere
711 2096 905 2143 neglexerint
934 2097 978 2130 rel
1003 2109 1167 2131 recusave-

421 2146 492 2186 rint,
519 2146 634 2181 creatio
662 2147 728 2193 ipsa
750 2158 784 2180 ea
809 2147 873 2180 vice
896 2144 993 2180 libere
1017 2147 1169 2193 pertineat

420 2195 455 2228 ad
481 2195 665 2241 praelatum,
687 2195 861 2229 dummodo
894 2207 948 2240 per
970 2208 1042 2229 eum
1072 2195 1113 2229 nil
1138 2196 1167 2228 in

420 2244 600 2289 praemissis
627 2243 742 2278 factum
766 2243 858 2278 fuerit
881 2243 1104 2278 fraudulenter.
1135 2244 1167 2278 ln

418 2306 490 2326 casu
515 2301 618 2326 antem
636 2293 848 2327 devolutionis
869 2294 1062 2336 huiusmodi,
1078 2306 1169 2340 prae-

420 2342 498 2375 latus
538 2341 669 2376 faciendi
705 2343 847 2387 eamdem
876 2344 1066 2376 creationem
1096 2355 1167 2376 cum

418 2390 551 2425 consilio
574 2392 735 2425 seniorum
760 2392 944 2426 eorumdem
973 2391 1101 2438 capituli
1123 2392 1168 2425 vel

418 2448 602 2479 contentus,
629 2440 846 2486 eligendoiuin
875 2454 929 2487 per
956 2441 1057 2487 ipsum
1084 2454 1128 2494 pr
1121 2453 1169 2474 ae-

419 2487 526 2531 latum,
549 2489 668 2523 tentiam
695 2499 810 2536 partem
843 2502 973 2524 numero
1000 2491 1037 2525 ad
1064 2502 1169 2523 minus

418 2536 596 2571 iacientium
613 2539 766 2573 eorumde
758 2552 798 2571 ιιι
819 2540 947 2586 capituli
969 2540 1014 2573 vel
1031 2551 1168 2573 conven-

419 2594 479 2628 tus,
508 2585 546 2620 de
571 2589 714 2633 personis
738 2588 872 2631 idoneis,
905 2588 1032 2623 liberam
1058 2588 1167 2622 habeat

418 2633 613 2675 facultatem,
638 2636 676 2670 ita
700 2615 921 2683 t¹11ncn,q1⁷10d
946 2647 1019 2672 tunc
1043 2649 1098 2684 per
1120 2637 1169 2671 di-

1008 280 1087 302 utJLt
1092 279 1193 301 Attum
1222 278 1382 301 ttoalstNtJtu

1214 340 1298 366 ctum
1321 330 1491 377 praelatum
1521 337 1565 363 tot
1583 337 1613 362 et
1637 341 1698 362 non
1725 328 1832 374 plures
1853 340 1967 363 creen-

1215 389 1274 420 tu1,
1313 387 1401 426 quot,
1437 379 1564 413 attentis
1591 376 1802 417 s1cultatibus,
1838 389 1854 412 a
1882 385 1964 413 statu

1214 430 1342 475 antiqno
1376 436 1405 462 ct
1438 427 1546 461 debito
1577 428 1717 460 locorum
1758 425 1883 460 creandi
1911 439 1965 461 scu

1215 479 1309 512 crzeiti
1346 476 1571 512 1¹1tionabilite1¹
1599 475 1743 515 fuissent,
1767 475 1791 508 si
1813 475 1967 529 praelatus

1215 535 1244 560 ιι
1271 526 1444 572 capitulum
1473 538 1527 559 seu
1551 533 1726 559 conventus
1753 525 1783 558 in
1811 524 1968 558 creatione

1216 575 1399 610 huiusmodi
1417 574 1616 608 concorditer
1635 573 1869 607 convenissent.
1888 572 1969 607 Rur-

1215 637 1269 659 sus
1292 637 1400 658 cortun
1424 623 1602 665 arbitrium,
1624 623 1677 669 qui
1697 622 1734 656 ad
1760 622 1876 668 privata
1893 633 1968 656 suo-

1216 686 1284 707 rum
1301 672 1465 706 commoda
1494 672 1725 718 reciprocantes
1745 671 1906 714 affectum,
1929 671 1969 704 sa-

1215 722 1345 756 ciendae
1365 721 1514 755 creationi
1531 721 1759 755 canonicorum
1782 720 1964 754 huiusmodi

1216 772 1324 805 nolunt
1346 771 1437 805 aliter
1459 770 1648 813 consentire,
1687 769 1745 804 nisi
1778 768 1969 804 concedatur

1215 820 1346 863 eisdem,
1373 819 1458 866 quod
1484 832 1564 853 unns
1588 818 1634 852 vel
1659 819 1777 865 plures,
1804 831 1883 865 quos
1902 830 1968 852 ma-

1216 869 1328 903 luerint
1382 881 1435 903 seu
1476 868 1707 902 nominaverint
1738 868 1767 902 in
1800 867 1969 902 canonicos

1215 926 1375 951 creentur:
1394 918 1520 964 penitus
1539 918 1729 951 detestantes
1745 917 1804 951 boc
1818 917 1968 963 deinceps

1215 967 1344 1001 omnino
1361 966 1428 1000 fieri
1446 966 1662 1013 probibemus,
1676 967 1882 1001 decernentes
1895 978 1969 1000 con-

1215 1017 1376 1050 cessiones
1391 1015 1575 1050 buiusmodi
1589 1016 1625 1058 (si
1639 1028 1719 1062 quae
1729 1016 1774 1049 eis
1788 1014 1886 1049 sactae
1897 1014 1967 1049 sue-

1216 1065 1287 1109 rint)
1305 1065 1369 1099 fore
1384 1065 1498 1102 nullas:
1514 1066 1664 1111 quodque
1677 1064 1753 1098 nulli
1767 1077 1805 1098 ex
1819 1064 1967 1110 receptio-

1216 1127 1253 1148 ne
1267 1127 1320 1148 seu
1344 1115 1503 1148 creatione
1527 1126 1564 1148 ex
1587 1126 1621 1148 ea
1638 1114 1684 1148 vel
1705 1114 1827 1148 obeam
1847 1121 1966 1151 secuta,

1215 1163 1263 1197 ius
1285 1163 1411 1210 aliquod
1437 1164 1466 1197 in
1491 1163 1571 1202 loco,
1596 1164 1625 1198 in
1648 1175 1711 1210 qno
1733 1175 1788 1197 seu
1812 1162 1849 1197 ad
1872 1174 1965 1210 quein

1214 1212 1318 1252 fuerit,
1358 1212 1558 1259 aliquatenus
1603 1213 1793 1259 acquiratur
1834 1210 1969 1258 Insuper

1216 1262 1397 1308 p1ae1nissis
1415 1261 1593 1301 adiicimus,
1616 1261 1700 1308 quod
1724 1260 1896 1316 capitulum
1923 1260 1967 1295 vel

1214 1319 1387 1345 conventus
1400 1310 1560 1356 religionis
1575 1310 1737 1345 eiusdem
1732 1324 1760 1344 111
1773 1310 1908 1344 noiitate
1920 1310 1967 1344 sui

1216 1359 1342 1406 praelati
1360 1368 1515 1406 nequeant
1531 1360 1632 1393 cidem
1651 1359 1789 1406 praelato
1817 1359 1864 1392 vel
1878 1359 1966 1393 alteri

1214 1409 1378 1443 occasione
1403 1409 1501 1455 ipsius
1533 1409 1634 1443 faeere
1649 1409 1780 1455 gratiam
1801 1419 1900 1454 super
1919 1421 1968 1442 re-

1213 1459 1359 1504 ceptione
1388 1459 1433 1492 vel
1456 1459 1615 1492 creatione
1642 1460 1867 1497 canonicorum
1894 1456 1968 1503 plu-

1215 1508 1295 1541 rium
1319 1519 1412 1553 qnam
1450 1507 1597 1545 duorum,
1626 1519 1683 1541 nec
1709 1506 1746 1541 ad
1782 1506 1965 1540 huiusmodi

1215 1569 1269 1597 pro
1296 1556 1421 1590 duobus
1446 1557 1575 1601 gratiani
1600 1556 1785 1597 taciendam,
1813 1568 1879 1596 eos,
1907 1556 1965 1590 nisi

1213 1606 1251 1639 de
1279 1605 1376 1639 libera
1404 1617 1512 1639 eornm
1547 1605 1706 1639 voluntate
1743 1605 1966 1652 processerint,

1215 1655 1409 1688 intendimus
1429 1654 1580 1700 obligare.

1261 1704 1281 1750 S
1307 1706 1339 1737 lt.
1364 1703 1524 1738 Praesenti
1548 1716 1676 1750 quoque
1698 1704 1868 1738 statuimus
1892 1716 1965 1739 sau-

1212 1753 1329 1796 ctione,
1364 1753 1447 1799 quod
1483 1753 1600 1798 singuli
1630 1754 1773 1787 canonici
1803 1754 1965 1799 religionis

1212 1802 1354 1836 eiusdem
1385 1801 1610 1848 professionem
1634 1814 1814 1848 expressam
1838 1802 1964 1845 faciant,

1213 1864 1273 1884 non
1297 1851 1505 1894 clandestine,
1529 1851 1583 1885 sed
1603 1860 1756 1897 patenter,
1783 1861 1813 1886 et
1835 1852 1861 1886 si
1884 1864 1969 1886 com-

1213 1899 1304 1934 mode¹
1340 1900 1406 1934 lieri
1441 1901 1565 1946 poterit,
1593 1901 1623 1934 in
1650 1900 1793 1935 Ecclesia
1832 1910 1861 1935 et
1893 1914 1965 1936 cum

1212 1949 1319 1989 Missa;
1346 1950 1429 1995 qnod
1458 1950 1483 1983 si
1508 1950 1586 1984 forte
1615 1949 1788 1996 praelatus,
1811 1950 1848 1984 ad
1871 1963 1965 1998 quem

1211 1999 1364 2045 spectabit
1409 1998 1636 2045 professionem
1682 1999 1781 2046 ipsam
1816 2000 1967 2047 recipere,

1213 2056 1354 2094 tempore
1371 2047 1564 2093 probationis
1577 2049 1696 2094 elapso,
1710 2061 1763 2095 per
1780 2051 1966 2084 canonicum

1213 2097 1351 2143 profiteri
1375 2096 1545 2141 volentem,
1573 2109 1714 2143 congruo
1743 2099 1810 2132 loco
1836 2106 1866 2132 et
1894 2107 1968 2133 tem-

1213 2158 1287 2192 pore
1324 2145 1483 2180 l1111niliter
1520 2147 1702 2193 requisitus,
1739 2147 1966 2194 professionem

1212 2194 1355 2229 eamdem
1380 2195 1530 2242 recipere,
1561 2197 1630 2230 sine
1657 2196 1833 2231 rationabili
1861 2209 1967 2238 causa,

1212 2245 1361 2285 renuerit,
1387 2245 1432 2279 vet
1449 2245 1526 2280 ultra
1541 2245 1682 2280 debitum
1700 2245 1778 2280 sorte
1797 2246 1967 2287 distulerit,

1211 2294 1316 2328 dictus
1339 2296 1512 2329 canonicus
1528 2307 1565 2329 ex
1588 2303 1663 2328 tunc
1683 2295 1714 2329 in
1730 2295 1811 2329 dicta
1829 2295 1966 2330 Ecclesia

1213 2343 1257 2375 rel
1296 2345 1487 2378 monasterio
1514 2357 1548 2378 ac
1583 2344 1732 2379 membris
1773 2345 1896 2391 ipsius,
1929 2348 1966 2380 ad

1211 2393 1315 2427 onmia
1339 2393 1471 2428 idoneus
1494 2402 1670 2433 censeatur,
1693 2394 1730 2428 ad
1754 2406 1834 2440 quae
1855 2406 1967 2429 cense-

1214 2451 1309 2482 retur,
1324 2443 1349 2475 si
1365 2442 1443 2477 soret
1457 2455 1607 2489 expresse
1622 2443 1793 2490 professus.
1807 2443 1966 2479 Teneatur

1212 2500 1327 2530 tamen,
1351 2504 1448 2537 quum
1466 2493 1504 2526 ad
1528 2492 1587 2527 hoc
1609 2493 1830 2539 opportunitas
1852 2506 1885 2528 se
1907 2493 1965 2529 obn

1212 2540 1328 2579 tulerit,
1372 2554 1519 2588 expresse
1564 2542 1770 2577 nibilominus
1815 2543 1963 2588 proliteri.

1212 2590 1360 2636 Alioquin
1397 2603 1434 2623 ex
1471 2600 1545 2625 tnnc
1579 2591 1617 2625 ad
1654 2592 1837 2637 praemissa,
1865 2593 1964 2627 donec

1211 2651 1356 2684 expresse
1388 2639 1479 2674 fuerit
1506 2640 1680 2686 professus,
1703 2641 1808 2675 minus
1833 2641 1964 2676 idoneus

1983 274 2030 300 Λιι.
2049 273 2076 299 C.
2097 274 2165 299 1359

1994 1717 2100 1738 Protessin
2117 1723 2167 1744 quo-

1980 1749 2041 1768 modo
2059 1748 2166 1768 facientia,
