2274 3265
465 273 533 304 694

418 348 627 381 rumcnmqne
664 335 826 377 laicorum,
848 333 906 366 sul·
930 333 1040 379 poenis
1070 344 1164 378 prae-

221 286 267 309 Αιι,
285 286 302 308 t:
336 285 401 310 luit)

418 386 498 429 satis,
520 397 599 431 quas
621 384 689 430 ipso
719 384 797 417 l'acto
824 396 896 417 enm
927 383 1087 416 incurrere
1111 394 1165 416 vo—

418 435 486 476 luit,
510 434 635 480 penitus
658 432 834 466 interdicta.

466 484 486 529 g
515 486 547 516 8.
583 482 727 517 Decrevit
762 481 913 528 denique,
945 480 1103 514 concessit
1137 487 1165 512 ct

235 538 283 557 ''¹¹¹‘'
304 536 403 569 ¹‘¹·¹*''¹¹¹'¹{¹
419 532 554 566 iniunxit
576 531 725 566 omnibus
747 540 777 564 et
795 530 929 576 singulis
953 529 1098 575 praelatis
1113 541 1166 562 ec·-

218 567 403 617 ,Ὑ’ἶῖᾗῖιῗιῘᾹῖ-’Ϊηῗ
417 581 613 621 clesiasticis,
636 580 712 614 alias
739 580 987 614 iurisdictionem
1016 578 1167 612 ccclesia—

219 630 402 684 ⁴},';,'25„,{.‘ss¹'⁰'',‡¹,2¹}
418 631 527 665 stieam
545 629 745 669 habentibus,
757 629 785 662 in
799 641 933 676 qnorum
950 627 1167 661 iurisdictione

220 692 299 711 ...rnen⁵
418 680 523 714 dictus
561 679 707 713 Nicolans
750 686 892 725 repertus
930 677 1022 711 fucrit
1037 704 1045 720 ,
1081 675 1165 723 quod

420 729 519 772 illum,
542 729 567 764 si
591 737 699 763 contra
729 728 897 774 praemissa
922 726 967 760 vel
991 738 1099 760 eorum
1117 724 1168 757 ali-

418 778 493 825 qnid
517 778 725 817 attentaverit,
754 777 836 811 iuxta
865 776 1043 811 sanctiones
1070 787 1164 807 cano-

421 828 520 868 nicas,
533 827 790 875 quibuscumque
805 838 865 860 non
882 823 1093 867 obstantibus,
1108 835 1167 869 pu-

420 884 534 911 nirent.

468 926 488 973 S
511 928 543 960 9.
578 925 610 959 Si
648 937 719 959 vero
745 924 850 958 dictus
877 920 1167 957 anathematizatio-

234 981 330 1001 Pwnw
345 979 404 1022 ⁵³·¹0-
421 987 487 1015 nes,
509 974 733 1009 dete-stationes
759 981 790 1006 et
812 972 1027 1006 revocationes
1055 970 1168 1004 huius-

219 1012 403 1062 22'11..''1'd‘0'‹-⁰1'..'‡l¹r'l'
420 1024 503 1058 modi
531 1022 733 1062 recusaverit,
775 1021 820 1056 vel
861 1021 953 1055 etiam
995 1019 1168 1065 neglexerit

419 1073 603 1120 adimplere,
630 1081 659 1106 et
683 1071 756 1105 huic
772 1070 946 1105 sententiae
970 1081 1079 1116 parere
1091 1068 1167 1102 sub-

420 1122 581 1168 terfugerit
596 1149 603 1162 ,
638 1122 740 1168 ipsum
776 1129 933 1166 tamquam
975 1118 1167 1164 pertinacem

421 1171 613 1206 haereticum
655 1169 820 1204 actualiter
862 1167 1097 1214 degradandum
1140 1175 1168 1201 et

420 1220 600 1255 exuendum
624 1220 654 1254 in
680 1219 776 1253 forma
810 1218 971 1252 Ecclesiae
1007 1215 1092 1251 omni
1117 1228 1170 1250 or-

420 1269 494 1304 dine
525 1279 555 1304 et
588 1268 686 1315 gradu
723 1267 960 1306 ecclesiastico,
984 1274 1013 1300 et
1041 1265 1169 1300 brachio

421 1318 573 1353 saeculari
598 1317 841 1364 relinquendum
862 1316 927 1351 sore
940 1315 1119 1350 declaravit.

470 1369 490 1414 g
520 1370 574 1402 to.
603 1366 810 1402 Postmodum
840 1378 925 1405 vero,
952 1377 1023 1399 cum
1051 1364 1090 1398 al)
1112 1364 1170 1398 ali-

223 1413 563 1471 ,ll'ss‘ſssfl'lh'J-‘qubllsa
593 1416 775 1463 praesertim
805 1415 1079 1453 praedicatorum,
1111 1413 1170 1446 Mi-

224 1458 260 1509 wi}
298 1457 409 1502 iia'lssllulil
424 1478 547 1506 norum,
572 1465 720 1513 praedicti
746 1464 954 1499 Eremitarum
977 1463 1084 1497 Sancti
1101 1462 1171 1496 Au—

224 1514 320 1564 ζηζξζῗζΜ
357 1518 408 1532 ⁰¹¹¹·
423 1516 539 1562 gustini
563 1523 593 1550 et
615 1515 729 1550 Beatae
752 1514 869 1548 Mariae
897 1513 936 1547 de
960 1513 1065 1547 Monte
1092 1511 1171 1546 Car-

424 1564 506 1599 melo
536 1564 692 1599 Ordinum
729 1564 759 1598 in
786 1563 929 1598 Romana
962 1561 1058 1596 Curia
1098 1568 1172 1595 tunc

424 1613 654 1660 praesentibus,
676 1625 714 1647 an
738 1613 892 1647 sententia
916 1612 981 1658 ipsa
1005 1618 1126 1645 mature
1142 1617 1172 1643 et

424 1663 503 1698 iuste
535 1670 643 1697 contra
673 1662 792 1697 dictum
821 1661 985 1695 Nicolaum
1014 1660 1073 1694 lata
1098 1658 1172 1692 hae-

421 1713 547 1746 sitatum
572 1711 662 1751 soret,
687 1724 744 1746 nos
763 1710 878 1744 dilecto
895 1710 959 1743 filio
983 1716 1090 1744 nostro
1104 1707 1172 1741 An-

423 1762 520 1804 tonio,
543 1760 623 1795 tituli
642 1760 776 1795 Sanctae
798 1760 965 1794 Susannae
989 1757 1172 1806 presbytero

421 1810 598 1851 cardinali,
624 1810 846 1844 commisimus
882 1817 914 1842 nt
946 1808 985 1843 de
1015 1806 1171 1842 sententia

423 1861 488 1907 ipsa
504 1871 714 1905 cognoscens,
730 1859 869 1905 legitime
889 1870 956 1893 eam
972 1858 1174 1893 confirmaret

423 1909 469 1943 vel
492 1909 675 1949 infirmaret,
696 1917 786 1955 prout
808 1908 847 1942 de
871 1908 938 1943 iure
957 1907 1035 1942 foret
1055 1906 1174 1941 facien-

423 1959 510 1993 dum.
528 1958 678 2005 Idemque
690 1958 872 1998 cardinalis,
888 1958 925 1992 ad
941 1958 1172 2005 praedictorum

426 2007 564 2054 magistri
588 2007 730 2042 Simonis
752 2007 940 2047 Bollehoux‚
960 2004 1173 2041 archidiaconi

424 2056 582 2092 Ecclesiae
597 2056 834 2097 Cavallieensis‚
851 2056 1045 2091 baecalaurei
1069 2056 1099 2089 in
1123 2054 1175 2087 de-

424 2106 530 2146 cretis,
557 2118 667 2141 causae
695 2106 876 2141 huiusmodi
904 2106 1082 2153 specialiter
1119 2102 1174 2137 de-

426 2160 537 2207 putati,
574 2168 813 2207 procuratorum
849 2160 1054 2205 instantiam,
1084 2169 1176 2208 prout

426 2214 530 2259 vigore
551 2214 786 2248 commissionis
812 2214 994 2248 huiusmodi
1031 2222 1175 2261 poterat,

418 2266 454 2301 ‘m
491 2267 672 2302 huiusmodi
700 2280 792 2302 causa
822 2268 999 2314 procedens
1023 2269 1176 2315 legitime,

427 2321 501 2355 visis
522 2321 674 2355 omnihus
696 2330 725 2355 et
747 2321 884 2367 singulis
911 2322 1047 2356 actitatis
1069 2330 1099 2356 et
1122 2322 1178 2356 ha-

428 2377 502 2411 bitis
529 2376 558 2409 in
590 2388 683 2410 causa
721 2375 914 2415 huiusmodi,
951 2376 1076 2423 illisque
1104 2389 1176 2410 cum

428 2430 588 2475 diligentia
613 2429 775 2464 recensitis
797 2437 827 2462 et
849 2429 1048 2470 examinatis,
1068 2441 1103 2463 ac
1123 2430 1179 2465 lia-

430 2483 494 2517 bito
521 2495 617 2530 super
639 2483 686 2517 his
713 2495 784 2517 cum
815 2483 1048 2518 venerabilibus
1077 2483 1180 2517 fratri-

430 2538 488 2571 bus
516 2538 632 2572 nostris
651 2537 744 2572 Petro
761 2538 1001 2585 archiepiscopo
1024 2537 1180 2577 Cretensi,

429 2590 641 2625 Gundissalvo
670 2591 875 2634 Astoriccnsi,
902 2591 1024 2625 Thoma
1053 2591 1180 2636 Viginti-

432 2644 569 2680 miliensi
598 2645 755 2693 episcopis
778 2653 808 2679 et
831 2645 956 2680 dilectis
983 2645 1054 2679 filiis
1081 2645 1182 2692 magi-

1011 278 1108 300 nouat
1115 277 1132 298 n
1139 278 1145 298 Ι
1152 276 1194 298 {lM
1220 275 1379 297 nOMANUM

1206 338 1270 364 stro
1307 330 1488 363 llermanno
1524 327 1651 371 Allien-g,
1683 328 1803 360 notario
1839 334 1958 369 nostro,

1208 379 1336 413 Nicolao
1371 377 1484 412 abbate
1509 376 1690 410 monasterii
1719 375 1826 409 Sancti
1851 375 1957 409 Wan—

1207 427 1356 472 dregisilii
1378 435 1406 460 ct
1435 425 1594 471 magistris
1622 424 1736 470 lacopo
1755 423 1958 463 Morressoni,

1209 477 1322 511 loanne
1357 476 1396 509 dc
1418 475 1547 509 Falirica
1564 503 1573 514 ‚
1597 474 1714 508 Ioanne
1741 472 1958 512 Gundissatvi,

1207 525 1400 572 cappellanis
1419 524 1546 566 nostris,
1564 535 1729 558 causarum
1751 522 1857 556 l‘alatii
1877 521 1960 568 Apo—

1207 574 1309 609 stolici
1337 573 1547 617 auditoribus,
1562 573 1677 607 loanne
1698 572 1737 605 de
1756 570 1958 605 Francl'ordia

1207 632 1235 657 ct
1272 623 1421 657 Conrado
1453 622 1492 656 de
1526 622 1606 656 Snto
1632 630 1662 656 et
1690 621 1759 655 aliis
1790 621 1819 653 in
1849 619 1957 655 eadem

1209 672 1363 718 theologia
1391 680 1421 706 ct
1447 680 1579 717 utroque
1614 671 1680 705 iure
1713 668 1896 704 doctoribus
1931 677 1959 702 et

1210 721 1319 769 peritis
1334 720 1469 755 consilio
1488 729 1622 761 maturo,
1638 720 1677 754 de
1693 719 1818 753 illorum
1830 718 1961 753 consilio

1208 779 1238 805 ct
1261 783 1389 805 assensu
1417 782 1471 817 per
1493 783 1581 804 suam
1611 769 1807 804 diffinitivam
1837 776 1962 802 sentcn-

1209 821 1283 855 tiam
1309 819 1543 866 pronunciavit,
1567 819 1705 853 decrevit
1737 830 1792 865 per
1813 817 1959 852 eumdem

1210 869 1417 915 patriarcham
1454 869 1484 902 in
1524 881 1617 903 causa
1659 867 1838 902 huiusmodi
1883 866 1961 900 benc

1210 919 1307 953 l'nisse
1330 926 1358 953 et
1379 930 1447 952 esse
1472 930 1668 964 processum,
1691 917 1915 951 sententiatum
1933 925 1961 950 et

1211 968 1393 1006 dillinitum,
1425 967 1587 1014 ipsiusque
1613 966 1801 1001 sententiam
1837 966 1962 1000 antedi-

1209 1025 1291 1051 ctam
1319 1017 1569 1051 confirmandam
1600 1017 1676 1056 sore,
1699 1024 1726 1050 et
1752 1015 1961 1057 confirmavit,

1210 1066 1323 1113 illaque
1356 1066 1534 1101 executioni
1563 1065 1687 1100 debitae
1708 1064 1960 1099 demandandam

1211 1116 1286 1156 sore,
1310 1123 1340 1149 et
1363 1115 1575 1158 demandavit,
1591 1122 1681 1161 prout
1698 1114 1727 1148 in
1744 1113 1961 1147 instrumentis

1211 1165 1348 1210 publicis
1385 1165 1458 1198 inde
1486 1164 1651 1204 conlectis,
1673 1162 1859 1197 eorumdem
1891 1174 1961 1196 car-

1210 1214 1326 1248 dinalis
1347 1222 1377 1249 et
1401 1213 1594 1260 patriarchae
1616 1212 1726 1259 sigillis
1749 1211 1891 1255 munitis,
1913 1211 1962 1245 di-

1211 1263 1302 1304 citur,
1326 1264 1451 1309 plenius
1469 1263 1660 1297 continetur.

1260 1313 1279 1358 ἓ
1305 1315 1360 1346 ll.
1384 1312 1448 1346 Nos
1472 1312 1576 1359 itaque
1599 1310 1782 1346 huiusmodi
1811 1309 1963 1344 articulos

1210 1370 1241 1396 et
1270 1362 1460 1396 assertiones
1494 1360 1613 1396 Nicolai
1649 1359 1798 1407 praedicti
1837 1359 1964 1406 penitus

1211 1411 1376 1457 cupientes
1415 1411 1587 1457 extirpari,
1624 1409 1806 1445 discretioni
1846 1417 1964 1443 vestrae

1214 1473 1267 1507 per
1279 1461 1452 1507 apostolica
1468 1461 1582 1507 scripta
1597 1459 1826 1494 committimus
1840 1467 1870 1492 et
1883 1471 1964 1492 man—

1211 1510 1336 1553 damus,
1359 1517 1517 1556 quatenus
1533 1522 1586 1544 vos
1609 1517 1639 1544 et
1660 1508 1794 1556 quilibet
1810 1515 1963 1551 vestrum,

1214 1571 1268 1605 per
1289 1572 1323 1594 se
1347 1559 1394 1593 vel
1410 1559 1507 1593 alium
1530 1571 1587 1593 seu
1610 1559 1701 1601 alios,
1726 1557 1879 1603 praefatas
1897 1569 1967 1591 sen-

1214 1608 1326 1642 tentias
1356 1608 1535 1642 executioni
1564 1607 1691 1642 debitae
1714 1606 1941 1641 demandantes
1959 1634 1966 1645 ,

1214 1656 1346 1703 illasque
1362 1665 1391 1691 et
1412 1665 1592 1703 praesentes
1607 1657 1723 1700 literas,
1740 1656 1771 1689 in
1787 1655 1968 1690 civitatibus

1213 1716 1243 1741 et
1269 1706 1473 1744 dioecesibus
1502 1706 1649 1752 praefatis
1674 1718 1712 1739 ac
1740 1705 1818 1739 locis
1840 1705 1887 1739 eis
1916 1705 1968 1738 vi·-

1214 1756 1292 1790 cinis
1314 1766 1342 1790 et
1372 1756 1447 1790 alibi
1475 1755 1616 1795 ubilibet,
1637 1755 1689 1790 ubi
1707 1754 1795 1789 vobis
1812 1754 1968 1789 videbitur

1214 1804 1388 1852 expedire,
1423 1805 1608 1839 auctoritate
1641 1811 1758 1847 nostra,
1786 1804 1970 1839 solemniter

1216 1854 1394 1900 publicetis,
1417 1862 1448 1889 et
1476 1853 1629 1901 publicari
1659 1853 1788 1898 faciatis,
1814 1865 1850 1888 ac
1873 1865 1969 1901 prae-

1216 1903 1311 1938 fatum
1340 1903 1519 1944 Nicolaum,
1542 1904 1567 1938 si
1594 1903 1773 1950 praedictae
1796 1903 1970 1938 sententiae

1216 1953 1315 2000 ipsius
1332 1953 1524 2000 patriarchae
1545 1953 1574 1987 in
1592 1953 1729 1999 singulis
1743 1952 1810 1987 suis
1829 1952 1970 1999 partibus

1217 2015 1277 2037 non
1317 2003 1454 2050 paruerit
1483 2015 1555 2037 cum
1590 2002 1729 2046 effectu,
1755 2002 1840 2036 iuxta
1869 2002 1971 2049 ipsius

1216 2052 1390 2087 sententiae
1413 2060 1553 2087 tenorem
1578 2060 1608 2086 et
1630 2051 1707 2086 alias
1733 2063 1894 2086 sacrorum
1918 2063 1971 2086 ca-

1217 2119 1336 2141 nonum
1373 2106 1578 2153 exigentiam,
1611 2106 1767 2153 puniatis.v
1789 2105 1829 2140 Et
1854 2105 1971 2140 nihilo-

1218 2161 1322 2195 minus
1356 2169 1464 2195 contra
1493 2160 1659 2195 Nicolaum
1695 2160 1882 2207 praefatum,
1915 2173 1972 2195 nec

1219 2226 1280 2248 non
1304 2214 1364 2249 sibi
1390 2215 1602 2249 adhaerentes
1623 2223 1653 2249 et
1676 2214 1832 2249 dictorum
1852 2214 1972 2249 articu-

1219 2268 1320 2302 lorum
1350 2278 1380 2303 et
1407 2269 1619 2303 assertionum
1649 2276 1832 2312 sectatores,
1854 2280 1890 2302 ae
1913 2268 1973 2302 hu-

1220 2323 1356 2357 iusmodi
1384 2323 1535 2357 articulos
1562 2330 1592 2357 et
1619 2323 1812 2356 assertiones
1843 2321 1889 2356 vel
1912 2334 1973 2356 eo—

1221 2389 1289 2411 rnm
1313 2377 1449 2423 aliquem
1486 2376 1708 2423 approbantes,
1736 2383 1891 2419 tenentes,
1919 2375 1974 2408 de-

1221 2430 1385 2465 fendentes
1408 2430 1454 2464 vel
1474 2430 1736 2476 dogmatizantes,
1759 2436 1926 2476 exemptos
1945 2437 1974 2463 et

1221 2484 1395 2531 quemlihet
1420 2485 1573 2531 ipsorum,
1597 2484 1634 2518 de
1657 2483 1775 2531 quibus
1797 2482 1885 2517 vobis
1904 2495 1977 2517 con-

1221 2538 1356 2581 stiterit,
1379 2538 1613 2584 cuiuscumque
1641 2537 1802 2584 dignitatis
1817 2565 1824 2578 ,
1851 2544 1951 2571 status
1968 2564 1975 2576 ,

1222 2590 1355 2637 gradus,
1378 2591 1499 2626 ordinis
1534 2591 1581 2626 vel
1605 2592 1797 2626 conditionis
1826 2592 1975 2629 existant,

1222 2643 1390 2691 diligenter
1414 2645 1573 2692 inquirere
1588 2645 1753 2685 studeatis,
1768 2653 1798 2679 ct
1817 2657 1872 2679 eos
1893 2657 1976 2692 qnos

1975 270 2025 296 An.
2043 270 2071 295 C.
2091 269 2157 296 {1120

1988 582 2009 602 tii
2036 590 2046 601 a
2077 582 2158 602 Martini

1974 614 2071 637 delegato
2085 619 2159 639 appro-

1975 644 2029 664 batn.

1993 1317 2047 1337 Haec
2066 1316 2163 1337 Pontifex

1979 1349 2080 1375 publii-ari
2100 1354 2164 1374 prae—

1979 1380 2027 1404 cipit
2040 1385 2076 1405 per
2089 1378 2165 1398 Eccle-

1979 1412 2056 1431 siarum
2078 1410 2166 1436 praela-

1979 1444 2023 1461 tos:

2000 2116 2126 2143 titanumque
2139 2122 2172 2136 as-

1987 2150 2102 2168 sertionum
2132 2148 2170 2167 de-

1985 2180 2083 2199 tcusnrvs
2105 2184 2171 2198 rano-

1987 2212 2040 2230 nivis
2074 2209 2171 2230 coerceri

1988 2242 2070 2267 poenis.
