2274 3265
222 269 270 295 Au.
288 268 316 295 C.
333 269 398 295 ¹507

229 1421 302 1440 Secum
341 1419 387 1438 liuiu

216 1459 239 1471 ex
257 1457 302 1470 meu
320 1458 349 1470 rvi
363 1451 399 1470 de-

216 1486 308 1503 {eventu}

237 2416 276 2436 Nec
294 2416 345 2435 ullus
364 2418 406 2435 iuu-

466 259 533 292 192

414 326 576 371 ,ticeingiut
598 324 634 359 ad
664 325 721 359 iter
726 324 861 372 ,quod
857 338 885 360 ιιι
910 326 1093 362 huiusmodi
1110 329 1165 361 ‹lt-

414 384 499 409 rreto
538 374 685 415 termino
708 388 802 430 quem
826 375 872 409 eis
894 383 922 410 et
945 376 1013 410 aliis
1040 389 1165 424 perem-

416 424 514 470 ptorie
540 424 748 470 assignamus
777 425 805 459 iu
835 424 1004 460 Viennensi
1028 427 1166 471 οινίιιιιιι,

415 474 509 509 iidem
542 473 769 521 archiepiscopi
810 482 838 508 et
879 475 1016 522 episcopi
1067 476 1166 511 taliter

415 524 565 558 nominati
591 524 807 579 personaliter,
830 523 881 558 alii
906 536 977 559 vero
1000 536 1166 560 remanen-

415 583 461 607 tes
485 573 639 621 episcopi,
666 573 768 610 electi
787 573 926 618 abbates,
951 574 1080 622 priores,
1109 575 1166 609 de-

413 623 495 664 cani
536 624 718 670 praepositi
766 623 990 668 archidiaconi,
1036 623 1166 671 presb)-

413 673 468 707 teri
512 681 542 707 et
577 673 729 720 praelati,
767 673 902 720 capitula
925 682 955 708 et
992 681 1165 708 conventus

415 735 468 769 per
504 722 631 757 eosdem
667 722 923 770 archiepiscopos
946 730 975 757 et
998 723 1167 778 episcopos

412 772 449 806 ad
474 771 668 819 praedictum
689 771 859 807 concilium
883 784 1077 813 accessuros
1100 773 1167 819 qui-

413 821 472 856 lius
511 821 547 856 ad
571 822 688 862 omnia,
724 833 804 868 quae
832 821 861 854 in
885 821 996 856 eodem
1032 821 1165 857 concilio

412 879 600 915 statuentur,
624 871 709 910 fient,
732 879 761 905 et
783 869 1026 911 ordinabuntur,
1049 879 1079 905 et
1102 871 1166 906 sue-

413 922 475 955 rint
501 928 689 967 opportuua‚
712 919 888 954 concedant
915 919 1086 967 plenariam
1116 933 1166 968 po-

414 978 569 1009 testatem
591 969 630 1004 de
657 982 717 1016 qua
740 969 935 1004 sufficienter
961 977 1082 1005 constet
1111 982 1166 1017 per

414 1019 539 1066 publica
573 1018 772 1061 documenta,
808 1026 915 1053 nostro
932 1032 964 1054 se
982 1021 1164 1075 conspectui

413 1076 657 1115 ripraesentent.
689 1067 782 1123 Quod
817 1069 841 1103 si
870 1068 973 1103 forsan
1004 1069 1081 1116 ipsis
1113 1082 1165 1104 ar-

411 1118 621 1165 chiepiscopis
642 1126 670 1152 et
698 1118 856 1165 episcopis
889 1119 1062 1154 accessuris
1101 1119 1165 1154 lm—

413 1167 547 1203 iusmodi
573 1167 730 1202 noluerint
764 1167 939 1203 concedere
967 1177 1164 1216 potestatem

412 1231 449 1252 eo
480 1230 553 1252 casu
589 1217 705 1258 venire,
745 1216 790 1252 vel
829 1217 909 1252 alios
948 1226 1166 1266 procuratores

413 1267 545 1302 idoneos
568 1279 639 1301 cum
665 1275 816 1314 potestate
843 1267 936 1302 simili
960 1268 997 1303 ad
1015 1267 1097 1303 idem
1121 1278 1166 1304 te-

414 1325 549 1352 neantur
571 1316 741 1351 concilium
765 1316 935 1352 destinare.

502 1368 558 1400 15.
580 1366 649 1401 Nou
674 1365 873 1401 obstantibus
894 1366 1088 1414 quibuslibet
1107 1368 1167 1415 pri-

416 1416 534 1462 vilegiis
581 1429 635 1450 seu
671 1415 874 1462 indulgentiis
912 1416 1165 1464 quibuscumque

416 1466 570 1512 personis,
597 1464 712 1505 ordini,
761 1465 903 1512 dignitati
943 1479 999 1501 seu
1034 1466 1166 1513 collegio

415 1514 474 1549 sub
495 1527 697 1563 quacumque
720 1515 884 1550 verborum
914 1515 1010 1550 forma
1047 1516 1093 1551 vel
1118 1529 1167 1551 ex-

416 1566 578 1611 pressione
597 1577 612 1599 a
635 1563 797 1612 praedicta
815 1564 898 1600 Sede
922 1565 1094 1607 concessis,
1113 1578 1167 1613 per

415 1627 493 1662 qnae
517 1615 615 1661 possit
642 1613 773 1649 effectus
811 1613 993 1650 huiusmodi
1028 1616 1164 1650 mandati

416 1665 512 1699 nostri
540 1663 776 1711 quomodolibet
807 1663 965 1712 impediri,
989 1673 1042 1699 aut
1063 1665 1164 1700 eidem

415 1715 444 1747 in
468 1713 574 1761 aliquo
597 1713 751 1759 derogari.
779 1713 1000 1749 Mandavimus
1026 1715 1166 1763 insuper,

414 1771 448 1797 ut
471 1763 563 1798 iidem
586 1763 814 1810 archiepiscopi
839 1772 869 1798 et
892 1765 1018 1811 praelati
1054 1777 1108 1812 per
1135 1777 1167 1799 se

415 1813 462 1847 iel
484 1814 561 1848 alios
578 1813 659 1848 viros
683 1812 864 1860 prudentes,
880 1813 981 1849 Deum
1009 1815 1167 1859 timentes,

415 1871 445 1897 et
463 1862 614 1898 babentes
638 1874 710 1910 prae
732 1861 832 1897 oculis
854 1864 971 1908 onmia,
993 1876 1073 1912 quae
1098 1877 1168 1899 coi-

417 1913 564 1947 rectionis
604 1921 634 1946 et
669 1911 898 1947 reformationis
924 1914 1028 1948 limam
1069 1927 1168 1969 expo—

416 1971 520 2007 scunt,
561 1962 755 2009 inquirentes
782 1962 948 2008 subtiliter,
970 1972 1001 1998 et
1027 1964 1191 2012 conseri-⁵

417 2012 526 2046 lientes
554 2011 696 2052 fideliter,
719 2010 827 2046 eadem
858 2012 895 2047 ad
920 2013 1018 2060 ipsius
1044 2013 1166 2048 concilii
1188 2015 1190 2023 ⁴
1438 2054 1455 2059 ..
1600 2055 1605 2060 ι
1647 2054 1652 2059 ⁸
1716 2054 1720 2060 .
1747 2054 1753 2059 ο
1933 2054 1950 2059 ..

1188 2040 1191 2083 l
1218 2055 1451 2086 lirerti'oh‘lndii
1466 2055 1618 2098 qenerulis
1640 2066 1670 2086 m
1693 2060 1812 2085 vitatote
1830 2054 1959 2092 Pertmi,

416 2062 557 2096 notitiam
581 2062 732 2096 deserant.
757 2060 795 2094 Et
815 2074 872 2096 uos
896 2062 1102 2097 nibilominus
1122 2075 1169 2097 xa-

417 2112 471 2145 riis
508 2111 609 2146 modis
631 2120 661 2146 et
690 2111 747 2144 viis
773 2111 873 2146 solers
908 2112 1047 2146 studium
1071 2121 1099 2147 et
1122 2113 1168 2147 es-

417 2162 540 2196 licacem
556 2173 682 2208 operam
699 2161 772 2195 dare
788 2162 1005 2208 proponimus,
1020 2163 1166 2197 utomuia

417 2211 487 2245 talia
517 2212 546 2245 in
570 2223 700 2245 examen
726 2209 1065 2259 liuiusmodideducta
1091 2225 1169 2246 cou-

417 2261 492 2305 cilii,
531 2261 756 2296 correctionem
785 2267 815 2294 et
853 2261 1056 2297 directionem
1091 2262 1169 2296 reci-

420 2311 505 2357 piant
531 2319 755 2358 opportunam.

468 2364 484 2403 §
513 2362 569 2394 16.
592 2360 660 2395 Hoc
682 2361 773 2396 etiam
799 2360 828 2394 iu
851 2359 971 2395 eisdem
996 2360 1109 2395 nostris
1132 2359 1169 2394 li-

421 2411 495 2445 teris
516 2410 650 2451 adiecto,
674 2419 706 2444 ut
728 2411 834 2446 nullus
857 2410 1090 2445 inobedientiae
1118 2423 1170 2444 uo-

335 2486 340 2497 <
358 2454 404 2497 ιζ”.ζ
421 2468 494 2504 tam,
516 2469 545 2494 et
561 2460 729 2495 canonicae
750 2460 879 2495 ultiouis
907 2461 1109 2495 acrimoniam
1132 2460 1170 2493 vi-

421 2518 483 2543 tare.
511 2510 703 2547 desiderans,
731 2510 886 2545 fallacium
928 2510 1167 2545 excusationum

422 2559 596 2594 velamento
617 2571 651 2594 sc
674 2561 805 2600 muniat,
835 2560 879 2594 vel
903 2572 940 2594 ex
965 2560 1168 2607 impedimen-

421 2609 459 2642 tis
486 2609 645 2653 itinerum,
672 2622 762 2655 quae,
792 2610 928 2644 Domino
952 2622 1042 2656 prava
1064 2610 1094 2643 iu
1113 2609 1167 2643 di-

421 2666 514 2702 rccta,
536 2666 564 2691 et
588 2659 617 2692 in
644 2659 705 2692 vias
730 2660 837 2706 planas
864 2672 971 2706 aspera
996 2672 1049 2694 sua
1074 2659 1169 2692 omui-

987 272 1170 295 numanum
1196 273 1354 295 ROMANUM

1970 274 2017 299 An.
2039 273 2066 300 C.
2084 275 2148 301 1507

1209 328 1346 375 potentia
1369 336 1581 371 convertente,
1615 328 1794 373 cessabunt,
1828 329 1953 364 frivolae

1208 377 1402 424 allegationis
1439 378 1633 412 munimenta
1674 377 1841 425 conlingat,
1872 388 1905 413 ut
1937 392 1953 414 a

1210 435 1268 461 tam
1293 427 1389 461 sancti
1414 427 1634 473 prosecutione
1656 427 1759 473 operis
1782 441 1814 462 se
1833 427 1954 463 subdu-

1208 484 1270 511 cat:
1299 476 1353 511 sed
1383 484 1547 511 occurrant
1574 476 1688 523 singuli
1719 477 1883 512 voluntarii
1916 477 1953 512 ad

1208 525 1251 566 id,
1279 525 1362 573 quod
1389 534 1417 561 et
1437 526 1559 561 divinae
1582 525 1724 572 congruit
1753 527 1900 561 voluntati
1925 536 1954 562 et

1207 575 1339 610 salutem
1363 577 1550 617 animarum,
1573 589 1607 610 a(-
1632 576 1795 610 utilitatem
1829 577 1954 624 respicit

1208 625 1419 673 singulorum.

1256 679 1271 717 ,ξ
1296 677 1350 709 Π.
1374 675 1555 720 Caeterum,
1578 675 1649 722 quia
1672 675 2133 722 multipliciterex-¹³¹·'iv1wtii”¹0¹
2122 693 2153 706 r

1209 725 1307 771 pedit,
1336 733 1369 760 ut
1392 734 1452 760 tam
1486 726 1609 761 celebre
1642 725 1811 761 concilium
1849 735 1897 761 tna
1926 720 2051 774 etssffim'
2060 718 2153 768 ¹¹¹.'1'.'‘‚⁴‡

1207 774 1340 809 aliorum
1368 775 1595 811 catholicorum
1625 776 1799 824 principum
1825 775 1955 811 decore·
1971 783 2051 805 pereffl-

1208 831 1258 858 tur
1298 825 1472 871 praesentia
1494 835 1526 860 ut
1549 825 1665 861 salubri
1693 825 1825 860 consilio
1847 835 1877 860 et
1899 839 1956 861 au-

1209 873 1281 908 xilio
1304 873 1461 919 fulciatur,
1496 875 1694 909 serenitatem
1719 875 1835 922 regiam
1864 889 1956 923 rooa-

1208 935 1280 957 mus
1292 931 1321 957 et
1338 923 1501 958 liortamur
1521 925 1668 959 attentius
1687 925 1716 959 in
1739 925 1954 961 remissionem

1208 971 1262 1007 tibi
1291 973 1509 1019 peccaminum
1544 972 1723 1018 suadentes,
1745 974 1829 1022 quod
1867 987 1956 1021 prae-

1208 1021 1332 1068 scriptis
1353 1022 1423 1057 loco
1445 1031 1474 1057 et
1510 1023 1644 1058 termino
1667 1023 1696 1057 in
1720 1024 1829 1058 eodem
1857 1025 1955 1059 couci

1208 1071 1260 1112 lio,
1278 1080 1398 1119 captata
1423 1072 1546 1107 interim
1570 1073 1606 1107 ad
1631 1073 1690 1107 hoc
1712 1074 1955 1120 opportunitate,

1208 1099 1335 1156 strideas
1350 1121 1555 1169 personaliter
1575 1123 1737 1166 iuteresse,
1757 1122 1958 1157 meditatione

1209 1171 1335 1217 provida
1356 1171 1527 1218 prudenter
1548 1172 1724 1211 attendens,
1747 1171 1831 1219 quod
1853 1173 1882 1206 iu
1899 1171 1958 1207 hoc

1209 1233 1269 1255 uon
1294 1221 1395 1255 solum
1419 1221 1517 1261 labor
1540 1234 1633 1278 quem
1657 1222 1693 1256 ad
1719 1230 1777 1256 tam
1797 1222 1894 1256 sancti
1930 1230 1959 1255 et

1209 1270 1294 1304 utilis
1321 1271 1440 1318 negotii
1461 1272 1691 1318 promotionem
1719 1283 1875 1316 assumes,
1903 1271 1956 1306 tibi

1208 1319 1300 1355 cedet
1322 1299 1381 1355 adi³
1384 1321 1543 1362 meritum
1568 1334 1673 1356 terum
1697 1321 1790 1356 etiam
1814 1321 1958 1361 aliorum

1208 1370 1262 1416 qui
1285 1369 1321 1404 ad
1346 1370 1535 1405 veniendum
1558 1371 1595 1405 ad
1620 1371 1701 1406 idem
1725 1370 1892 1405 concilium
1913 1370 1959 1405 el'-

1208 1419 1337 1454 ficacius
1365 1428 1417 1455 tuo
1452 1419 1641 1455 inducentur
1668 1420 1823 1467 exemplo,
1851 1428 1880 1455 et
1908 1420 1958 1454 ui-

1209 1468 1379 1504 liilomiuus
1402 1478 1469 1504 vota
1494 1479 1545 1505 tna
1570 1470 1659 1505 nobis
1682 1471 1797 1516 poteris
1828 1469 1960 1504 familia-

1208 1519 1274 1553 rius
1300 1519 1433 1566 aperire,
1461 1532 1542 1567 quae
1571 1520 1599 1554 in
1629 1521 1713 1554 omui
1743 1520 1959 1554 benevolentia

1208 1567 1341 1603 libenter
1371 1569 1408 1604 ad
1443 1570 1652 1604 exauditionis
1686 1570 1826 1616 gratiam,
1859 1583 1959 1616 quan-

1210 1626 1273 1652 tum
1294 1631 1365 1653 cum
1392 1618 1461 1653 Deo
1488 1632 1523 1654 ac
1550 1619 1709 1654 Ecclesiae
1752 1620 1871 1654 bonore
1897 1632 1959 1666 po·-

1210 1668 1352 1713 terimus,
1374 1668 1587 1704 admittemus.

1259 1717 1329 1752 Dat.
1363 1717 1496 1753 pictavis
1519 1721 1540 1753 ⁶.)
1565 1719 1634 1753 idus
1660 1731 1749 1765 ang,

1209 1767 1264 1801 stri
1293 1780 1376 1802 anuo
1396 1768 1498 1802 tertio.

1254 1829 1316 1860 Dat.
1335 1830 1381 1859 die
1400 1830 1435 1859 12
1451 1831 1569 1867 angusti
1587 1831 1672 1866 1307,
1690 1835 1766 1869 pout.
1783 1841 1858 1860 aimo
1879 1839 1919 1860 ιιι.

1779 1726 1864 1765 pout.
1895 1731 1957 1752 uo—

1555 1980 1608 2015 vt.

1391 2104 1570 2148 provinciae
1598 2104 1773 2136 Ilelrttt·t'(1e.

1479 2177 1691 2207 stlatttitttttttt

1213 2241 1378 2269 tfxsuutnim.
1397 2257 1435 2262 —
1458 2241 1483 2268 1.
1502 2240 1609 2269 Civitas
1635 2240 1774 2269 Perusina
1802 2240 1882 2269 llom.
1908 2240 1958 2268 tit--

1250 2285 1359 2313 alesine
1383 2285 1451 2313 lilia.
1469 2301 1508 2306 —-
1525 2284 1553 2313 τὶ.
1573 2284 1706 2315 Studium
1726 2285 1861 2323 generale
1882 2285 1908 2312 iu
1927 2294 1957 2312 ea

1253 2329 1382 2365 ··i·igitur.

1274 2395 1393 2424 Clemens
1411 2396 1552 2431 episcopus
1570 2403 1667 2424 servus
1685 2402 1823 2424 servorum
1841 2395 1896 2428 nei.

1345 2447 1377 2474 ad
1411 2447 1570 2482 perpetuam
1592 2447 1632 2474 rei
1659 2446 1825 2474 memoriam.

1261 2509 1366 2557 Super
1387 2510 1514 2556 specula
1532 2510 1695 2544 militantis
1718 2508 1875 2543 Ecclesiae
1892 2508 1960 2543 dis·
2008 2517 2123 2537 Eun-hum>

1213 2559 1367 2607 positione
1405 2560 1561 2594 dominica
1597 2560 1781 2599 constituti,
1819 2558 1957 2594 fidelium

1211 2609 1350 2643 eiusdem
1384 2609 1541 2644 Ecclesiae
1574 2610 1751 2657 profectus,
1775 2609 1908 2645 bonores
1930 2617 1957 2643 et

1189 2697 1191 2701 Ι
1211 2659 1387 2697 commoda,
1404 2668 1555 2706 quantum
1573 2660 1664 2693 nohis
1686 2672 1720 2693 ex
1745 2659 1806 2693 alto
1830 2660 1959 2707 permit—
