2274 3265
206 306 254 331 An.
277 304 305 331 C.
321 304 386 331 ¹289

231 1194 354 1214 Nisitatnro»

203 1229 290 1250 quatitur
314 1230 387 1244 tunnu-

204 1260 288 1276 nerium
297 1255 354 1274 [lun.
367 1259 387 1275 et

203 1293 313 1314 personam

204 1320 257 1338 matie
292 1320 378 1337 visitent

452 292 498 323 98

984 295 1169 317 nULLARtUM
1195 292 1355 315 {tonarium

1958 286 2006 312 An.
2025 285 2053 312 C.
2075 285 2142 312 1289

403 367 456 401 per
491 353 633 386 abbatem
668 351 712 384 vel
735 350 830 384 alium
851 349 962 383 mutari
991 360 1051 382 non
1077 359 1150 394 pos·
1191 346 1385 379 visitatorum
1422 342 1581 388 inquisitio
1608 341 1870 388 comprehendet,
1903 341 1940 376 ad

402 410 486 445 snnt,
505 401 614 435 nisiex
638 410 730 433 cansa
754 397 941 441 rationabili,
963 405 993 431 et
1015 396 1149 431 multum

403 451 542 496 urgenti,
565 458 593 483 et
622 447 778 490 evidenti,
805 455 835 481 et
862 447 921 481 lioc
954 446 992 480 de
1019 444 1151 480 consilio

401 510 427 532 et
451 511 579 533 assensu
603 497 759 531 dictorum
783 495 999 535 dominorum,
1022 494 1075 541 qui
1095 505 1151 527 su-

403 549 507 594 perins
529 547 743 586 nominantur,
765 544 818 579 sed
842 557 935 579 causa
958 544 1022 590 ipsa
1046 544 1077 576 in
1106 542 1151 575 vi-

401 599 562 631 sitatorum
597 595 791 642 exprimatur
818 594 930 631 literis,
965 601 994 626 et
1030 591 1059 624 in
1095 602 1144 624 se-

401 646 508 693 quenti
545 644 683 691 capitulo
720 652 749 677 et
785 655 888 677 coram
931 639 1151 675 definitoribus

401 704 584 740 exponatur.
601 693 690 735 Quae
713 693 737 726 si
762 704 823 726 non
848 691 939 724 fuerit
959 688 1152 723 rationabilis

402 744 549 785 iudicata,
573 751 697 776 mutans
719 741 919 775 definitorum
942 738 1070 772 arbitrio
1094 749 1152 783 pu-

402 794 516 827 niatur.
546 791 610 825 Nec
638 790 711 824 dicti
749 790 924 823 visitatores
958 799 973 822 a
1008 786 1152 834 personis

401 850 429 876 ct
455 841 530 875 locis
553 852 634 887 quae
657 839 792 882 visitant,
820 838 960 883 recipere
982 837 1150 883 quicquam

403 898 525 936 praeter
553 889 729 923 moderatas
751 898 905 933 expensas
925 886 1018 919 victui
1047 895 1154 918 neces—

401 941 511 978 sarias,
538 949 665 984 quoquo
693 937 787 970 modo
816 943 1027 981 praesumant,
1050 945 1154 967 excu-

403 989 513 1021 tientes
536 998 649 1021 manus
671 997 744 1020 suas
771 984 810 1019 ab
837 985 922 1018 omni
953 995 1097 1021 munere,
1124 990 1154 1016 et

401 1049 472 1071 eum
500 1045 636 1082 quatuor
663 1042 796 1073 tantum,
824 1033 943 1067 ratione
970 1031 1155 1066 visitationis

401 1094 454 1119 aut
480 1086 567 1128 alias,
594 1084 779 1130 equitaturis
803 1082 960 1117 incedant.

450 1138 465 1177 g
495 1137 549 1167 tt.
574 1132 751 1167 statuimus
774 1132 915 1178 insuper,
945 1139 978 1164 ut
1012 1130 1153 1177 quolibet

402 1196 483 1216 anno
511 1183 541 1215 in
565 1181 702 1228 capitulo
726 1192 781 1227 per
807 1181 991 1214 definitores
1019 1188 1155 1226 quatuor

403 1232 555 1265 discretae
591 1242 759 1277 personae,
795 1241 830 1263 ac
857 1229 959 1263 Deum
997 1229 1154 1268 timentes,

405 1280 547 1314 videlicet
574 1279 638 1313 ‹lno
669 1278 796 1312 abbates
829 1286 859 1312 et
883 1277 1011 1312 totidem
1036 1278 1156 1323 priores

403 1329 623 1363 Cluniaceusis
645 1328 765 1362 ordinis
786 1326 953 1372 eligantur,
976 1327 1000 1361 si
1028 1326 1157 1360 abbates

405 1386 584 1424 praesentes
617 1376 745 1416 suerint,
779 1376 918 1422 alioquin
953 1376 1020 1409 loco
1060 1374 1157 1409 abba-

405 1437 468 1461 tum
492 1427 647 1472 eligantur
675 1425 794 1470 priores
821 1425 857 1458 ad
883 1423 1072 1458 visitandum
1094 1436 1158 1458 mo-

405 1476 573 1510 nasterium
597 1474 820 1516 Cluuiacense,
845 1485 1011 1520 personam
1036 1473 1157 1507 abbatis

404 1534 432 1558 et
466 1525 531 1559 loca
558 1523 867 1558 circumadiaceutia.
892 1521 965 1563 Qui,
990 1523 1156 1556 terminato

404 1573 540 1619 generali
571 1572 709 1618 capitulo
742 1580 771 1605 et
795 1571 965 1605 licentiatis
992 1571 1158 1605 abbatibus

405 1633 432 1657 et
466 1621 636 1669 prioribus,
671 1633 704 1654 ac
732 1620 816 1664 aliis,
845 1621 898 1667 qui
922 1620 959 1654 ad
983 1620 1156 1666 capitulum

405 1679 628 1709 convenerant,
652 1671 740 1716 prius
761 1670 909 1716 praestito
933 1669 1086 1715 corporali
1108 1669 1157 1702 iu-

406 1728 559 1763 ramento,
587 1731 662 1754 suae
697 1719 881 1753 visitationis
907 1718 1044 1752 officium
1080 1718 1157 1752 infra

405 1782 456 1803 sex
485 1769 552 1803 dies
580 1776 649 1814 post
680 1768 880 1802 terminatum
909 1768 1085 1814 capitulum
1109 1767 1159 1800 in-

405 1819 519 1865 cipiant
535 1818 665 1864 exequi:
687 1829 724 1850 ne
748 1817 960 1851 visitationem
978 1816 1156 1850 huiusmodi

407 1879 505 1913 tquae
534 1866 620 1901 nullo
649 1866 743 1900 modo
765 1865 859 1899 debet
880 1866 1000 1907 emitti)
1027 1866 1159 1899 contin-

406 1925 456 1961 gat
478 1914 715 1962 quomodolibet
743 1915 900 1961 impediri.
928 1914 991 1956 Qui
1014 1914 1054 1948 de
1077 1923 1159 1948 statu

407 1965 480 1998 dicti
508 1964 702 2006 monasterii,
724 1973 754 1997 et
780 1965 919 1998 locorum
949 1963 1159 1998 circumadia-

407 2014 543 2047 centium
569 2014 597 2047 in
626 2012 851 2058 temporalibus
873 2022 901 2046 et
929 2011 1157 2057 spiritualibus,

407 2071 435 2096 et
454 2063 492 2096 de
511 2062 634 2096 abbatis
651 2073 783 2108 persona
800 2062 969 2107 diligenter
988 2061 1159 2108 inquirant,

407 2120 435 2144 et
459 2124 491 2145 ea
528 2123 607 2158 quae
634 2110 817 2156 corrigenda
843 2110 1032 2153 invenerint,
1058 2110 1158 2144 corri—

407 2173 479 2205 gere
509 2173 569 2194 oon
589 2161 744 2193 omittant.
774 2159 813 2193 Et
838 2171 873 2193 ea
897 2172 980 2203 vero,
999 2171 1078 2206 quae
1100 2171 1160 2193 ma-

409 2211 462 2243 iori
499 2210 630 2243 ‹ronsdio
667 2209 825 2254 indigent,
861 2208 1035 2242 referentur
1071 2208 1160 2243 annis

408 2259 539 2303 singulis
572 2258 609 2292 ad
638 2258 809 2304 capitulum
833 2258 992 2304 generale,
1030 2265 1062 2291 ut
1096 2257 1161 2291 Ec—

407 2308 500 2341 clesia
528 2307 748 2342 Cluniaeeusis
772 2307 802 2341 in
830 2307 913 2341 bono
936 2315 1014 2341 statu
1045 2318 1100 2353 per
1123 2307 1161 2340 vi-

407 2359 584 2391 sitationem
625 2356 805 2390 huiusmodi
843 2363 1031 2403 perseveret.
1068 2355 1108 2390 Et
1134 2356 1159 2390 si

407 2406 527 2440 abbatis
549 2406 710 2452 exigerent
737 2405 900 2446 demerita,
924 2405 1007 2452 quod
1032 2404 1158 2439 tolerari

408 2468 469 2489 non
499 2455 623 2497 debeat,
647 2468 700 2501 per
728 2455 901 2489 visitatores
926 2462 1101 2493 moneatur,
1129 2463 1160 2487 ut

408 2505 507 2547 cedat,
530 2513 561 2538 et
590 2505 680 2538 liceat
709 2504 922 2538 visitatoribus
949 2513 977 2538 et
992 2504 1160 2537 conventui

408 2552 608 2587 Cluniacensi
623 2554 760 2599 recipere
774 2552 955 2587 huiusmodi
969 2553 1159 2587 cessionem.

409 2601 500 2642 Quod
531 2602 555 2635 si
594 2603 671 2636 forte
708 2601 803 2636 abbas
837 2603 894 2636 sibi
935 2605 974 2636 de
1009 2601 1162 2636 cessionis

411 2650 549 2684 remedio
574 2651 735 2696 providere
759 2650 907 2696 uoluerit,
930 2662 1010 2697 quae
1033 2650 1071 2686 de
1094 2651 1162 2697 ipso

1191 394 1305 428 Sedem
1334 391 1549 438 Apostolicam
1578 389 1723 424 referant.

1239 446 1254 484 ξ
1284 442 1339 475 12.
1366 440 1544 474 Adiicirnus
1578 449 1695 478 antem,
1730 437 1814 484 quod
1849 438 1945 473 abbas
1972 456 2142 476 An..12³i;.....;÷

1191 490 1411 525 Cluniaccnsis
1438 501 1543 523 corani
1573 487 1787 522 visitatoribus
1815 487 1853 521 de
1875 498 1945 521 om·
1959 488 2143 539 ξξρζζζζὶζῗῑᾞῗ

1193 539 1287 573 nibus
1309 538 1555 584 obligationibus
1583 549 1637 583 per
1657 536 1805 571 eumdem
1831 536 1878 570 vel
1905 536 1945 571 de
1960 555 2002 568 mn
2024 525 2144 568 'mautarn

1191 589 1261 622 eius
1280 587 1428 622 mandato
1450 587 1549 627 factis,
1572 598 1608 620 ac
1630 586 1724 620 etiam
1747 584 1786 619 de
1809 597 1946 632 proven·
1959 578 2144 630 ffigss‘ffiffi‘*

1193 637 1277 671 tibus
1304 644 1334 671 et
1367 636 1515 683 expensis
1537 635 1647 670 reddat
1673 634 1822 681 explicite
1852 634 1948 668 ratio-

1193 698 1277 726 nem,
1301 694 1331 720 et
1355 686 1532 720 visitatores
1558 683 1709 731 praedicti
1739 684 1798 718 boc
1824 683 1948 730 signifi-

1192 747 1262 769 care
1284 735 1428 782 sequenti
1448 734 1586 780 generali
1608 733 1758 780 capitul0‚
1781 741 1812 767 et
1832 732 1948 767 deinde

1192 784 1327 819 Summo
1346 783 1492 818 Pontifici
1510 783 1601 817 annis
1616 782 1752 828 singulis
1770 790 1945 816 teneantur.

1241 837 1256 876 g
1282 836 1293 867 [1
1305 836 1336 867 5.
1360 832 1444 874 Quia
1467 844 1540 866 vero
1564 840 1691 878 propter
1712 831 1871 866 defectum
1898 830 1949 864 ab·
1975 851 2067 871 Ammo,
2087 850 2145 870 mun,

1195 882 1275 916 batis
1302 891 1438 916 remotas
1462 881 1639 927 provincias
1661 880 1791 915 minime
1819 880 2147 932 visitan·¹‘?f³'⁰f‘¹⁶·¹¹¹h⁸‚c‘¹‘

1194 932 1246 973 tis,
1273 939 1303 965 et
1329 931 1446 965 domus
1471 930 1593 964 ordinis
1627 929 1799 965 existentes
1835 929 1865 963 in
1901 929 1949 964 eis
1962 918 1979 933 ⁵¹
1992 918 2034 933 Μ’
2051 918 2062 931 ¹¹
2103 918 2129 931 ι’

1193 980 1398 1027 spiritualiter
1416 988 1446 1014 et
1470 978 1684 1025 temporaliter
1705 979 1785 1013 male
1811 986 1948 1013 tractan-

1195 1037 1261 1069 tnr,
1296 1036 1326 1064 et
1352 1028 1455 1076 aliqua
1482 1040 1499 1062 a
1534 1027 1732 1062 subiectione
1759 1027 1881 1062 ordinis
1914 1039 1948 1061 se

1195 1078 1379 1112 subtrahere
1420 1077 1609 1117 moliuntur,
1646 1077 1875 1123 praecipimus,
1915 1084 1948 1110 ut

1195 1127 1291 1161 abbas
1312 1126 1537 1162 Cluniacensis
1558 1125 1692 1169 studeat,
1719 1126 1802 1160 sicut
1829 1127 1855 1160 ei
1880 1137 1950 1173 pos-

1195 1176 1287 1210 sibile
1310 1176 1415 1219 l'uerit‚
1438 1176 1580 1211 ordinem
1610 1175 1745 1215 visitare,
1775 1187 1811 1209 ac
1838 1173 1950 1208 domos

1196 1238 1211 1259 a
1245 1225 1468 1260 Cluniacensis
1496 1224 1618 1259 ordinis
1640 1224 1841 1258 subiectione
1867 1223 1951 1257 sub-

1199 1283 1311 1309 tractas
1347 1282 1493 1321 procuret
1527 1285 1599 1307 curn
1635 1273 1834 1319 Apostolicae
1860 1272 1952 1307 Sedis

1197 1323 1316 1358 auxilio
1349 1323 1386 1357 ad
1421 1323 1648 1357 subiectionem
1683 1322 1781 1368 ipsius
1814 1321 1953 1356 revocari

1197 1373 1329 1416 ordinis,
1352 1371 1399 1406 vel
1423 1371 1540 1406 reduci.
1564 1370 1658 1413 Quod
1683 1372 1707 1404 si
1731 1371 1835 1405 dictus
1856 1370 1953 1405 abbas

1199 1422 1228 1455 in
1250 1421 1391 1456 eiusdem
1420 1421 1539 1455 ordinis
1569 1420 1757 1459 visitatione,
1779 1431 1873 1466 quam
1897 1431 1953 1466 per

1197 1483 1241 1511 se,
1271 1471 1316 1505 vel
1340 1482 1395 1517 per
1417 1470 1512 1504 alium
1537 1469 1638 1504 facere
1658 1468 1762 1513 debet,
1787 1468 1953 1515 negligens

1199 1520 1304 1559 suerit,
1330 1519 1375 1553 vel
1396 1519 1559 1561 remissus,
1581 1530 1651 1552 eum
1679 1517 1864 1552 definitores
1882 1529 1954 1552 cor-

1199 1569 1300 1615 rigere
1323 1577 1498 1602 teneantur.
1527 1566 1588 1609 Qui
1612 1567 1705 1601 etiam
1729 1567 1804 1601 dum
1828 1567 1876 1602 sui
1899 1578 1954 1601 or·

1198 1618 1283 1652 «linis
1316 1617 1382 1651 loca
1420 1618 1534 1657 visitat,
1557 1617 1595 1650 sit
1632 1625 1824 1663 temperatus
1845 1624 1875 1650 et
1907 1627 1956 1650 so-

1199 1667 1286 1701 brius
1310 1667 1338 1700 in
1380 1666 1549 1712 expensis,
1588 1665 1627 1699 ita
1667 1665 1764 1711 quod,
1803 1664 1955 1699 omnibus

1199 1715 1400 1763 computatis,
1423 1726 1579 1749 summam
1612 1713 1722 1749 decem
1746 1714 1895 1749 librarum
1910 1721 1956 1748 tu·

1200 1777 1266 1799 ron.
1292 1776 1458 1811 parvorum
1483 1764 1595 1798 diebus
1618 1763 1752 1809 singulis
1775 1763 1804 1797 in
1827 1762 1975 1808 sumpti-¹

1201 1814 1260 1848 bns
1282 1825 1345 1848 non
1369 1813 1508 1847 excedat.
1538 1812 1577 1847 Et
1601 1812 1790 1847 visitationis
1814 1820 1955 1859 tempore

1201 1872 1260 1896 tam
1295 1863 1372 1909 ipse,
1405 1874 1500 1909 qnam
1534 1862 1582 1896 sui
1615 1862 1779 1896 excutiant
1802 1861 1841 1896 ab
1867 1861 1955 1896 omni

1200 1923 1332 1946 munere
1374 1923 1487 1946 manus
1522 1922 1614 1954 siiaS,
1650 1920 1744 1957 prout
1783 1910 1823 1945 de
1858 1922 1956 1945 acce-

1202 1962 1308 2007 ptione
1325 1972 1492 1995 munerum
1510 1960 1540 1994 iu
1560 1961 1686 1994 statutis
1708 1959 1759 1994 fet.
1778 1971 1842 1995 rec.
1856 1958 1954 2006 Greg.

1203 2010 1304 2057 Papae
1331 2009 1372 2043 IX
1404 2009 1655 2056 praedecessoris
1683 2009 1780 2043 nostri
1815 2009 1957 2043 noscitur

1200 2059 1365 2093 contineri.
1394 2058 1475 2093 Infra
1513 2058 1627 2092 dictam
1663 2066 1766 2092 autem
1798 2069 1955 2092 summam

1201 2109 1283 2142 idem
1307 2108 1404 2142 abbas
1425 2120 1459 2142 se
1487 2115 1641 2154 temperet
1669 2106 1847 2141 secundum
1875 2107 1958 2141 loco-

1202 2170 1271 2191 rum
1307 2157 1496 2203 exigentiam
1525 2166 1555 2191 et
1587 2155 1766 2191 facultatem
1802 2157 1956 2203 ipsorum,

1200 2214 1229 2240 et
1269 2206 1452 2240 definitores
1479 2206 1519 2240 de
1548 2218 1632 2240 mora
1664 2216 1719 2240 seu
1743 2207 1846 2252 spatio
1880 2213 1958 2239 tem-

1202 2256 1286 2302 poris
1309 2255 1477 2295 ordinent,
1512 2266 1576 2302 quo
1598 2254 1694 2289 abbas
1722 2263 1751 2289 et
1782 2255 1957 2289 visitatores

1201 2305 1295 2339 buius
1329 2316 1405 2340 suae
1439 2304 1627 2339 visitationis
1654 2302 1792 2339 officium
1821 2303 1955 2338 debeant

1202 2354 1380 2389 terminare.

1250 2408 1264 2447 ἓ
1293 2406 1349 2438 14.
1373 2403 1541 2438 Caeterum
1565 2403 1636 2450 quia
1661 2414 1698 2437 ex
1720 2402 1800 2437 mala
1826 2401 1956 2437 ordina·
1984 2415 2134 2436 nemaeum„

1202 2453 1284 2487 tione
1321 2454 1516 2499 prioratuum
1550 2461 1580 2487 et
1601 2452 1871 2491 obedientiarum,
1907 2449 1954 2485 vel
1970 2447 2153 2499 {?c¹¹“0¹,¹2,„,¹}ss‘‡⁰¹

1203 2502 1355 2548 frequenti
1385 2503 1559 2536 mutatione
1587 2502 1740 2549 priorum,
1764 2500 1862 2535 multa
1884 2511 1957 2535 eve-
2132 2493 2135 2497 ⁴

1203 2551 1284 2585 nisse
1299 2551 1484 2586 detrimenta
1503 2560 1690 2595 noscuntur,
1712 2550 1853 2585 districtc
1870 2561 1958 2596 prac-

1201 2601 1349 2647 cipimus,
1375 2609 1407 2635 nt
1428 2600 1593 2646 prioratus,
1608 2600 1778 2635 decanatus
1792 2608 1822 2634 et
1843 2610 1955 2634 omnes

1202 2650 1280 2684 aliae
1308 2650 1597 2685 administrationes
1619 2650 1715 2695 gratis
1743 2647 1955 2686 conferantur,
