2274 3265
74 284 124 310 An.
138 283 166 310 C.
187 284 253 310 lwh

271 339 405 375 fideliter
447 338 639 384 perferatur,
684 339 777 373 siinili
825 339 1026 373 deceruimus

271 388 445 425 sententiae
468 387 642 422 subiacere.

319 439 339 486 ξ
362 439 393 471 5.
411 437 620 472 Decernimus
639 437 746 479 etiam,
771 445 803 471 ut
822 437 925 471 nullus
945 437 1025 472 hanc

87 489 253 525 '‘⁸⁵9¹‘'9‘Wfl*
272 489 435 523 incurrens
467 486 803 521 excommunicationis
836 487 1023 521 sententiam

73 521 181 542 ⁸⁰¹⁰¹¹⁰¹¹¹⁹
271 551 327 585 pro
355 536 539 584 praedictis,
569 536 614 570 vel
647 535 751 581 aliquo
780 535 1024 582 praedictorum,

269 588 389 634 absque
416 585 543 632 speciali
578 586 723 620 mandato
757 594 865 620 nostro
896 585 1025 620 absolu-

270 637 362 672 tionis
398 634 586 670 beneficium
629 636 725 670 valeat
762 633 922 676 obtinere,
964 636 1022 669 nisi

270 686 370 721 forsan
399 684 436 719 ad
466 696 523 719 nos
545 684 661 719 habere
683 696 846 719 accessum
870 697 931 719 non
957 697 1045 731 pos-¹

268 744 333 779 set,
366 737 395 770 in
424 735 535 769 mortis
557 734 690 769 articulo
726 735 930 771 constitutus.
958 735 1023 769 Nec

268 787 362 820 etiam
386 784 423 819 ad
446 783 655 819 absolutionis
673 785 804 829 gratiam
828 786 1022 830 admittatur,

269 835 326 870 nisi
362 835 450 881 prius
477 841 631 880 quantum
669 834 772 879 dedit,
807 836 853 870 vel
892 837 1022 884 recepit,

269 884 461 930 integraliter
484 884 674 931 pauperibus
702 884 860 931 largiatur.

316 934 390 981 34,
419 932 571 969 Iustitiam
604 946 694 975 vero,
721 935 786 970 sive
817 936 947 982 gratiam
977 936 1021 971 sic

69 980 173 1038 ῃὲζῑᾛξ
191 989 253 1033 „fxij
268 983 445 1024 obtentam,
476 984 594 1018 nullius
623 996 751 1031 prorsus
779 997 849 1020 esse
871 986 1020 1020 momenti

54 1044 110 1063 >uae
122 1042 252 1064 iim-mob-
269 1032 433 1072 volumus,
463 1034 614 1080 omnique
644 1035 813 1069 statuimus
846 1048 951 1070 carere
976 1035 1022 1070 el-

68 1077 147 1094 (ἓηὶδῡ.

268 1082 349 1117 fectu
373 1092 403 1117 et
425 1082 539 1118 robore
567 1083 732 1118 firmitatis.

315 1132 335 1178 S
361 1134 393 1167 5.
422 1131 485 1167 Sed
521 1133 658 1167 scienter
685 1140 810 1168 utentes
846 1134 943 1180 ipsis,
977 1134 1021 1167 si-

68 1179 251 1231 ῃξῑξζζὲζζζζξῑᾞ
267 1182 330 1216 mili
354 1182 508 1216 sententia
529 1183 866 1218 excommunicationis
887 1182 1022 1217 adstrin-

66 1227 167 1262 uie-inum
265 1231 379 1276 gimus,
403 1240 433 1266 et
457 1240 651 1266 reservantes
675 1231 765 1265 nobis
787 1232 1019 1267 absolutionem

265 1292 374 1315 eorum
410 1293 481 1315 cum
518 1281 701 1327 praemissis
733 1281 762 1315 in
797 1281 946 1316 omnibus
981 1282 1018 1316 ad

267 1342 383 1376 poenas
405 1330 527 1365 similes
549 1330 737 1377 obligamus.

610 1519 663 1553 ΙΙΙ.

267 1601 358 1640 Quod
377 1612 471 1645 prope
493 1600 646 1633 Ecclesias
660 1608 684 1632 et
700 1608 861 1634 conventus
882 1601 1017 1643 fratrum

313 1650 523 1683 Eremitarum
545 1650 664 1683 ordinis
687 1651 721 1683 S.
752 1651 931 1693 Attyusci'm',
956 1663 1016 1683 non

309 1701 426 1744 possint
457 1700 515 1733 alii
538 1700 676 1743 religiosi*
701 1700 911 1732 Memlicanles
937 1712 1017 1733 nova

311 1750 376 1782 loca
403 1750 564 1793 aedificare
585 1750 671 1793 infra
695 1750 827 1793 spurium
844 1761 1016 1783 cantiorum

312 1805 428 1832 centum
456 1799 680 1843 quadraqinla.

531 1877 743 1907 StssttMARttnt

260 1943 426 1974 Exordium.
446 1961 484 1965 —
517 1945 539 1973 l.
564 1944 657 1973 Causa
683 1945 771 1973 huius
799 1944 1015 1983 prohibitionis.

298 1988 325 2017 ἱ).
348 1987 512 2018 prohibitio
533 1990 578 2025 (de
597 1999 647 2027 quo
663 1990 690 2018 iit
710 1990 844 2027 rubrica).
860 2008 896 2014 —-
916 1992 943 2021 3.
960 1992 1015 2027 Qui

299 2033 355 2062 sint
378 2033 508 2070 religiosi
532 2032 743 2063 mendicantes.
769 2051 809 2056 -—
830 2035 857 2064 4.
883 2036 1014 2070 Qualitas

297 2086 470 2106 cannarum.
495 2094 533 2099 —-
558 2077 584 2106 ἕ).
608 2076 760 2115 Derogatio
790 2080 1014 2108 contrariorum.

256 2151 410 2180 Boutfacius
441 2152 583 2188 episcopus
613 2159 708 2182 servus
736 2160 877 2182 servorum
898 2154 953 2187 Dei.
974 2155 1016 2183 di-

301 2201 381 2230 lectis
400 2201 465 2230 filiis
484 2202 618 2236 generati.
655 2201 769 2238 aliisque
795 2203 1013 2238 provincialibus,

302 2250 449 2285 prioribus,
472 2256 502 2277 ac
520 2250 657 2279 universis
671 2250 809 2279 fratribus
828 2252 932 2280 ordinis
951 2252 1015 2281 Ere-

301 2301 434 2330 unitarum
465 2302 489 2329 S.
521 2302 674 2337 Augustini,
707 2303 827 2332 satutem
855 2304 884 2331 ot
923 2305 1013 2338 apost.

300 2350 524 2379 benedictionum.

306 2418 354 2452 Ad
394 2420 653 2464 consequendam
694 2419 825 2465 gloriam
868 2420 1012 2455 coelestis

259 2467 376 2514 patriae.
397 2469 443 2502 sic
470 2467 574 2502 divina
605 2468 702 2514 pietas
726 2481 779 2515 per
813 2482 900 2503 suam
940 2482 1012 2515 gra-

258 2517 331 2551 tiam
360 2516 569 2551 humilitatem
595 2526 726 2552 vestram
759 2519 899 2553 cernitur
933 2519 1008 2554 alle—

259 2567 353 2610 xisse,
380 2566 463 2613 quod
492 2579 617 2612 semper
640 2567 675 2601 ad
704 2569 764 2602 hoc
794 2568 903 2602 intenti
937 2568 1012 2602 estis

258 2624 285 2649 et
317 2615 435 2661 vigiles,
477 2624 508 2650 ut
535 2616 616 2650 illam
653 2616 760 2657 vobis,
795 2626 821 2651 et
858 2618 1011 2664 proximis

260 2677 312 2712 per
349 2666 529 2700 innocentis
558 2666 635 2699 vitae
660 2666 799 2700 studium
830 2667 1009 2713 acquiratis.

91 2471 201 2493 Ewidiun:

862 284 1052 307 BONtFACttts
1076 286 1131 307 Vttl
1158 286 1203 307 ΙΨ.

1703 282 1769 312 127

1070 338 1153 373 llaec
1168 347 1199 373 et
1214 339 1272 374 alia
1295 352 1400 376 sancta
1419 343 1636 389 pauperrimae
1658 344 1822 390 religionis

1069 397 1187 423 vestrae
1206 389 1314 423 merita
1340 402 1397 425 nos
1426 392 1591 436 inducunt,
1613 394 1698 440 quod
1722 394 1821 430 simus

1067 449 1104 471 ex
1128 438 1239 472 intimo
1266 439 1370 474 cordis
1405 440 1518 475 affectu
1557 443 1682 487 soliciti,
1724 452 1756 478 ut
1790 444 1820 478 in

1067 487 1230 532 omuibus⁷
1257 501 1338 535 quae
1361 489 1397 523 ad
1428 490 1551 525 laudem
1575 491 1644 533 Dei,
1672 501 1699 527 et
1733 502 1821 528 tran-

1067 536 1200 582 quillum
1229 546 1344 572 statum
1380 539 1558 575 devotionis
1598 552 1719 578 vestrae
1763 555 1821 578 cu-

1068 587 1163 632 pitis,
1199 587 1371 623 habeamus
1420 590 1634 635 providentiae
1679 592 1818 628 studium

1066 635 1211 671 efficacis.

1114 690 1129 728 ξ
1156 690 1184 719 t.
1207 686 1290 721 Sane
1314 699 1376 721 non
1400 688 1467 723 siue
1483 689 1618 736 quadam
1643 692 1818 728 turbatione

1066 736 1161 769 animi
1191 735 1370 783 frequenter
1404 738 1594 783 audivimus,
1616 742 1702 788 quod
1739 743 1818 777 inter

1067 797 1119 819 vos
1142 794 1171 819 ot
1192 786 1357 831 religiosos
1384 787 1520 835 aliquos,
1555 790 1603 824 illa
1639 790 1678 824 de
1713 803 1818 833 causa,

1065 835 1286 870 aemulationis
1314 844 1344 870 et
1366 836 1573 874 dissensionis
1593 841 1720 875 materia
1754 842 1819 876 ori-

1065 893 1125 927 tur,
1153 885 1236 932 quod
1262 886 1320 932 ipsi
1346 886 1458 922 domos
1485 895 1515 922 ot
1539 889 1687 924 ecclesias
1724 902 1819 936 regu-

1065 934 1144 968 lares
1169 936 1252 969 iuxta
1287 935 1352 970 loca
1391 946 1502 981 vestra,
1530 950 1590 972 noo
1625 939 1693 974 sine
1732 940 1817 985 gravi

1065 991 1165 1018 vestro
1191 984 1383 1031 praeiudicio
1411 996 1440 1021 et
1462 987 1611 1022 scandalo
1640 989 1818 1034 manifesto,

1063 1033 1254 1081 quandoque
1276 1042 1459 1070 construere
1487 1037 1743 1082 praesumebant.

1111 1086 1126 1125 ἕ
1153 1085 1185 1117 ⁶2.
1215 1082 1297 1118 Cum
1322 1084 1426 1131 itaque
1453 1085 1490 1120 ad
1514 1086 1675 1133 apostolici
1698 1096 1818 1133 spectet

1062 1131 1157 1166 officii
1179 1132 1363 1178 dignitatem
1393 1134 1431 1168 de
1455 1147 1553 1181 regno
1576 1135 1739 1171 militantis
1761 1136 1818 1172 Ec-

1062 1181 1176 1216 clesiae
1199 1182 1370 1216 cuiuslibet
1396 1183 1536 1218 scandali
1560 1186 1722 1220 materiam
1746 1186 1819 1220 abo-

1063 1229 1137 1264 lere:
1163 1243 1220 1266 nos
1242 1232 1336 1278 digne
1351 1232 1503 1276 volentes,
1525 1235 1609 1280 quod
1633 1234 1815 1270 huiusmodi

1061 1280 1282 1315 aemulationis
1304 1288 1334 1314 et
1361 1281 1568 1318 dissensionis
1597 1285 1722 1319 occasio
1763 1298 1818 1331 per

1062 1329 1246 1375 diligentiae
1275 1339 1400 1365 nostrae
1435 1331 1573 1366 studium
1613 1341 1816 1380 amputetur3

1837 291 1886 316 An.
1900 291 1929 317 C.
1947 291 2015 317 1-295

1846 705 1912 726 caus«,
1957 707 2017 726 huius

1833 737 1981 764 prohibitionis

1845 1097 1961 1119 Prot-itudo
1991 1101 2014 1120 de

1832 1135 1872 1155 quo
1884 1131 1902 1149 in
1914 1130 2003 1155 rubrica,

1040 1379 1245 1414 :auctoritate
1283 1381 1497 1426 praesentium
1539 1381 1742 1423 ordinamus,
1787 1392 1815 1417 et

1061 1427 1234 1464 districtius
1258 1428 1452 1474 inhibemus,
1491 1431 1574 1478 quod
1619 1431 1694 1466 nulli
1728 1432 1816 1467 liceat

1061 1477 1174 1512 amodo
1197 1478 1236 1513 de
1258 1478 1430 1521 Minorum,
1453 1479 1721 1524 Praedicatorum,
1738 1481 1816 1516 Poe-

1062 1526 1210 1562 niteutiae
1232 1527 1302 1562 Iesu
1322 1527 1454 1570 Christi,
1468 1528 1502 1564 S.
1522 1530 1637 1565 Mariae
1652 1530 1690 1564 de
1709 1530 1815 1565 Monte

1060 1574 1219 1617 Carmelo,
1257 1576 1291 1611 S.
1333 1578 1454 1618 Clarae,
1484 1579 1617 1626 aliisque
1650 1579 1815 1616 ordinibus

1062 1625 1091 1659 in
1117 1635 1299 1673 paupertate
1322 1627 1474 1670 fundatis,
1491 1628 1632 1676 nullique
1646 1629 1813 1665 mulierum

1060 1675 1099 1709 de
1129 1676 1298 1721 praedictis
1332 1689 1387 1712 seu
1422 1677 1617 1724 quibuslibet
1656 1678 1726 1713 aliis
1764 1691 1815 1714 or-

1059 1724 1188 1760 dinibus
1209 1726 1337 1773 aliquod
1367 1728 1613 1768 monasterium,
1647 1728 1813 1764 ecclesiam

1061 1775 1106 1809 vel
1130 1776 1302 1810 oratorium
1327 1775 1495 1812 aedificare
1526 1790 1581 1812 seu
1618 1785 1813 1820 construere3

1061 1825 1136 1859 nulli
1164 1837 1292 1872 quoque
1314 1825 1467 1860 saeculari
1491 1826 1537 1861 vel
1563 1827 1721 1873 religioso,
1757 1840 1814 1862 cu-

1060 1874 1247 1921 iuscumque
1291 1875 1519 1922 professionis,
1561 1877 1725 1911 ecclesiam
1767 1878 1812 1912 vel

1060 1925 1286 1958 monasterium
1310 1937 1365 1959 seu
1394 1926 1564 1960 oratorium
1598 1926 1657 1960 iam
1702 1925 1814 1960 aedifi-

1058 1981 1174 2014 catum,
1199 1974 1228 2008 in
1252 1974 1389 2020 aliquem
1414 1975 1581 2010 transferre
1614 1975 1651 2008 de
1691 1975 1812 2010 ordini·

1059 2021 1116 2056 bus
1157 2024 1348 2067 memoratis,
1393 2024 1470 2058 infra
1514 2024 1649 2070 spatium
1686 2034 1810 2060 eentum

1058 2072 1263 2118 quadraginta
1286 2086 1458 2108 cannarum
1483 2086 1499 2108 a
1524 2074 1633 2108 vestris
1661 2073 1811 2109 Ecclesiis

1059 2122 1343 2157 mensurandarum
1387 2135 1441 2170 per
1478 2135 1594 2163 aerem,
1629 2124 1720 2157 etiarn
1758 2123 1809 2158 ubi

1056 2170 1132 2205 alias
1156 2173 1329 2206 mensurari
1354 2173 1410 2206 loci
1439 2172 1604 2219 dispositio
1641 2184 1701 2206 nou
1743 2185 1811 2219 per-

1058 2220 1161 2254 mittit.
1199 2221 1374 2262 Praeterea,
1409 2223 1588 2262 statuimus,
1632 2229 1665 2255 ut
1699 2222 1810 2268 quod-

1056 2281 1217 2317 cumque„
1239 2280 1344 2305 contra
1386 2271 1566 2305 huiusmodi
1602 2270 1809 2305 ordinationis

1055 2326 1085 2353 et
1110 2319 1310 2355 inhibitionis
1334 2329 1457 2355 nostrae
1481 2328 1621 2355 tenorem
1651 2332 1687 2354 ex
1724 2332 1808 2355 nunc

1057 2370 1086 2403 in
1115 2378 1206 2404 antea
1229 2369 1428 2404 aedificatum
1456 2369 1560 2414 fuerit,
1587 2370 1738 2405 diruatur.

1104 2421 1166 2462 §3
1191 2418 1229 2453 Et
1252 2432 1291 2455 ne
1313 2418 1352 2454 de
1375 2419 1482 2453 notitia
1498 2419 1645 2454 ordinum
1664 2427 1694 2452 et
1712 2430 1808 2465 quau—
1833 2427 1872 2454 Qui
1895 2429 2003 2465 murem⁴

1056 2468 1140 2503 litate
1167 2481 1337 2503 cannarum
1362 2467 1556 2513 huiusmodi,
1575 2468 1677 2514 aliqua
1709 2458 2006 2514 possitfgfffmwdmw'

1055 2517 1206 2552 dubitatio
1238 2517 1372 2558 exoriri,
1412 2517 1481 2552 illos
1516 2517 1641 2551 ordines
1673 2517 1805 2564 intelligi

1056 2567 1199 2602 volumus
1222 2568 1252 2601 in
1284 2574 1465 2613 paupertate
1489 2566 1646 2607 fundatos,
1674 2567 1727 2613 qui
1767 2580 1803 2602 ex

1054 2617 1161 2663 regula
1191 2618 1235 2650 vel
1277 2615 1561 2650 constitutionibus
1593 2616 1679 2656 suis,
1719 2624 1804 2650 extra

1053 2675 1139 2713 septa
1168 2666 1397 2704 Ecclesiarum,
1434 2666 1693 2700 monasteriorum
1729 2677 1805 2700 suo-
