2274 3265
231 285 277 310 An⁴
297 287 326 310 tt.
349 286 409 311 l37lt

478 275 542 306 Ii’i'i

471 343 616 377 Gregorius
635 343 777 378 episeopus
801 349 896 371 servus
915 350 1055 372 servorum
1071 343 1132 375 Dei,

560 392 593 420 ad
616 393 778 427 perpetuam
807 392 847 421 rei
875 392 1041 420 memoriam.

474 462 615 496 Salvator
643 462 769 496 humani
797 464 922 507 generis
949 463 1104 496 Dominus
1128 475 1176 496 no-

255 515 375 536 f'ffi‘tmssfln
425 520 487 545 ster
511 511 596 545 lesus
623 511 781 551 Christus,
804 512 916 550 euius,
945 512 1013 545 licet
1044 512 1175 557 indigni,

425 561 506 595 vices
528 569 672 595 tenemus
696 562 723 594 in
761 561 873 601 terris„
908 573 1042 595 cernens
1073 561 1175 606 ipsum

423 622 536 654 genus,
551 609 634 656 quod
654 609 690 643 ad
706 609 834 643 delicias
854 610 987 656 paradisi
1007 617 1175 651 creaverat7

423 671 459 692 ex
496 659 582 705 lapsu
617 658 834 705 prothoplasti,
873 659 1024 692 diabolica
1067 658 1175 692 l‘rande

423 707 558 753 decepti,
577 719 631 754 per
655 715 818 754 peccatum
844 707 1076 742 inobedientiae
1098 719 1176 741 cor-

424 758 534 795 ruisse,
557 765 587 790 et
611 757 640 789 in
670 764 840 803 perpetuae
867 756 1078 791 damnationis
1113 755 1175 789 (le-

422 806 582 840 scendisse
611 806 818 851 profundum,
846 818 880 840 ae
915 806 981 839 sine
1018 805 1175 838 intermis-

421 856 508 889 sione
531 855 736 898 descendere,
751 867 806 889 sua
820 855 876 901 ipsi
894 854 999 900 generi
1025 854 1173 888 ineffabili

422 905 536 950 pietate
560 905 767 949 compatiens,
791 913 820 938 et
844 903 1043 937 miseratione
1058 903 1173 937 subve-

422 953 524 996 niens,
554 961 586 986 ut
614 952 688 986 illud
721 952 947 998 pretiosissimo
973 964 1031 985 sno
1052 951 1173 986 Cruore

421 1002 604 1045 redimeret,
623 1009 652 1034 ot
669 1013 776 1035 secum
802 1002 830 1034 in
859 1001 1045 1035 caelestibus
1076 1001 1173 1035 collo-

420 1059 515 1091 caret‚
531 1050 691 1085 descendit
708 1050 737 1083 in
755 1050 909 1084 mundum
930 1050 1174 1084 misericorditer

421 1100 519 1134 factus
537 1100 632 1133 homo
655 1100 684 1133 in
716 1112 764 1143 eo,
788 1100 870 1145 qnod
897 1100 1072 1145 praesentia
1096 1111 1173 1133 cor-

420 1148 516 1194 porali
540 1149 716 1182 consistens
739 1161 828 1182 suam
853 1148 1097 1182 sacratissimam
1130 1149 1172 1181 li-

417 1197 488 1232 dem
505 1205 535 1231 et
552 1197 695 1232 mandata
712 1197 847 1231 salubria
860 1197 967 1231 docuit
984 1198 1172 1244 discipulos,

417 1259 498 1292 quos
513 1247 619 1292 elegit,
636 1255 667 1280 ut
682 1259 716 1280 ea
738 1259 792 1293 per
809 1247 878 1280 illos
894 1248 922 1280 in
939 1255 1051 1281 terram
1070 1254 1172 1281 trans-

417 1296 624 1331 funderentur
647 1297 835 1339 universam,
857 1305 887 1329 et
904 1305 1016 1330 cuneta
1036 1297 1171 1331 humana

417 1354 555 1379 creatura
577 1346 748 1391 praemisso
770 1346 827 1378 iam
844 1345 1005 1390 redempta
1020 1346 1172 1391 sanguine

418 1395 572 1440 precioso,
596 1393 721 1440 fideque
738 1395 855 1428 lirmata
871 1402 900 1427 vt
921 1394 1080 1429 salubrius
1095 1407 1172 1429 con-

417 1443 495 1477 siliis
535 1451 565 1477 et
600 1442 755 1477 mandatis
791 1443 955 1482 instructa,
981 1456 1035 1490 per
1071 1444 1170 1491 ipsam

418 1492 510 1527 fidem
530 1500 559 1526 et
582 1492 720 1526 iustitiae
739 1504 831 1538 opera
851 1492 888 1525 ad
914 1501 1085 1538 perpetuae
1107 1493 1171 1527 sal-

416 1541 548 1575 vationis
574 1541 704 1586 gratiam
734 1541 918 1587 perveniret.
949 1541 1109 1589 lidemque
1129 1542 1173 1575 di-

416 1590 539 1637 scipuli,
555 1590 751 1636 plenitudine
763 1590 901 1636 Spiritus
912 1590 1019 1624 Sancti
1036 1599 1171 1637 recepta,

417 1639 559 1673 mandata
583 1639 739 1673 dominica
764 1640 916 1685 promptis
943 1640 1107 1674 affectibus
1141 1648 1172 1674 et

415 1687 581 1722 effectibus
613 1697 817 1735 exeqiienteS‚
842 1688 1022 1722 huiusmodi
1052 1689 1171 1724 doetri-

416 1749 486 1771 nam
510 1737 723 1772 continentem
749 1737 855 1777 tidem,
883 1750 971 1784 spem
1000 1745 1030 1772 et
1059 1739 1172 1773 carita-

415 1794 490 1826 tem,
506 1786 628 1833 aliaque
643 1787 776 1821 virtuosa
787 1799 894 1832 opera,
906 1800 1027 1821 necnon
1040 1789 1170 1823 consilia

415 1843 446 1869 et
468 1835 611 1870 mandata
631 1835 779 1879 salubria,
803 1836 965 1882 bonosque
982 1849 1085 1871 mores
1105 1838 1170 1871 uni-

415 1884 494 1919 versi
530 1884 615 1919 orbis
651 1885 777 1931 populis
805 1885 1048 1932 praedictorum,
1072 1886 1172 1920 flocu-

415 1933 593 1980 mentisque
615 1935 836 1974 sanctissimis,
861 1947 915 1982 per
941 1948 1021 1982 quae
1043 1935 1173 1970 creden-

415 1983 490 2016 tium
514 1991 543 2017 et
581 1983 744 2018 fatentium
774 1996 808 2018 ea
844 1992 927 2018 certa
974 1993 1002 2019 et
1044 1993 1170 2020 aeterna

414 2031 544 2066 salvatio
577 2033 744 2079 provenit,
781 2033 956 2068 universam
999 2034 1169 2069 Ecclesiam

415 2081 642 2116 instruxerunt.
659 2082 695 2116 Et
715 2083 787 2128 quia
808 2082 985 2117 futurorum
1012 2084 1172 2128 praescius

415 2130 502 2165 Deus
518 2131 716 2177 praevidebat
732 2132 811 2165 inter
829 2140 931 2166 satum
963 2133 1169 2178 purissimum

415 2179 554 2214 triticum
584 2180 738 2214 mundum
774 2181 897 2216 hostem
939 2182 1169 2217 seminaturum

416 2228 577 2271 zizaniam,
605 2242 640 2264 ae
669 2229 748 2264 inter
767 2239 872 2265 sancta
895 2231 1068 2277 prophana,
1092 2232 1172 2266 inter

416 2277 537 2312 sincera
561 2279 762 2320 fermentum,
785 2287 815 2313 et
838 2280 920 2313 inter
942 2287 1023 2314 recta
1052 2281 1171 2328 iniqua,

417 2327 646 2361 machinatione
663 2328 779 2363 hostica
802 2329 987 2375 callidisque
1010 2330 1076 2364 suis
1091 2340 1173 2365 astu-

417 2377 469 2409 tiis
492 2377 685 2422 positurnm;
705 2378 841 2412 cultores
863 2378 927 2423 agri
942 2379 1003 2421 sni7
1028 2379 1173 2414 videlicet

418 2429 453 2463 B.
473 2429 556 2464 Petri
573 2430 785 2476 apostolorum
804 2431 971 2478 principis,
988 2432 1036 2465 cni
1062 2441 1090 2467 et
1106 2433 1172 2467 suis

418 2483 654 2518 suecessoribus
678 2496 732 2531 per
747 2485 892 2518 eumdem
912 2485 1037 2518 tradidit
1061 2486 1173 2531 plenis-

418 2535 528 2570 simam
553 2545 752 2583 potestatem‚
781 2538 978 2585 aliorumque
1006 2539 1172 2584 apostolo—

421 2602 487 2623 rum
510 2599 538 2624 et
568 2591 794 2638 discipulorum
818 2605 1032 2633 successores,
1055 2592 1173 2627 scilicet

420 2642 629 2678 Ecclesiarum
664 2646 837 2693 praesules,
877 2648 929 2694 qui
966 2655 1171 2694 supernatum

1009 286 1045 308 nti
1052 286 1107 307 1.er
1114 285 1143 307 ltl
1151 287 1157 307 Ι
1164 286 1192 306 ἴΜ
1219 285 1377 306 ROMANUM

1218 338 1385 372 evellerent
1414 338 1534 381 lolium,
1560 351 1596 371 ne
1620 338 1761 372 inliceret
1788 351 1893 374 semen
1919 339 1969 373 bo-

1220 400 1306 430 num,
1329 399 1504 433 agrumque
1529 386 1702 432 praestitum
1728 397 1895 432 purgarent
1917 402 1968 422 as-

1217 435 1319 478 sidue,
1356 444 1387 469 nt
1417 436 1446 468 in
1483 448 1520 469 co
1555 435 1675 468 fruetus
1704 435 1780 469 uber
1810 445 1840 470 et
1866 438 1969 471 suavis

1217 492 1413 519 excreseeret
1436 485 1465 518 in
1489 496 1581 517 sunm
1606 484 1752 518 horreum
1777 484 1969 525 inserendus,

1219 533 1364 567 inell'abili
1401 532 1594 579 providentia
1635 532 1872 568 substituendos
1900 547 1968 568 esse

1218 582 1362 628 providit,
1379 590 1411 615 ut
1426 582 1525 627 propii
1543 583 1602 624 (sic)
1617 582 1733 615 sanctis
1756 581 1900 617 Patribus
1917 582 1967 616 lilti

1218 639 1432 673 nascerentur,
1443 630 1537 664 futuri
1550 631 1729 677 spirituales
1744 631 1902 677 principes
1916 645 1970 678 per

1217 680 1339 713 elimata
1363 679 1450 714 orbis
1474 688 1584 714 terrae.
1608 679 1747 725 Ideoque
1763 681 1800 714 ad
1827 689 1968 715 nostrum

1218 728 1431 775 principaliter
1452 729 1651 775 aliorumque
1675 728 1884 775 praelatorum
1909 730 1970 764 Ee-

1216 777 1330 812 clesiae
1352 787 1476 812 sauctae
1500 778 1555 812 Dei
1583 786 1702 824 spectat
1734 777 1870 813 officium
1886 806 1894 822 ‚
1939 788 1967 812 nt

1215 827 1391 861 animarum
1415 827 1508 861 saluti
1536 827 1641 861 solerti
1677 826 1892 862 sollicitudine
1920 828 1970 862 in-

1217 875 1394 916 tendentes,
1423 884 1454 910 et
1474 888 1585 922 agrum
1609 876 1804 920 huiusmodi,
1826 890 1897 912 eum
1921 890 1971 912 ex—

1217 925 1313 970 pedit7
1337 925 1462 971 saepius
1489 933 1713 972 expurgantes,
1735 938 1783 969 ea,
1806 938 1887 972 quae
1907 940 1970 961 no—

1216 974 1354 1008 verimus
1389 975 1491 1008 dictae
1528 975 1619 1009 saluti
1656 975 1835 1015 contraria,
1865 976 1970 1010 studio

1216 1024 1381 1069 pastoralis
1407 1023 1617 1058 solicitudinis
1638 1023 1820 1058 evellamus.

1262 1072 1282 1117 g
1313 1075 1342 1106 1.
1367 1072 1450 1107 Sane
1473 1073 1533 1107 lide
1549 1073 1642 1118 digna
1667 1082 1698 1107 et
1716 1073 1887 1108 admodum
1908 1087 1968 1108 mo-

1215 1121 1289 1155 lesta
1331 1122 1513 1168 pluriesque
1541 1122 1695 1156 inculcata
1726 1121 1834 1156 relatio
1871 1123 1970 1170 pluri-

1215 1183 1337 1205 morum
1369 1171 1405 1205 ad
1445 1180 1586 1205 nostrum
1624 1171 1770 1217 perduxit
1802 1171 1968 1212 auditum,

1213 1219 1298 1266 quod
1324 1220 1353 1254 in
1383 1220 1539 1254 Saxoniae
1566 1228 1596 1254 et
1619 1220 1780 1254 nonnullis
1807 1220 1875 1255 aliis
1898 1234 1971 1267 par-

1214 1269 1298 1303 tibus
1320 1269 1475 1315 quaedam
1503 1269 1700 1304 detestabilia
1723 1269 1852 1316 scripta,
1873 1270 1970 1316 leges,

1213 1331 1267 1352 seu
1295 1321 1459 1363 Speculum
1482 1321 1648 1353 Scamnum
1672 1318 1840 1364 vulgariter
1858 1319 1969 1366 appel-

1214 1367 1272 1401 lata
1300 1376 1330 1401 et
1355 1368 1485 1402 inferius
1508 1376 1668 1408 annotata,
1691 1367 1773 1414 apud
1803 1368 1972 1403 nonnullos

1214 1425 1273 1450 tam
1309 1417 1432 1451 nobiles
1463 1429 1558 1463 qnam
1589 1417 1717 1463 plebeos
1757 1418 1970 1464 reperiuntur,

1212 1478 1294 1512 quae
1319 1466 1437 1501 iudices
1464 1475 1495 1500 et
1519 1466 1639 1501 incolae
1676 1466 1812 1512 partium
1843 1479 1971 1501 earum-

1213 1515 1298 1555 dem,
1314 1516 1440 1550 omissis
1462 1515 1651 1555 canonibus,
1674 1515 1808 1562 aliisque
1831 1516 1971 1563 Scriptu-

1213 1565 1256 1598 ris
1283 1565 1400 1605 Sacris,
1428 1565 1683 1611 contemptisque
1707 1572 1835 1600 naturae
1870 1577 1907 1600 ae
1925 1566 1971 1600 ei-

1214 1613 1326 1648 vilibus
1353 1614 1485 1659 legibus,
1514 1614 1658 1648 ethonis
1686 1614 1826 1648 moribus
1860 1615 1967 1661 procul

1214 1662 1347 1709 pulsis„a
1365 1663 1466 1709 longis
1480 1663 1555 1696 citra
1571 1662 1768 1709 temporibus
1787 1663 1968 1703 observant,

1212 1721 1241 1746 et
1264 1721 1387 1746 servant
1411 1713 1504 1747 etiam
1528 1712 1567 1746 de
1596 1712 1775 1758 praesenti,
1811 1725 1848 1746 ex
1888 1725 1970 1760 quo—

1214 1774 1346 1808 rumque
1369 1761 1565 1796 observantia
1594 1761 1681 1796 Deus
1701 1761 1881 1801 offenditur.
1902 1775 1971 1809 pro-

1213 1810 1317 1845 ximus
1339 1819 1498 1856 gravatur,
1526 1823 1597 1846 vera
1634 1810 1748 1845 iustitia
1772 1820 1802 1845 et
1828 1812 1970 1859 aequitas

1214 1860 1382 1906 rumpitur,
1399 1872 1537 1895 canones
1558 1869 1589 1894 et
1612 1860 1698 1906 leges
1725 1867 1970 1895 contemnuntur

1212 1910 1398 1953 enormiter,
1428 1918 1547 1944 rectum
1584 1909 1737 1944 iudicium
1766 1909 1970 1949 subvertitur,

1214 1959 1326 1993 veritas
1349 1960 1577 2006 impugnatur,
1606 1966 1715 1993 eontra
1744 1958 1844 1994 bonos
1868 1972 1971 1995 mores

1212 2017 1241 2043 et
1266 2007 1366 2055 legem
1392 2017 1519 2043 naturae
1536 2010 1647 2054 agitur,
1671 2007 1898 2044 dehonestatur
1920 2009 1970 2043 ho-

1214 2065 1328 2098 nestas,
1357 2058 1484 2092 libertas
1515 2057 1725 2093 ecelesiastica
1765 2058 1913 2102 calcatur,
1941 2067 1971 2093 et

1212 2106 1297 2153 quod
1323 2115 1370 2142 est
1397 2107 1558 2151 deterius,
1591 2106 1763 2154 apostoliea
1798 2107 1971 2154 denegatur

1214 2164 1363 2203 potestas,
1391 2165 1420 2192 et
1443 2157 1562 2192 veritati
1582 2156 1754 2191 catholicae
1778 2156 1847 2192 fidei
1875 2158 1969 2192 dero—

1212 2213 1315 2252 gatur.
1694 2220 1702 2227 ’

1262 2256 1282 2301 ἓ
1308 2259 1341 2289 2.
1369 2255 1434 2289 Nos
1458 2256 1551 2302 igitur
1584 2256 1622 2290 de
1650 2256 1687 2291 iis
1711 2263 1797 2291 tauto
1827 2255 1969 2290 dolentes

1212 2306 1374 2348 amarius,
1401 2314 1519 2351 quanto
1541 2305 1653 2340 exinde
1689 2305 1738 2339 illa
1776 2305 1966 2341 servantium

1213 2354 1335 2388 animae.
1376 2354 1572 2400 longioribus
1608 2354 1806 2401 temporibus
1833 2362 1863 2389 et
1890 2355 1969 2389 stri—

1213 2403 1365 2437 ctioribus
1382 2404 1500 2449 laqueis
1526 2404 1668 2448 alligatae
1693 2404 1829 2444 fuerunt,
1851 2411 1881 2438 et
1902 2416 1970 2450 pro-

1215 2460 1319 2497 pterea
1338 2453 1475 2498 pateruis
1498 2453 1714 2488 desiderantes
1737 2453 1903 2488 affectibus
1926 2461 1969 2487 tot

1213 2509 1243 2535 et
1268 2503 1361 2535 tantis
1389 2502 1478 2536 malis
1500 2511 1531 2536 et
1553 2503 1701 2549 periculis
1729 2502 1866 2542 obviare,
1888 2515 1969 2549 quae

1215 2550 1305 2584 nobis
1337 2551 1494 2597 praedicta
1531 2551 1804 2587 dissimulantibus
1840 2551 1969 2597 sanguis

1215 2612 1268 2645 per
1296 2600 1361 2646 ipsa
1387 2602 1583 2646 peccantium
1612 2601 1651 2636 de
1680 2601 1795 2636 nostris
1824 2600 1968 2635 manibus

1214 2661 1228 2682 a
1260 2648 1394 2684 Domino
1423 2651 1621 2698 requiratur,
1660 2651 1726 2698 ipsa
1763 2650 1877 2698 scripta
1911 2661 1967 2684 seu

1986 286 2035 312 An.
2055 286 2164 312 ‹3.157lt

2000 1085 2064 1111 Leges
2080 1086 2171 1107 Saxoni-

1985 1122 2022 1136 ωε
2041 1117 2076 1136 χπΙεὲ
2094 1117 2168 1143 quibus

1985 1148 2027 1167 hiel
2043 1149 2109 1167 sacris
2132 1154 2168 1167 rn-

1985 1179 2075 1199 nonnius
2086 1181 2169 1199 contra-

1986 1215 2037 1230 ΙΙιΙΘ4

1999 2262 2037 2282 Eas
2057 2263 2149 2283 annullat
2161 2279 2166 2286 ,

1983 2296 2096 2320 iii-itusque
2129 2295 2167 2314 tle-

1984 2325 2048 2344 rlarat
2063 2325 2165 2345 Pontum:

2259 3078 2265 3159 l

2258 3168 2268 3265 i
