2274 3265
188 262 226 287 λη
256 261 285 287 C.
303 259 368 287 13113

199 323 321 343 anevvatn·
346 322 369 341 τῖε

187 360 226 381 qua
237 357 256 374 tn
269 353 360 373 rubricat

236 2240 244 2256 s
252 2239 343 2259 lau‘ulao

438 250 503 281 468

386 314 580 362 provisiones
617 321 645 346 et
674 312 899 358 dispositiones
934 313 1076 346 omnium
1105 320 1134 346 et

385 363 580 410 singularum
604 361 922 408 archiepiscopalium
941 390 947 399 ,
970 361 1135 408 episcopa-

387 415 479 456 lium,
499 412 735 457 collegiatarum
767 411 990 449 Ecclesiarum,
1012 422 1133 445 necnon

386 462 593 504 abbatiarum,
610 461 869 494 monasteriorum
887 468 915 493 et
940 460 1134 507 prioratuum

385 511 640 547 conventualium
657 510 849 555 regularium
874 518 901 543 et
916 509 1135 548 saecularium,

386 569 602 607 exemptorum
639 568 666 593 et
692 571 752 593 non
781 567 1018 605 exemptor-um,
1052 569 1137 591 nunc

390 610 565 645 vacantium
581 616 610 642 et
635 609 665 642 iu
689 617 779 642 antea
804 617 1034 645 vacaturoruin,
1059 606 1135 639 inl'ra

388 661 503 694 dictam
529 658 662 692 insulam
686 658 942 695 consistentium,
967 657 995 689 in
1020 655 1138 701 quibus

389 709 514 755 praelati
554 720 609 742 seu
647 715 784 741 rectores
819 713 1052 740 consueverunt
1085 716 1138 749 per

388 757 574 792 electionem
598 757 730 793 assumi,
759 756 795 793 si,
827 768 897 788 rum
926 762 954 787 et
991 754 1139 799 ‹protiens

389 820 481 842 casus
499 805 667 840 vacationis
683 806 857 841 emerserit,
875 815 973 849 usque
993 802 1030 836 ad
1049 802 1139 835 hieu-

391 858 476 890 nium
495 867 510 889 a
535 856 634 901 prima
658 854 707 887 die
725 853 800 886 iunii
821 853 964 899 proximo
982 852 1138 890 instantis,

390 917 452 952 quo
465 903 685 939 terminabitur
703 911 827 947 tempus
850 901 1067 935 reservationis
1086 913 1140 947 per

392 955 492 988 felicis
521 952 746 987 recordationis
777 950 985 984 Benedirtnui
1022 949 1138 996 Papam

393 1003 448 1037 xl!
471 1002 743 1049 praedecessorem
766 1008 907 1033 nostrum
933 1000 1005 1032 olim
1021 999 1059 1031 de
1082 998 1141 1032 illis

393 1053 489 1086 factae
515 1052 543 1084 in
571 1058 659 1083 antea
695 1049 965 1095 computandum,
995 1047 1086 1081 nobis
1113 1057 1141 1080 et

391 1101 466 1135 Sedi
506 1099 704 1146 Apostolirae
745 1099 929 1132 auctoritati·
969 1096 1140 1143 apostolica

394 1161 606 1186 reservamus,
633 1147 788 1181 universis
807 1147 1033 1186 Erelesiarum,
1050 1146 1142 1179 abba-

395 1200 504 1233 tiarum
523 1225 531 1241 ‚
574 1196 836 1231 monasteriorum
873 1204 900 1229 et
945 1196 1141 1241 prioratuum

396 1248 626 1294 praedictorum
650 1245 808 1293 capitulis,
837 1245 980 1290 collegiis
1008 1254 1034 1278 et
1061 1257 1143 1278 con-

396 1297 538 1331 ventibus
573 1308 608 1330 ac
628 1295 770 1341 personis·
790 1294 962 1328 districtius
995 1293 1143 1327 inhiben-

396 1355 463 1389 tes,
497 1357 533 1379 ne
557 1345 588 1378 in
617 1344 675 1384 eis,
710 1343 892 1377 huiusmodi
934 1343 1144 1377 reservatione

396 1395 540 1434 durante,
558 1394 594 1427 ad
611 1393 814 1437 electionem7
838 1392 1080 1439 postulationem
1099 1392 1144 1424 vel

398 1444 606 1490 provisionem
631 1443 765 1488 aliquam
806 1449 1005 1489 praesumant
1035 1453 1146 1486 proce—

397 1494 469 1527 dere
485 1493 588 1538 aliquo
605 1491 710 1530 modo,
725 1504 760 1525 ac
783 1490 991 1525 decernentes
1007 1502 1043 1523 ex
1062 1503 1147 1524 {iiiuc

398 1543 519 1576 irritum
547 1549 576 1575 et
612 1542 725 1583 inane,
753 1540 777 1573 si
802 1552 893 1573 secus
925 1551 1020 1585 super
1049 1539 1146 1585 ipsis,

399 1603 452 1637 per
467 1590 595 1636 quosvis
611 1590 698 1627 alios,
712 1589 821 1635 quavis
835 1589 1031 1631 auctoritate,
1047 1588 1146 1621 scieu-

399 1649 444 1674 ter
471 1640 516 1672 vel
542 1639 746 1684 ignoranter,
787 1637 952 1684 contigerit
990 1638 1146 1671 attentari.

397 1688 564 1722 Caeterum
581 1687 736 1727 volumus,
760 1694 787 1720 et
813 1695 937 1720 nostrae
961 1686 1147 1721 intentionis

401 1738 525 1775 existit,
548 1737 631 1783 quod
657 1736 837 1775 reservatio
871 1735 1016 1769 inhibitio
1034 1743 1064 1769 et
1087 1735 1150 1769 ‹le-

400 1794 518 1821 cretum
544 1786 736 1825 huiusmodi,
760 1786 796 1819 ad
815 1785 1000 1819 monasteria
1027 1786 1150 1819 monia-

401 1837 475 1870 lium
505 1843 532 1869 et
555 1836 687 1870 aliarum
718 1836 932 1881 religiosarum
959 1834 1149 1877 mulierum,

400 1893 430 1920 et
447 1885 484 1919 ad
509 1885 666 1919 Ecclesias
694 1885 740 1920 vel
762 1886 917 1932 prioratus
931 1897 991 1918 uon
1009 1896 1150 1917 eonven-

401 1937 512 1973 tuales,
541 1948 594 1970 seu
621 1948 755 1982 quorum
786 1936 915 1971 fructus,
953 1934 1096 1967 redditus
1123 1943 1148 1967 rt

403 1995 574 2034 proventus
604 1986 700 2020 annui
737 1997 892 2020 summam
922 1984 1150 2031 quinquaginta

401 2038 590 2071 florenorum
624 2036 691 2069 auri
734 2033 910 2069 secuudum
949 2046 1150 2068 communem

400 2086 650 2121 aestimationem
681 2098 741 2120 uon
766 2084 934 2122 excedunt,
969 2083 1152 2117 nullatenus

401 2136 620 2170 extendantur.

450 2185 533 2219 Nulli
550 2198 624 2231 ergo
642 2184 772 2218 omnino
786 2183 947 2218 hominum
966 2182 1056 2215 liceat
1073 2182 1152 2215 hanc

403 2235 548 2280 paginam
565 2243 687 2268 nostrae
707 2233 938 2269 reservationis,
955 2231 1153 2265 inhibitionis

402 2291 430 2317 et
453 2283 567 2317 decreti
583 2283 765 2329 infringere,
781 2283 826 2316 vel
843 2282 868 2315 ei
892 2294 968 2315 ausu
987 2280 1153 2314 temerario

403 2334 567 2367 contraire.
598 2333 630 2367 Si
664 2334 738 2380 quis
773 2340 877 2367 autem
914 2332 970 2365 lior
999 2338 1152 2364 attentare

404 2380 1154 2430 praesumpserit7indignationemomnipotentis*

403 2434 460 2468 Dei
481 2442 510 2468 et
529 2433 689 2468 beatorum
719 2432 801 2466 Petri
830 2439 858 2465 et
883 2431 969 2465 Pauli
993 2429 1153 2476 apostolo-

406 2497 473 2518 rum
497 2484 565 2517 eius
587 2496 619 2517 se
649 2483 766 2516 noverit
793 2482 1004 2515 incursurum.

455 2533 566 2567 Datum
604 2531 775 2572 avenione,
807 2531 898 2564 tertio
931 2541 1029 2563 nonas
1058 2528 1153 2565 maii,

407 2583 609 2628 pontificatus
630 2581 728 2615 nostri
748 2593 830 2615 anno
855 2581 968 2626 primo.

476 2643 535 2671 Dat.
555 2643 600 2672 (lie
622 2643 638 2669 5
662 2643 728 2671 maii
750 2642 832 2672 1313.
853 2641 954 2680 pontit.
974 2650 1049 2669 anno
1070 2649 1085 2669 1.

982 256 1166 279 ornatuum

1197 255 1357 277 {mansum

1535 309 1571 342 tl.

1179 392 1380 427 Declaratio,
1414 391 1497 434 quod
1535 401 1601 433 rege
1635 390 1760 423 Siciliae
1790 391 1907 423 minore
1923 419 1931 428 ,

1227 441 1313 483 requi
1332 440 1513 483 procuratio
1534 445 1647 483 spectat
1666 440 1708 471 orl
1729 440 1839 472 Sedem
1854 440 1931 484 Apo·

1226 489 1366 521 stolicam
1392 489 1446 531 (1).

1448 565 1663 596 SUMMARIUM

1181 633 1367 663 l'rooemium.
1386 649 1425 655 —
1446 633 1467 661 Ι.
1486 633 1540 668 Qui
1562 632 1671 662 suerint
1687 643 1700 661 a
1722 631 1850 662 Roberto
1866 642 1934 670 rege

1218 677 1369 706 constituti
1398 681 1604 715 procuratores
1636 677 1729 714 regni.
1759 693 1796 698 —
1827 676 1934 706 loanna

1220 726 1296 750 stare
1319 730 1421 750 eorum
1446 720 1695 750 administrationi
1721 720 1865 759 promisit.
1897 737 1934 742 ——

1220 766 1260 794 *tit
1285 773 1371 803 quem
1391 764 1472 802 regui
1501 763 1718 793 administratio
1750 768 1871 802 spectet.
1899 781 1936 786 —

1221 809 1346 838 loannae
1370 812 1451 845 gesta
1477 808 1540 836 iure
1564 817 1621 837 non
1653 808 1735 837 t'ulta.
1759 825 1797 830 —
1824 808 1851 837 2.
1877 807 1933 837 De-

1221 857 1331 882 rrctum
1365 852 1547 891 pontificium
1581 852 1657 881 circa
1683 852 1765 890 regni
1790 861 1934 891 procura·

1221 897 1340 925 tionem.
1363 912 1401 917 —
1423 896 1450 925 3.
1481 895 1605 925 tonnano,
1629 901 1707 934 gesta
1733 897 1871 925 rescissa.
1899 914 1936 918 --

1227 942 1248 970 i.
1281 940 1390 970 lrritata
1421 940 1507 969 etiam
1538 949 1613 978 quae
1647 941 1709 969 sieri
1733 941 1885 977 continget
1908 940 1936 968 in

1224 986 1364 1014 t'uturum.
1397 1000 1436 1005 —
1467 984 1494 1012 5.
1521 983 1729 1013 Procuratores
1762 993 1776 1011 a
1811 983 1937 1013 ltoberto

1223 1028 1348 1057 instituti
1378 1028 1566 1056 exauctorati.
1596 1044 1632 1048 —
1661 1028 1688 1060 6,
1713 1027 1737 1055 7.
1762 1027 1937 1064 Aymericus

1225 1074 1265 1102 titi
1287 1074 1314 1102 S.
1342 1072 1455 1102 Martini
1486 1072 1514 1101 in
1541 1071 1686 1101 Montibus
1710 1071 1825 1109 legatus
1849 1080 1938 1109 regno

1224 1116 1460 1147 administialnlo
1493 1116 1670 1154 praeficitur.
1704 1132 1741 1137 —
1766 1114 1937 1144 Clausulae.

1229 1194 1349 1222 Clemens
1384 1192 1525 1227 episeopus
1555 1197 1651 1218 servus
1679 1196 1819 1219 servorum
1839 1189 1895 1222 Det.

1320 1243 1354 1270 ad
1386 1241 1514 1270 suturam
1556 1239 1597 1268 rat
1634 1239 1804 1268 memoriam.

1237 1314 1280 1349 Ex
1314 1326 1367 1348 ore
1400 1312 1542 1347 sedentis
1571 1312 1599 1345 in
1635 1311 1830 1357 apostolicae
1852 1311 1941 1346 Solio

1187 1365 1351 1409 diguitatis
1377 1362 1471 1397 debet
1492 1362 1630 1396 adinstar
1659 1361 1759 1403 illius,
1781 1361 1874 1395 cuius
1898 1361 1942 1394 vi-

1187 1426 1238 1448 ces
1261 1413 1364 1459 gerit,
1387 1411 1511 1457 gladius
1535 1410 1707 1457 procedere
1735 1410 1782 1444 bis
1804 1419 1941 1448 acutus,

1188 1471 1222 1495 ut
1254 1475 1355 1508 aequo
1387 1460 1551 1494 libramine
1588 1468 1699 1494 cuncta
1733 1459 1772 1494 ad
1806 1472 1940 1495 examen

1190 1512 1287 1557 ipsius
1315 1509 1450 1545 deducta
1477 1508 1650 1556 prudenter
1672 1508 1876 1555 appendens,
1896 1509 1944 1543 ius

1189 1573 1283 1594 suum
1326 1559 1498 1605 unicuique
1535 1557 1662 1597 tribuat,
1697 1566 1725 1592 et
1755 1559 1784 1591 in
1823 1558 1942 1592 iustitia

1191 1610 1267 1643 nulli
1294 1616 1418 1655 parcat:
1440 1620 1533 1654 quem
1567 1615 1643 1641 tunc
1667 1606 1747 1641 bene
1768 1620 1863 1653 agere
1887 1621 1943 1642 uos

1190 1659 1413 1704 cognoscimus
1435 1669 1507 1691 cum
1532 1665 1593 1690 tam
1619 1656 1747 1695 nostris,
1762 1669 1857 1703 quam
1872 1656 1945 1692 sub-

1190 1708 1342 1747 ditorum,
1366 1719 1427 1741 non
1451 1704 1641 1740 declinando
1669 1704 1707 1739 ad
1730 1705 1872 1740 dextram
1898 1707 1943 1740 vel

1190 1758 1370 1800 sinistram7
1407 1755 1606 1801 invigilamus
1636 1755 1805 1799 remediis,
1834 1755 1946 1790 suturis

1191 1807 1386 1841 occurrimus
1410 1805 1566 1852 periculis,
1585 1818 1619 1839 ac
1640 1805 1754 1841 iniuste
1771 1813 1801 1839 et
1825 1805 1946 1852 impro-

1193 1857 1261 1891 vide
1294 1864 1465 1894 attentata,
1503 1868 1584 1902 quae,
1622 1862 1729 1902 partus
1753 1854 1879 1889 forsitan
1914 1867 1947 1889 se

1192 1907 1365 1941 deteriores
1388 1906 1549 1944 haberent,
1566 1906 1591 1939 si
1612 1905 1751 1950 ipsorum
1776 1904 1945 1939 inefficacia

1194 1957 1222 1990 in
1259 1958 1430 2004 publicum,
1455 1968 1608 2003 praecone
1632 1954 1760 1993 iustitia,
1784 1966 1845 1987 non
1870 1954 1943 1988 iusti

1193 2020 1325 2043 censura
1345 2007 1452 2042 iudicii
1468 2006 1687 2041 reformamus.
1705 2003 1860 2050 Tuncque
1874 2016 1946 2038 cum

1194 2059 1310 2093 maiora
1357 2058 1508 2091 timentur
1551 2054 1717 2101 provenire
1761 2052 1943 2099 dispendia,

1195 2107 1379 2156 promptiori
1393 2114 1422 2140 et
1435 2105 1571 2140 uberiori
1589 2103 1709 2139 cautela
1723 2105 1948 2149 siuepersona-

1195 2171 1261 2192 rum
1279 2156 1463 2203 acceptione
1484 2153 1673 2202 provisionis
1698 2160 1821 2187 nostrae
1846 2164 1949 2186 reme-

1194 2207 1258 2246 dio,
1292 2205 1509 2241 subvenimus.

1244 2257 1264 2302 ξ
1291 2259 1318 2290 l.
1347 2256 1430 2290 Sane
1453 2254 1490 2288 ad
1520 2252 1717 2300 apostolatus
1740 2251 1836 2285 nostri
1868 2251 1949 2285 noti-

1196 2307 1267 2340 tiam
1298 2305 1419 2352 pridem
1452 2303 1613 2341 deducto,
1644 2302 1726 2348 quod
1751 2301 1852 2335 clarae
1880 2312 1948 2334 me-

1197 2356 1312 2390 moriae
1337 2355 1496 2389 Robertus
1537 2365 1589 2386 rex
1617 2352 1744 2385 Siciliae
1780 2351 1809 2384 iu
1839 2349 1948 2384 ultimo

1196 2418 1382 2444 testamento
1405 2421 1464 2443 suo
1498 2408 1578 2442 inter
1606 2415 1726 2440 caetera
1751 2404 1948 2439 ordinaverat

1195 2474 1223 2499 et
1257 2464 1484 2505 mandaverat,
1511 2462 1596 2508 quod
1634 2459 1822 2495 venerabilis
1855 2458 1949 2493 frater

1197 2527 1302 2553 noster
1322 2518 1489 2563 Philippus
1504 2516 1671 2562 episcopus
1694 2512 1905 2547 Cavalicensis
1919 2520 1950 2546 et

1197 2572 1379 2606 charissima
1410 2572 1438 2604 in
1462 2570 1591 2605 Christo
1620 2568 1679 2603 tilia
1704 2575 1807 2600 nostra
1835 2566 1949 2600 Saucia

1233 2642 1273 2676 (t)
1290 2642 1351 2668 Est.
1369 2641 1438 2676 apud
1457 2640 1588 2675 Rayuald.
1611 2639 1642 2666 ad
1659 2646 1757 2665 annum
1778 2637 1855 2669 ¹3⁷13,
1872 2635 1887 2671 ἓ
1904 2636 1947 2662 75.

1946 254 1993 279 An.
2008 252 2036 277 (2.
2059 251 2124 276 t5'i5

1984 1328 2115 1348 mmmmm.

1977 2258 2016 2284 Qui
2040 2257 2116 2278 tut-nni
2138 2264 2149 2277 a

1965 2288 2056 2309 Roherto
2099 2294 2148 2313 rege

1964 2321 2074 2340 coristituti
2098 2326 2149 2345 pro-

1964 2353 2147 2375 curatoresrogui.
