2274 3265
460 271 528 303 5:26

411 343 546 375 nostros,
564 334 640 368 dum
659 334 688 368 in
713 334 886 380 praesentis
909 333 985 368 valle
1013 333 1157 369 miseriae

411 383 650 430 peregrinamur
676 395 691 416 a
714 382 863 426 Domino,
884 394 938 430 per
959 395 1090 418 suorum
1110 383 1159 417 di-

411 434 489 478 rigat
505 432 632 467 semitas
655 432 885 473 mandatorum3
902 440 1088 478 nostraeque
1103 432 1159 467 de-

411 481 538 515 bilitatis
564 480 705 515 liumeris
740 480 930 516 fortitudinis
965 481 1060 515 robur
1081 481 1160 516 adii-

411 530 510 573 ciens‚
538 529 733 564 misericordi
770 529 862 564 nobis
902 530 1014 575 pictate
1041 542 1159 565 conce-

411 579 473 618 dat,
495 578 662 624 praefatam
690 578 862 614 Ecclesiam
886 578 923 613 ad
948 579 997 612 sui
1021 579 1159 613 nominis

412 627 536 662 laudem
560 636 590 662 et
616 628 744 674 gloriam
779 628 894 662 utiliter
916 627 1104 674 gubernare,
1129 636 1159 662 nt

411 689 482 711 cum
505 676 619 711 domus
646 684 771 711 nostrae
794 676 995 711 habitationis
1020 684 1160 711 terrenae

413 726 596 772 figmentum
629 725 698 760 eius
732 726 882 772 imperio,
918 737 971 771 per
1002 737 1096 769 quem
1130 726 1159 759 in

411 775 565 822 praesenti
588 774 714 809 saeculo
736 775 820 809 iuxta
845 774 1030 820 originariae
1055 774 1162 808 condi-

412 824 505 858 tionis
531 836 660 858 cursum
688 823 814 857 solitum
841 824 1016 868 ingressum
1046 823 1161 858 habui-

412 885 493 913 mus,
525 872 727 911 dissolvetur,
751 872 782 906 in
815 872 864 906 illa
888 872 1012 907 caelesti
1037 871 1161 907 lei-usa-

412 921 487 964 lem,
508 921 545 955 ad
568 921 660 956 cuius
681 920 920 961 aedificationis,
951 933 1008 955 ceu
1031 921 1161 968 quidam

412 970 541 1015 expoliti
570 970 702 1016 lapides,
729 969 902 1004 electorum
932 970 1054 1004 animae
1081 970 1163 1005 dese-

413 1027 538 1063 runtur,
564 1018 749 1064 gloriosam,
773 1030 834 1052 non
859 1019 1083 1058 manufactam,
1106 1019 1161 1054 sed

412 1076 570 1102 aeternam
592 1067 740 1114 dignetur
758 1067 931 1102 concedere
954 1068 1161 1103 mansionem.

460 1116 578 1151 Datum
606 1116 769 1151 Avenione
790 1117 901 1163 quinto
925 1117 996 1151 idus
1021 1117 1164 1161 ianuarii,

414 1165 614 1211 pontificatus
637 1165 734 1200 nostri
756 1177 839 1200 anno
866 1178 887 1200 1.

473 1225 525 1255 nat
553 1226 599 1255 die
615 1227 632 1255 0
649 1226 773 1255 ianuarii
791 1227 877 1263 1335,
896 1232 974 1265 pont.
991 1237 1067 1256 anno
1084 1236 1101 1256 t.

214 280 263 306 Αη.
281 280 309 305 C.
330 281 394 307 ¹525

772 1402 809 1436 lt.

418 1483 464 1516 De
486 1484 646 1528 apostatis,
670 1494 721 1515 seu
747 1483 828 1516 alias
857 1484 1082 1527 quomodolibet
1104 1484 1168 1516 ha—

465 1534 562 1566 bitum
587 1532 742 1576 reliqt‘onis
764 1532 997 1570 dimittentibus,
1022 1545 1058 1565 ac
1078 1540 1167 1566 extra

466 1593 591 1614 suorum
623 1581 767 1614 ordinum
794 1581 932 1614 claustra
953 1582 1164 1625 euuyantt'bus,

467 1631 560 1675 deque
609 1631 782 1662 eorumdem
819 1631 1099 1672 animadversione,
1134 1642 1170 1662 ac

465 1680 674 1723 praelatorum
699 1679 844 1722 facultate
871 1679 1049 1711 absolvendi
1066 1680 1171 1723 resipi-

468 1735 576 1761 scentes
602 1729 641 1761 ab
674 1727 995 1766 excomnmm'catione,
1029 1735 1054 1760 et
1081 1740 1171 1772 super

470 1777 698 1821 irregularitate
725 1777 922 1820 dispensandi
947 1777 1066 1810 ratione
1092 1788 1172 1821 apo-

471 1828 582 1860 stasiae
607 1828 662 1870 (t).

689 1903 903 1934 SUMMARIUM

422 1971 611 2002 Prooemium.
625 1988 664 1994 —
680 1972 706 2001 1.
719 1971 777 2000 Hac
793 1972 1001 2001 constitutione
1017 1971 1173 2000 consulere

463 2025 493 2045 se
519 2015 594 2045 velle
617 2016 657 2045 ait
679 2015 810 2044 Pontifex
827 2015 1014 2053 regularibus
1033 2024 1173 2044 asseren-

464 2060 541 2089 tibus
558 2069 589 2089 se
605 2060 634 2089 in
651 2059 789 2089 claustris
806 2068 978 2098 permanere
995 2068 1052 2087 non
1078 2068 1174 2097 posse.

463 2121 501 2126 -
527 2104 555 2133 2.
579 2104 725 2143 Praecipit
746 2104 884 2143 praelatis
903 2103 1049 2138 ordinum,
1069 2108 1100 2132 ut
1126 2112 1174 2131 re-

465 2149 584 2186 gulares
610 2153 758 2187 apostatas
785 2148 829 2177 vel
859 2152 996 2185 vagantes
1025 2148 1177 2186 inquirant

466 2197 494 2222 et
515 2193 550 2222 ad
567 2192 739 2231 religionem
761 2193 912 2222 reducant:
927 2208 966 2213 —
981 2192 1008 2221 3.
1032 2191 1174 2221 Reniten-

466 2241 509 2266 tes
528 2245 594 2266 vero
617 2237 780 2266 secundum
798 2237 853 2266 loci
872 2236 1110 2266 circumstantias
1134 2236 1178 2265 di-

466 2281 633 2310 versimode
649 2285 755 2318 cogant
778 2281 812 2310 ad
843 2281 931 2310 idem.
959 2297 998 2302 —
1015 2281 1043 2310 4.
1066 2280 1179 2317 Rogent

467 2334 585 2364 quoque
618 2325 783 2363 regulares,
810 2325 860 2364 qui
884 2325 919 2354 ab
943 2334 1001 2354 uno
1024 2325 1059 2353 ad
1089 2324 1177 2353 alium

469 2369 612 2406 ordinem,
631 2370 795 2399 inconsulta
811 2370 885 2399 Sede
896 2368 1075 2407 Apostolica‚
1087 2373 1180 2397 trans-

469 2414 576 2450 ierunt,
599 2414 726 2453 primum
747 2423 898 2443 assumere
922 2413 1065 2443 habitum.
1091 2430 1129 2434 —
1154 2413 1180 2441 5.

470 2459 625 2497 Apostatas
644 2467 711 2488 vero
734 2458 945 2497 resipiscentes
969 2457 1100 2495 recipere
1120 2466 1182 2486 om—

469 2503 539 2532 nino
568 2507 731 2532 teneantur.
755 2520 792 2524 —
823 2503 850 2532 6.
882 2502 922 2531 Ex
944 2501 1180 2531 Mendicantibus

469 2556 546 2584 vero,
564 2548 615 2586 qui
637 2548 667 2577 in
687 2547 790 2586 primis
814 2547 886 2576 locis
910 2547 1001 2584 recipi
1022 2550 1182 2584 nequeunt,

471 2591 542 2621 alibi
558 2592 746 2631 recipiantur.
764 2608 803 2612 —
822 2592 846 2620 7.
868 2591 962 2620 l'oena
983 2599 1048 2619 vero
1067 2590 1110 2619 eis
1130 2591 1184 2619 im-

468 2653 507 2689 (Ι)
523 2653 561 2680 Ex
579 2653 684 2689 Regest.
703 2653 727 2679 in
746 2652 855 2680 Arcbiv.
876 2652 960 2679 Vatic.

995 279 1095 302 BULLA
1101 279 1182 302 nttJM
1206 277 1366 300 Romnum

1964 276 2004 302 An
2032 275 2059 302 C.
2081 274 2146 302 ¹555

1240 331 1409 361 minuenda.
1434 347 1470 352 —-
1499 330 1527 359 8.
1557 328 1698 359 Praelatis
1731 329 1795 359 data
1827 329 1950 360 facultas

1240 385 1290 405 eos
1308 386 1321 405 a
1341 374 1475 404 censuris
1498 372 1669 403 absolvendi
1689 382 1755 402 cum
1774 373 1876 413 eisque
1893 373 1951 403 dis-

1241 419 1383 459 pensandi
1412 427 1502 456 super
1533 416 1761 454 irregularitate,
1789 421 1838 446 etc.
1860 435 1898 439 —
1924 419 1951 447 9.

1239 463 1424 493 Obstantium
1455 461 1614 499 derogatio.
1636 477 1675 483 -
1699 461 1745 491 10.
1778 460 1950 491 Petentibus

1240 508 1341 538 literae
1365 507 1540 546 apostolicae
1563 505 1780 535 concedendae.

1245 591 1405 620 Benedictus
1420 590 1562 626 opiscopus
1576 595 1671 617 servus
1694 595 1833 617 servorum
1851 588 1907 620 Dei.

1357 641 1391 668 ad
1410 639 1538 668 suturam
1568 638 1609 666 rei
1627 638 1796 666 memoriam.

1251 721 1362 755 Pastor
1402 719 1514 757 bonus,
1551 718 1697 763 diligens,
1732 729 1887 764 operosus
1922 726 1952 752 et

1993 729 2124 750 Pruoemtum.

1204 769 1343 816 pervigil,
1372 780 1445 802 oves
1471 780 1544 802 suas
1563 766 1755 801 errabundas
1777 775 1806 800 et
1833 766 1953 811 devias,

1204 831 1241 853 ne
1274 818 1451 852 lacerentur
1487 824 1517 850 et
1555 816 1745 851 devorentur
1780 816 1899 862 lupinis
1938 828 1952 850 a

1204 867 1371 906 morsibus,
1394 866 1432 901 ad
1462 865 1583 899 caulam
1607 864 1758 900 reducere
1792 873 1955 911 satagenS,

1203 916 1336 951 sollicite
1358 924 1388 949 ct
1413 914 1696 961 prudentcrsuper
1718 914 1804 953 illas,
1828 922 1859 948 et
1880 914 1955 948 alias

1203 977 1279 999 suae
1301 964 1463 998 custodiae
1485 963 1665 1010 deputatas,
1684 963 1818 997 instituit
1832 962 1956 997 studio-

1205 1027 1256 1048 sas
1288 1013 1448 1052 cxciibias,
1484 1012 1542 1046 sibi
1570 1020 1599 1046 et
1622 1012 1669 1046 eis
1695 1012 1904 1058 spiritualiter
1927 1020 1957 1046 et

1206 1063 1421 1108 temporaliter
1442 1060 1603 1095 salutares.
1627 1060 1682 1095 Sic
1708 1073 1783 1106 ergo
1805 1073 1873 1100 nos,
1889 1061 1957 1106 qui,

1205 1111 1323 1146 coelesti
1360 1111 1549 1156 disponente
1583 1109 1725 1148 Pastore,
1763 1121 1956 1156 quamquam

1207 1160 1365 1200 immeriti,
1384 1159 1546 1193 constituti
1562 1170 1673 1192 sumus
1686 1158 1716 1191 in
1733 1157 1858 1192 Summi
1871 1158 1957 1192 Pon—

1208 1210 1292 1244 tificii
1315 1208 1456 1255 specula,
1471 1217 1501 1242 et
1514 1208 1642 1242 Domini
1667 1208 1763 1241 nostri
1781 1207 1850 1241 lesu
1869 1206 1958 1242 Chri-

1206 1258 1244 1292 sti
1273 1258 1439 1292 vicariatus
1461 1257 1597 1291 ossicium
1621 1264 1802 1290 exercentes
1834 1255 1959 1291 ferven-

1208 1315 1254 1341 ter
1282 1307 1310 1341 in
1336 1307 1414 1341 votis
1435 1307 1585 1353 gerimus,
1613 1313 1643 1339 et
1665 1314 1822 1351 quatenus
1843 1305 1960 1339 divinis

1209 1356 1415 1403 beneplacitis
1452 1355 1620 1390 convenire
1650 1354 1855 1401 percipimus,
1891 1362 1960 1389 stu—

1208 1405 1295 1440 dium
1333 1405 1523 1451 apponimus
1558 1403 1780 1438 sollicitudinis
1813 1403 1959 1448 efficacis,

1210 1465 1242 1490 ut
1265 1456 1370 1489 cuncti
1408 1465 1468 1489 tam
1496 1462 1631 1488 aeternac
1656 1453 1828 1487 maiestatis
1866 1453 1961 1488 obse-

1209 1505 1291 1552 quiis
1323 1504 1382 1537 sub
1410 1503 1542 1548 regulari
1579 1502 1776 1536 observantia
1812 1501 1961 1546 dedicati,

1209 1566 1302 1601 quam
1331 1553 1445 1587 caeteri
1467 1551 1665 1586 christicolae
1702 1551 1790 1585 deliri
1814 1563 1829 1584 a
1853 1563 1961 1586 norma

1212 1602 1408 1637 rectitudinis
1430 1610 1459 1636 et
1482 1601 1606 1635 tramite
1629 1600 1758 1635 rationis
1785 1599 1822 1634 ad
1851 1612 1963 1634 recon-

1211 1651 1378 1686 ciliationis
1406 1651 1473 1685 Deo
1500 1660 1605 1696 gratae
1631 1649 1761 1696 gratiam
1791 1649 1965 1684 admittan-

1212 1710 1272 1745 tur,
1305 1710 1333 1734 et
1362 1701 1398 1734 ad
1427 1713 1494 1734 eam
1519 1699 1657 1734 redeant.
1682 1711 1720 1732 ne
1744 1707 1883 1745 pereant,
1907 1699 1963 1733 sed

1212 1751 1382 1784 salventur.

1261 1800 1281 1846 g
1311 1802 1341 1833 1.
1369 1799 1453 1833 Sane
1480 1798 1517 1832 ad
1540 1796 1735 1844 apostolatus
1768 1796 1865 1831 nostri
1903 1809 1964 1831 uon
1993 1808 2034 1828 11.oe
2058 1811 2163 1828 consinu-

1213 1849 1280 1884 sine
1303 1847 1431 1883 mentali
1455 1847 1597 1882 molestia
1621 1846 1681 1880 iam
1704 1846 1824 1880 dudum
1849 1845 1965 1892 perdu-
1981 1839 2164 1860 ¹¹⁰⁰⁸⁰⁰¹³⁵¹¹¹⁶¹⁰

1981 1876 2023 1890 sev
2039 1870 2066 1890 tte
2076 1869 2166 1890 aitP0n>

1214 1907 1264 1933 cto
1302 1898 1457 1935 notitiam,
1484 1896 1567 1944 quod
1597 1895 1752 1936 nonnulli,
1789 1895 1967 1930 stabilitatis
1981 1876 2036 1921 “¹21⁹
2061 1901 2165 1927 regulari-

1214 1960 1289 1983 suae
1309 1947 1514 1994 professionis
1537 1945 1649 1979 violato
1678 1945 1851 1991 proposito,
1874 1956 1968 1990 regu·
1981 1932 2020 1983 {1:¹1⁵-
2036 1935 2167 1983 ξὲῗῒῖἶᾞξ.

1216 1998 1310 2031 larem
1334 1996 1474 2031 babitum
1503 2004 1621 2029 temere
1639 1994 1846 2037 dimittentes,
1868 2006 1904 2028 ac
1930 1993 1969 2028 de
1983 1995 2165 2045 ⁵¹¹⁴⁵¹³2s¹¹¹⁰³¹¹²¹⁸

1216 2046 1348 2080 diversis
1375 2044 1484 2079 mundi
1515 2043 1654 2091 partibus
1675 2043 1712 2077 ad
1740 2042 1858 2077 Sedem
1882 2042 1971 2089 Apo·
1984 2032 2025 2045 ⁰⁰⁰
2042 2031 2053 2051 Ρ
2071 2031 2091 2045 ⁵⁵
2109 2038 2113 2044 ⁹

1217 2095 1358 2129 stolii-am
1405 2094 1619 2132 confluentes,
1657 2102 1684 2126 et
1729 2091 1971 2138 praetendentes

1219 2145 1310 2178 variis
1343 2143 1502 2177 coloribus
1532 2151 1561 2176 et
1596 2141 1754 2187 figmentis
1793 2141 1971 2188 exquisitis,

1218 2206 1251 2228 se
1281 2194 1311 2227 in
1339 2193 1406 2227 suis
1439 2192 1582 2225 claustris
1610 2199 1639 2225 et
1669 2190 1875 2236 religionibus
1909 2202 1970 2224 nou

1221 2255 1311 2289 posse
1333 2240 1500 2276 commode
1524 2252 1725 2287 permanere;
1750 2252 1817 2279 nos,
1839 2240 1878 2274 de
1900 2251 1974 2286 apo-

1220 2293 1347 2326 stolicae
1377 2291 1498 2337 pietatis
1521 2289 1712 2324 abundantia
1744 2289 1851 2323 talium
1888 2289 1973 2335 peri-

1221 2341 1300 2375 culis
1327 2341 1500 2374 animarum
1533 2351 1699 2373 occurrere
1726 2338 1973 2373 desiderabiliter

1221 2390 1412 2428 affectante&
1447 2397 1475 2422 et
1504 2396 1538 2422 ut
1561 2387 1740 2422 huiusmodi
1770 2387 1923 2432 religiosis
1944 2399 1974 2421 a·

1224 2439 1411 2485 postatandi,
1436 2447 1465 2471 et
1494 2448 1578 2472 extra
1611 2437 1791 2483 religiones,
1814 2436 1973 2480 ecclesias,

1226 2489 1425 2530 monasteria,
1448 2500 1500 2521 seu
1522 2488 1578 2521 alia
1599 2487 1664 2520 loca
1687 2486 1833 2520 ordinum
1852 2497 1974 2520 eorum-

1224 2538 1294 2571 dem
1319 2537 1448 2583 vagandi
1474 2536 1600 2570 materia
1632 2536 1836 2582 imposterum
1859 2547 1975 2582 ampu—

1225 2595 1321 2626 tetur,
1347 2587 1468 2633 ipsique
1491 2593 1660 2632 apostatae,
1684 2585 1730 2618 vol
1747 2585 1800 2631 qui
1824 2585 1883 2618 iam
1903 2596 1974 2631 per-

1228 2637 1338 2670 niuoso
1362 2643 1512 2682 vagantur
1531 2647 1585 2683 per
1608 2634 1781 2670 saccutum.
1803 2633 1842 2669 ab
1864 2645 1973 2669 eorum
