2274 3265
117 270 163 296 An,
184 269 210 295 C.
224 269 298 294 -1‘297

130 379 183 399 Nova
222 380 297 399 trit-uta

116 412 216 432 Erclestts
257 418 296 431 non

116 445 239 471 imponenda

127 1379 174 1400 lura
189 1383 209 1400 et
224 1381 297 1400 lauda-

114 1412 166 1432 biles
181 1415 297 1432 eonsuetu-

114 1444 174 1464 dines
215 1444 295 1463 servari

113 1475 200 1495 dehent.

130 2130 217 2151 Obsides
228 2130 300 2151 aoma-

117 2164 137 2182 ni
154 2162 256 2183 liberandi

134 2628 212 2650 Foedus
230 2632 302 2649 eontra

121 2660 169 2681 Rom
187 2660 303 2680 Ecclesiam

120 2698 161 2712 non
179 2691 302 2712 feriendum,

906 270 1095 291 nostFAtlttts
1119 270 1175 291 Vlll
1202 270 1248 291 t‘t‘.

361 324 382 372 g
414 326 465 358 tt.
502 324 610 360 Nullas
638 325 764 372 iusuper
814 332 844 357 tu
881 331 932 357 aut
962 323 1062 370 quivis

312 375 391 410 alius
413 381 487 409 tuus
510 374 540 408 in
565 387 660 421 regno
682 374 846 409 Sardiniae
868 380 897 407 et
913 373 1060 408 Corsicae

313 425 423 459 haeres
446 424 546 459 tallias
568 425 737 472 imponetis
762 423 927 463 Ecclesiis,
951 435 1061 457 mona-

312 474 426 514 steriis,
447 474 568 509 clericis
595 483 624 509 et
647 474 719 508 viris
749 472 981 517 ecciesiasticis,
1016 472 1060 507 vel

314 524 407 558 rebus
429 536 484 558 seu
508 523 646 559 vassallis
661 535 789 564 eorum;
808 530 837 557 et
856 522 884 556 in
911 521 1061 557 Ecclesiis

314 573 494 609 vacantibus
517 581 560 614 tu,
584 573 628 608 vel
653 572 696 608 tui
725 572 754 606 in
785 572 942 618 praedicto
965 584 1061 619 regno

314 623 464 659 baeredes
480 623 564 658 nulla
580 621 735 657 habebitis
752 623 875 668 regalia,
893 621 1061 669 nullosque

314 673 445 717 fructus,
462 672 603 708 redditus
614 680 643 706 et
660 680 838 719 proventus,
853 671 954 707 nullas
969 673 1060 707 etiam

314 723 531 763 obventiones,
553 734 588 757 ac
612 722 694 756 nulla
719 733 847 768 prorsus
874 721 931 756 alia
961 721 1062 768 perci-

316 772 405 820 pietis
431 784 472 807 ex
501 772 565 812 eis3
598 771 804 806 nihilominus
840 771 980 806 custodia
1009 783 1063 805 ea-

314 821 457 856 rumdem
480 821 705 862 Ecclesiarum,
724 821 836 855 iurium
857 829 887 856 et
907 821 1061 856 bonorum

315 873 451 918 ipsarum
486 871 610 906 interim
638 871 732 906 libera
762 878 941 906 remanente
968 883 1064 917 penes

314 933 461 968 personas
503 921 733 957 ecclesiasticas
775 921 858 955 iuxta
897 920 1063 956 canonicas

312 971 506 1012 sanctiones3
539 971 631 1006 salvis
660 971 713 1005 tibi
737 970 890 1017 dictisque
918 970 1064 1005 baeredi-

312 1020 369 1055 bus
392 1020 440 1062 iis,
455 1033 535 1068 quae
557 1020 611 1055 tibi
629 1021 673 1054 vel
697 1020 752 1061 eis,
768 1027 915 1068 tanquam
936 1020 1000 1067 regi
1017 1020 1062 1055 vel

310 1070 439 1105 domino
467 1070 645 1118 temporali,
672 1078 889 1116 competerent
911 1083 949 1105 ex
972 1082 1064 1117 prae—

311 1119 481 1167 scriptione
503 1120 651 1167 legitima,
674 1118 907 1154 consuetudine
934 1120 1062 1166 antiqua

311 1176 341 1204 et
374 1170 562 1211 rationabili,
605 1169 776 1217 privilegiis
812 1169 975 1216 legitimis,
1010 1178 1064 1204 aut

312 1219 387 1254 alias
403 1219 442 1254 de
468 1220 548 1265 iure,
575 1219 691 1266 quibus
720 1220 785 1253 iura
814 1219 918 1254 divina
942 1219 989 1254 vel
1017 1231 1064 1253 ca-

313 1269 424 1304 noniea
453 1281 513 1304 nen
542 1269 705 1304 obsistant.
822 1270 824 1272 ’

360 1318 380 1365 S
411 1321 463 1352 12.
493 1318 617 1353 ludices
645 1330 728 1360 vero,
752 1318 882 1353 comites
910 1328 940 1353 et
974 1317 1065 1352 baro-

313 1379 379 1407 nes,
403 1368 518 1404 milites
539 1377 568 1403 et
591 1380 744 1415 personae
760 1376 897 1403 caeterae
917 1367 1065 1403 saecula-

312 1429 362 1452 res
398 1419 483 1464 regni
520 1418 662 1453 eiusdem
701 1427 760 1453 tam
800 1430 931 1465 maguae
970 1430 1064 1465 quam

313 1479 424 1513 parvae
448 1468 478 1502 in
503 1468 569 1503 suis
593 1468 695 1512 bonis,
720 1467 854 1507 iuribuS,
876 1467 1065 1503 rationabili-

313 1516 371 1551 bus
383 1526 413 1553 et
427 1517 637 1552 laudabilibus
650 1517 933 1552 consuetudinibus
960 1529 1066 1552 serva-

312 1567 498 1602 buntur:et
527 1575 588 1602 tam
625 1575 669 1607 tu,
706 1580 799 1615 quam
837 1568 880 1602 tui
915 1568 943 1601 iu
981 1579 1068 1615 prae-

312 1616 397 1652 dicto
421 1629 517 1664 regno
545 1617 698 1653 haeredes
732 1630 786 1665 per
815 1629 868 1652 vos
897 1618 940 1652 vel
969 1618 1065 1652 alium

312 1678 366 1701 seu
390 1667 466 1702 alios
488 1667 678 1703 exercebitis
706 1668 844 1714 regimen
873 1667 947 1702 dicti
978 1667 1066 1713 regni

312 1717 485 1752 secundum
525 1718 590 1752 iura
625 1717 739 1761 civilia,
772 1717 887 1764 quibus
916 1718 1066 1752 canonica

313 1767 453 1802 instituta
477 1780 538 1802 non
566 1768 704 1811 obviant,
728 1775 757 1802 et
788 1767 962 1802 laudabiles
990 1779 1068 1801 cou-

313 1817 516 1859 suetudines3
552 1818 645 1854 salvis
674 1818 883 1866 regiminibus
915 1818 1068 1854 Ecclesia-

314 1881 394 1910 rutn,
426 1869 472 1904 vel
500 1870 709 1905 saecularium
739 1882 945 1917 personarum
979 1882 1068 1904 cout-

316 1920 495 1967 petentibus
528 1921 573 1955 eis
595 1920 633 1955 de
660 1920 832 1967 approbata
861 1929 891 1954 et
920 1920 1066 1955 laudabili

314 1970 564 2011 cousuetudine,
601 1970 771 2018 privilegiis
810 1970 977 2015 legitimis,
1016 1978 1069 2005 aut

314 2021 390 2056 alias
412 2021 450 2055 de
474 2021 551 2055 iure.

363 2071 383 2118 g
408 2074 462 2106 13.
482 2070 603 2105 Omnes
617 2071 756 2118 captivos
774 2078 803 2105 et
822 2071 961 2114 obsides,
984 2083 1069 2119 prae-

314 2122 422 2156 sertim
461 2133 623 2164 romanos,
658 2129 687 2155 et
722 2121 800 2155 alios
832 2121 869 2155 de
904 2129 984 2156 terra
1013 2120 1070 2155 Ec-

315 2171 428 2206 clesiae
463 2171 633 2215 oriundos,
675 2172 699 2205 si
739 2183 818 2218 quos
856 2179 905 2215 tu,
947 2171 990 2206 vel
1025 2171 1067 2205 tui

316 2222 344 2255 in
373 2221 457 2256 dicto
495 2233 591 2267 regno
629 2220 781 2256 haeredes
817 2228 975 2268 tempore,
1005 2233 1069 2268 quo

315 2271 484 2318 acquiretis
521 2271 640 2305 dictum
675 2284 804 2317 regnum
841 2271 1004 2306 Sardiniae
1039 2279 1069 2306 et

315 2320 475 2361 Corsicae,
499 2320 666 2356 invenietis
695 2321 724 2355 in
748 2334 796 2360 eo,
824 2321 861 2355 ad
887 2321 1068 2356 mandatum

316 2370 448 2406 Romani
478 2370 640 2406 Pontifici<
681 2384 735 2405 seu
772 2370 934 2406 Romanae
962 2371 1069 2406 Eccle-

315 2421 378 2455 siae
401 2420 574 2456 restituetis
604 2421 751 2468 pristinae
775 2421 927 2461 libertati,
957 2421 1001 2455 vel
1032 2421 1070 2455 de

316 2471 361 2505 eis
388 2470 519 2510 facietis,
551 2471 633 2518 quod
667 2471 772 2505 dictus
799 2470 961 2506 Romanus
986 2471 1070 2505 Pon-

317 2520 391 2555 tifex
428 2520 473 2555 vel
502 2520 642 2556 Romana
666 2521 807 2556 Ecclesia
831 2521 1032 2555 ordinabunt.

366 2569 386 2617 g
414 2573 469 2605 14.
496 2570 619 2606 Nullam
643 2572 735 2607 etiam
759 2570 1068 2606 confoederationem

318 2632 372 2655 seu
401 2621 595 2667 pactionem,
625 2623 669 2656 vel
696 2622 876 2656 societatem
905 2633 976 2655 curn
1012 2620 1070 2655 ali-

319 2682 381 2717 quo
405 2671 608 2718 imperatore,
639 2671 684 2705 vel
718 2683 808 2717 rege,
833 2683 886 2705 seu
916 2670 1069 2717 principe,

1736 264 1795 293 l‘il

1106 324 1150 358 vel
1191 324 1307 359 barone
1341 324 1510 360 christiano
1554 327 1597 361 vel
1634 339 1766 373 graeco,
1803 336 1854 362 aut

1103 376 1270 412 saraceno,
1301 374 1345 409 vel
1369 386 1439 409 cum
1471 375 1574 423 aliqua
1599 377 1769 423 provincia,
1798 389 1854 411 seu

1104 423 1247 467 civitate,
1270 423 1315 457 vel
1339 425 1582 469 communitate,
1608 434 1661 460 aut
1696 426 1766 461 loco
1798 427 1855 461 ali-

1104 485 1166 520 quo
1201 485 1257 507 seu
1295 474 1456 520 personis,
1483 475 1618 510 scienter
1645 485 1751 511 contra
1791 475 1856 511 Ro-

1105 534 1228 557 manam
1262 522 1435 557 Ecclesiam
1460 530 1508 568 tu,
1536 524 1581 558 vel
1609 525 1652 558 tui
1687 526 1716 559 in
1745 526 1854 561 eodem

1105 584 1202 618 regno
1242 571 1392 607 haeredes
1432 573 1461 606 in
1503 572 1653 608 damnum
1695 575 1855 610 Ecclesiae

1105 621 1240 657 facietis:
1270 630 1311 666 et,
1333 622 1358 656 si
1382 622 1476 656 etiarn
1507 622 1642 658 feceritis
1665 624 1855 670 ignoranter.

1106 671 1273 706 teneamini
1310 671 1346 705 ad
1377 672 1559 708 mandatum
1584 672 1716 708 Romani
1746 673 1857 709 Ponti-

1106 721 1173 755 licis
1222 734 1277 756 scu
1312 720 1473 756 Romanae
1505 721 1664 757 Ecclesiae
1700 735 1854 759 revocare.

1104 771 1143 805 Et
1178 780 1239 805 tam
1276 778 1321 814 tu,
1354 783 1448 818 quain
1478 772 1521 806 tui
1557 772 1585 806 iu
1620 772 1730 807 eodem
1762 785 1856 820 regno

1105 820 1256 855 haeredes
1277 820 1396 855 amicos
1415 828 1445 855 et
1467 821 1597 856 devotos
1619 821 1779 857 Ecclesiae
1801 824 1857 857 lia—

1106 869 1219 905 bebitis
1249 882 1304 917 pro
1326 870 1436 905 amieis
1458 879 1487 904 et
1511 883 1565 917 pro
1588 870 1723 906 devotis:
1748 879 1778 906 et
1803 873 1858 907 ini-

1106 920 1203 955 micos
1218 928 1248 954 et
1265 919 1428 955 indevotos
1444 920 1602 956 Ecclesiae
1624 932 1680 968 pro
1703 924 1747 964 (l)
1767 922 1858 957 inde-

1106 970 1184 1004 votis
1213 969 1387 1010 liabebitis;
1412 982 1469 1005 nec
1497 970 1609 1005 emulis
1635 983 1691 1005 seu
1717 971 1856 1006 inimicis

1106 1019 1266 1054 Ecclesiae
1288 1019 1439 1054 auxilium
1463 1019 1588 1065 dabitis,
1610 1020 1775 1055 consilium
1813 1022 1856 1057 vel

1107 1069 1256 1104 favorem.
1855 1084 1858 1087 ’

1155 1119 1175 1165 g
1204 1120 1260 1153 15.
1287 1118 1318 1153 ln
1342 1118 1427 1154 Urbe
1450 1118 1597 1166 urbisque
1619 1119 1776 1161 districtu,
1804 1132 1858 1155 seu

1108 1182 1137 1202 in
1162 1177 1384 1216 circumposita
1412 1169 1559 1215 regione,
1589 1178 1642 1204 aut
1670 1170 1699 1203 in
1724 1170 1859 1216 provin-—

1106 1218 1173 1259 ciis,
1195 1217 1384 1259 civitatibus,
1415 1218 1521 1263 terris,
1548 1231 1602 1253 seu
1632 1218 1708 1254 loeis
1741 1219 1859 1255 Roma·

1108 1280 1166 1302 nae
1187 1268 1348 1303 Ecclesiae
1371 1267 1530 1309 subiectis,
1550 1280 1611 1303 non
1635 1268 1793 1316 recipietis
1813 1269 1858 1304 vel

1107 1318 1276 1353 assumetis
1307 1326 1360 1352 aut
1386 1318 1555 1365 acquiretis
1583 1317 1775 1359 dominium,
1811 1331 1860 1354 re-

1106 1368 1226 1414 gimen,
1248 1380 1303 1403 seu
1330 1369 1460 1403 rectoris
1482 1368 1632 1409 officium,
1658 1380 1860 1415 quocumque

1108 1418 1236 1452 nomine
1270 1425 1451 1453 censeatur:
1489 1430 1546 1453 uec
1581 1417 1620 1452 de
1654 1419 1859 1465 occupandis,

1109 1467 1155 1502 vel
1176 1466 1378 1515 recipiendis,
1400 1475 1454 1503 aut
1477 1467 1653 1515 capiendis,
1676 1467 1721 1502 vel
1749 1467 1860 1502 subiu-

1108 1517 1221 1563 gandis
1240 1517 1377 1558 eisdem,
1398 1530 1453 1553 seu
1476 1517 1546 1553 aliis
1568 1517 1659 1552 bonis
1683 1525 1714 1553 et
1740 1517 1862 1552 iuribus

1109 1567 1250 1602 eiusdem
1280 1566 1441 1602 Ecclesiae
1469 1574 1501 1601 tu
1542 1576 1572 1602 et
1607 1567 1709 1614 quivis
1736 1574 1860 1602 tuorum

1109 1617 1280 1652 haeredum
1323 1617 1536 1652 intromittetis
1566 1629 1619 1652 vos
1655 1616 1779 1664 publice
1814 1616 1861 1653 vel

1109 1667 1242 1706 occulte,
1266 1667 1418 1702 scienter:
1440 1667 1524 1715 quod
1547 1668 1573 1702 si
1597 1674 1704 1702 contra
1727 1666 1861 1702 feceritis

1110 1717 1307 1763 ignoranter,
1336 1726 1366 1752 et
1389 1717 1495 1752 moniti
1534 1717 1571 1752 ab
1611 1716 1676 1764 ipsa
1710 1717 1861 1756 Ecclesia.

1111 1780 1172 1803 non
1201 1768 1396 1813 destiteritis,
1419 1768 1538 1804 cadetis
1559 1780 1575 1803 a
1599 1768 1664 1802 iure
1682 1767 1755 1802 dicti
1776 1769 1861 1814 regni

1109 1819 1277 1854 Sardiniae
1307 1827 1338 1854 et
1361 1819 1509 1855 Corsicae
1538 1819 1605 1866 ipso
1633 1818 1730 1859 facto;
1755 1826 1784 1853 et
1806 1818 1864 1852 eri'-

1113 1870 1149 1904 tis
1178 1869 1229 1904 illo
1253 1870 1380 1917 privati;
1402 1879 1432 1905 et
1455 1882 1585 1915 regnum
1610 1869 1712 1916 ipsum
1737 1868 1772 1903 ad
1798 1867 1861 1902 Ro-

1112 1932 1234 1955 manam
1264 1920 1437 1955 Ecclesiam
1464 1920 1561 1955 libere
1588 1918 1777 1954 devolvatur.

1160 1972 1180 2018 g
1209 1972 1264 2004 16.
1299 1970 1391 2012 Quod
1427 1970 1450 2004 si
1480 1970 1559 2005 forte
1596 1969 1785 2016 contigeret,
1821 1977 1861 2013 te,

1113 2021 1157 2055 vel
1200 2020 1349 2055 haeredes
1387 2028 1456 2055 tuos
1494 2019 1522 2054 in
1566 2018 1725 2066 praedicto
1765 2031 1862 2065 regno

1112 2070 1276 2106 Sardiniae
1299 2077 1329 2104 et
1351 2069 1499 2104 Corsicae
1526 2081 1737 2108 successores,
1757 2068 1786 2102 in
1811 2081 1862 2103 re-

1111 2133 1181 2167 gem
1217 2120 1263 2154 vel
1298 2120 1518 2167 imperatorem
1552 2119 1779 2161 Romanorum,
1806 2130 1860 2152 seu

1112 2183 1216 2217 regem
1232 2170 1429 2205 Tlteutoniae
1444 2170 1516 2215 eligi
1534 2169 1580 2202 vel
1596 2167 1725 2208 assumi,
1744 2167 1862 2202 electus

1112 2222 1158 2255 vel
1181 2229 1363 2267 assumptus
1380 2219 1466 2254 nullo
1487 2218 1580 2253 modo
1595 2218 1712 2253 dictum
1732 2229 1860 2263 regnum

1111 2270 1274 2305 Sardiniae
1296 2277 1327 2304 et
1349 2268 1495 2304 Corsicae
1519 2280 1588 2302 curn
1614 2267 1705 2302 dictis
1730 2267 1861 2314 imperio

1112 2328 1142 2355 et
1171 2319 1320 2367 regimine
1354 2318 1454 2354 valeas
1483 2317 1528 2353 vel
1563 2317 1683 2352 valeant
1710 2317 1859 2352 retinere:

1111 2378 1141 2405 et
1169 2370 1193 2405 si
1218 2368 1326 2404 moniti
1354 2368 1392 2403 ab
1420 2368 1485 2415 ipsa
1513 2367 1664 2411 Ecclesia,
1692 2365 1775 2402 dicta
1803 2366 1861 2401 im-

1113 2421 1235 2468 perium
1259 2427 1289 2453 et
1311 2430 1406 2464 regna
1433 2418 1648 2452 Romanorum
1671 2428 1726 2451 seu
1748 2416 1860 2451 Theu—

1113 2469 1215 2504 toniae
1239 2481 1299 2503 nou
1324 2467 1516 2512 dimiseritis,
1547 2478 1562 2501 a
1586 2467 1653 2501 iure
1675 2465 1749 2501 dicti
1775 2466 1860 2512 regni

1112 2519 1275 2555 Sardiniae
1304 2527 1333 2553 et
1356 2516 1503 2552 Corsicae
1534 2517 1601 2563 ipso
1630 2516 1710 2551 facto
1743 2515 1860 2551 cadatis

1112 2583 1147 2604 ex
1172 2577 1254 2609 toto,
1276 2580 1311 2603 ac
1336 2579 1465 2614 regnum
1495 2567 1596 2613 ipsum
1619 2565 1655 2601 ad
1684 2564 1859 2601 Romanam

1112 2618 1286 2654 Ecclesiam
1320 2617 1416 2651 libere
1452 2615 1650 2651 devolvatur:
1686 2615 1746 2650 nisi
1782 2615 1860 2650 forte

1146 2681 1184 2715 (1)
1202 2679 1358 2706 Addendum
1376 2679 1463 2705 forsan
1483 2679 1595 2704 inimicis
1615 2681 1648 2703 et.

1869 271 1916 297 Λη.
1937 270 1963 297 (ἶ,
1983 270 2049 295 ΊΞἺΠ

1887 1135 1908 1155 l'i
1938 1134 1991 1155 [ibe
2023 1140 2055 1156 tut

1874 1169 1918 1187 eius
1943 1173 2057 1193 provincii«

1874 1198 1929 1218 nulla
1940 1198 2057 1224 praetemu-

1875 1235 1896 1249 ,νει
1922 1230 2047 1249 alrntiinnia

1891 1978 1997 1999 Sardiniae
2011 1983 2058 1998 ·rex

1877 2009 1933 2029 Rom.
1977 2013 2058 2035 imperit

1877 2047 1913 2067 eps
1930 2040 2025 2061 exclusus
