2274 3265
105 245 154 271 An.
176 246 205 271 C.
223 247 287 272 istst}

928 250 944 271 t
949 250 964 271 Ι
969 248 1074 270 1³51th
1103 248 1132 269 t't
1164 248 1208 270 Ι“Ι“.

304 301 348 335 vel
367 301 502 348 privatae
528 315 692 349 personae
710 316 742 337 5ι
748 316 765 336 ιι
789 304 826 338 ad
855 304 983 338 eosdem
1003 316 1052 336 su-

302 363 356 397 per
381 363 435 384 eos
462 359 491 385 et
514 352 543 386 in
569 365 645 399 ipsis
672 365 706 385 ac
729 352 821 386 ιΙίιιι5·
849 352 1051 394 civitatibus,

301 400 411 436 castris
446 409 475 434 et
508 402 589 436 villis
615 401 753 448 aliquam
778 402 1051 443 iurisdietionem,

300 449 501 495 dominium⁷
536 451 772 506 capitancatum
816 465 870 486 sen
909 451 1052 498 ‹piamvis

300 499 391 533 aliam
417 500 685 546 ptweminontiam
710 500 877 546 pertinere.

349 549 369 594 Ε
391 552 423 583 ’3.
453 549 538 584 Etsi
568 562 648 596 quae
683 550 848 594 civitates,
876 558 974 584 eastra
1005 548 1050 584 vel

108 608 282 654 unm-'1'slc¹c··-·
301 598 367 633 loca
410 599 469 633 iam
510 599 549 633 de
575 600 655 633 sacto
677 598 714 633 ad
742 578 989 634 submissionem
1023 606 1053 632 et

299 648 552 694 suppositionem
590 647 749 694 aliquibus
789 648 967 684 civitatibus
1005 648 1051 681 vcl

301 697 429 742 privatis
457 697 600 743 personis
614 697 652 731 de
667 710 700 731 sc,
724 698 834 733 factam
851 697 1051 739 venditionis,

299 746 479 781 donationis
497 747 544 781 vel
562 747 702 781 cuiusvis
721 747 850 782 alterius
872 754 1052 782 contractus

299 795 404 829 colore
420 796 465 830 vel
478 796 566 830 titulo
582 807 814 842 processerunt,
830 797 893 840 illa,
908 796 1052 843 quamvis

298 844 336 878 de
365 844 433 877 iure
469 845 601 888 valeant,
624 856 781 892 qnatenus
808 847 845 880 de
869 847 949 880 facto
979 858 1052 891 pro-

297 903 473 938 cesserunt,
497 895 619 929 realiter
639 903 667 929 et
685 895 891 930 ellectu-aliter
906 894 1052 930 studeant

299 954 456 987 revocare,
486 956 543 977 nec
571 944 632 978 illis
656 957 804 990 uinquam
831 953 972 979 utantur:
995 956 1052 979 neo

299 992 409 1025 virtute
433 992 682 1027 submissionuin
699 993 880 1029 huiusmodi
902 993 947 1028 vel
964 993 1051 1032 alias,

299 1040 359 1074 illis
381 1041 498 1088 quibus
512 1043 623 1088 quovis
643 1043 733 1077 titulo
751 1043 797 1078 vel
812 1044 917 1077 colore
932 1054 966 1077 se
981 1042 1053 1076 sub-

298 1090 450 1134 miserint,
480 1091 636 1126 ullatenus
657 1091 817 1131 obediant,
848 1099 976 1139 pareant
1006 1092 1050 1126 vel

297 1139 488 1174 intendant:
523 1142 715 1176 contrarium
754 1142 902 1176 facientes
933 1140 1051 1175 directe

298 1188 342 1222 iel
368 1188 534 1229 indirecte,
557 1202 610 1236 per
633 1203 666 1225 se
696 1191 740 1224 vol
765 1190 853 1230 alios,
876 1200 938 1224 tam
963 1189 1004 1223 illi
1020 1198 1050 1224 et

295 1250 404 1272 eorum
433 1239 564 1284 singuli,
588 1241 641 1286 qui
671 1240 700 1273 in
725 1240 916 1282 civitatibus,
940 1239 1050 1273 eastris

295 1294 348 1321 aut
371 1287 450 1321 villis
483 1288 625 1323 eiusdem
658 1288 843 1323 Patrimonii
868 1289 913 1323 rel
940 1300 1048 1322 eorum

294 1335 411 1383 aliquo,
446 1337 628 1372 huiusmodi
658 1338 846 1378 dominium,
874 1337 1050 1384 superiori-

295 1393 400 1425 tatem,
424 1386 668 1432 capitaneatum‚
691 1386 944 1427 advocationem,
962 1386 1050 1420 iuris-

293 1434 465 1469 dietionem
502 1447 750 1483 quamcumque,
779 1435 1048 1483 praeeminentiam

293 1496 349 1518 seu
368 1484 610 1530 praesidentiam
627 1487 698 1520 siue
714 1486 837 1521 lieentia
855 1485 947 1520 Sedis
967 1484 1050 1531 Apo-

293 1533 420 1568 stolicae
443 1534 570 1580 speciali
596 1536 748 1582 recipient
776 1536 805 1569 in
834 1535 995 1574 futurum3
1019 1542 1049 1568 et

292 1583 345 1629 qui
370 1583 431 1617 iam
455 1596 490 1617 ex
514 1596 716 1631 quocumque
740 1593 902 1620 contractu
920 1583 966 1618 iel
990 1583 1050 1617 ob-

293 1632 442 1686 ligatione
464 1642 663 1680 receperunt,
687 1647 741 1669 seu
770 1634 880 1681 quavis
908 1645 1049 1688 usurpa-

292 1681 375 1716 tione
398 1682 638 1728 quomodolibet
662 1691 910 1730 occupaverunt,
927 1682 987 1716 nisi
1003 1682 1049 1717 sie

292 1739 416 1778 recepta
431 1740 461 1766 et
479 1741 630 1780 occupata
651 1733 728 1768 iufra
744 1733 878 1768 duorum
890 1732 1046 1766 mensium

291 1782 452 1828 spatium,
483 1790 650 1829 postquam
676 1795 825 1829 praeseus
862 1782 1048 1817 constitutio

291 1831 327 1865 ad
351 1844 462 1866 corum
481 1833 623 1867 notitiam
643 1833 832 1878 pervenerit³
857 1833 902 1866 vel
922 1845 976 1879 per
993 1843 1048 1865 eos

291 1882 426 1925 steterit,
449 1883 622 1927 quominus
646 1882 745 1916 valeat
769 1882 934 1928 pervenire
950 1909 958 1925 ,
988 1881 1048 1916 do-

293 1931 425 1964 minium
441 1944 495 1965 seu
511 1931 767 1977 praesidentiam,
781 1931 1047 1978 superioritatem

292 1980 525 2026 capitaneatum
542 2009 548 2020 ,
572 1980 831 2023 advocationem,
855 1980 1047 2015 iurisdietio—

293 2042 363 2064 nem
381 2042 618 2077 quamcumque
634 2042 688 2064 seu
708 2030 976 2077 praeemincutiam
994 2030 1049 2064 liu-

293 2079 430 2114 iusmodi
466 2079 591 2113 realiter
618 2079 795 2114 dimiserint
823 2093 894 2114 cum
919 2080 1047 2124 effectu,

293 2128 342 2162 illa
367 2128 454 2162 nullo
470 2141 618 2174 umquam
644 2137 785 2184 tempore.
808 2129 954 2176 absque
948 2130 1047 2184 ipsius

293 2177 384 2211 Sedis
407 2178 532 2212 lieentia
557 2179 770 2224 resumpturi:
799 2191 892 2225 quam
923 2178 977 2219 illi,
994 2180 1045 2225 qui

292 2240 325 2261 se
344 2226 561 2266 submiserint
585 2240 638 2261 seu
668 2227 873 2271 subiecerint,
898 2236 929 2261 ut
955 2240 1047 2274 prae—

293 2276 403 2319 fertur,
425 2276 518 2310 simili
544 2277 637 2311 modo
665 2278 895 2324 cuiusonmque
909 2277 1046 2324 dignit-1-

293 2327 354 2365 tis,
382 2335 504 2367 status,
539 2326 660 2361 ordinis
684 2327 729 2361 vel
757 2327 950 2361 conditionis
978 2328 1046 2362 exi-

292 2383 384 2414 stant,
408 2376 584 2421 singulares
611 2388 762 2421 personae
781 2377 966 2411 sententiam
990 2390 1046 2411 cx-

291 2425 589 2459 communieationis
608 2426 778 2465 incurrant,
794 2439 829 2460 ac
852 2435 950 2461 terrae
966 2426 1046 2473 ipso-

291 2486 373 2514 rum,
387 2474 580 2520 ubicumque
593 2475 940 2513 suerint,eeclesiastico
954 2476 1045 2511 inter-

291 2524 375 2558 dicto
391 2523 572 2558 subiaceant
588 2524 654 2571 ipso
669 2524 1045 2566 facto.Civitatesautein,

290 2581 388 2607 eastra
399 2581 428 2607 et
440 2573 541 2616 villae,
557 2586 637 2620 quae
654 2574 785 2608 inantea
802 2588 835 2608 se
849 2575 1045 2614 submittent,

291 2630 472 2670 supponent
492 2635 547 2657 seu
566 2623 748 2665 subiit-ient,
769 2633 798 2658 et
816 2637 895 2671 quae
911 2624 1046 2659 submis-

1736 241 1797 273 283

1093 303 1228 343 sionem,
1256 304 1505 349 suppositionem
1540 318 1595 339 seu
1620 305 1846 341 subiectionem

1095 352 1277 387 huiusmodi
1296 354 1457 399 recipient,
1470 367 1524 389 seu
1543 355 1783 401 quomodolibet
1799 369 1849 391 oc-

1093 401 1274 448 cupabunt,
1304 401 1446 437 civitates
1480 416 1625 450 quoque,
1665 413 1784 445 castra,
1818 415 1849 441 ct

1095 451 1160 485 loca
1189 463 1432 498 quaecumque,
1460 465 1542 499 «tuae
1582 465 1615 487 se
1649 453 1708 488 iam
1739 455 1849 500 quovis

1094 500 1200 534 coloro
1222 501 1267 535 vel
1293 500 1393 541 titulo,
1419 510 1450 535 ut
1479 502 1702 548 praemittitur,
1725 504 1849 538 submi-

1094 558 1203 584 sernnt
1231 557 1260 584 et
1287 550 1504 592 subiecerunt,
1531 563 1567 585 ac
1598 552 1742 587 civitates
1768 566 1848 600 quae

1093 598 1329 633 submissiones
1363 608 1392 634 et
1423 600 1637 636 subiectiones
1667 601 1847 637 huiusmodi

1095 656 1299 703 receperunt,
1319 649 1375 683 nisi
1401 649 1478 684 intra
1495 649 1689 696 praedictum
1710 651 1846 686 duorum

1095 698 1252 732 mensium
1276 698 1413 744 spatium
1443 699 1481 733 ab
1508 711 1593 733 omni
1616 700 1728 734 effectu
1744 701 1846 736 dictae

1093 747 1346 782 submissionis
1330 755 1360 782 et
1380 747 1588 783 subiectionis
1604 749 1727 784 realiter
1748 750 1847 785 desti-

1094 797 1199 840 terint,
1221 797 1299 843 ipsis
1320 797 1455 832 ulterius
1471 810 1531 832 non
1548 798 1648 838 usuri,
1666 811 1721 834 seu
1740 809 1847 834 contra

1093 846 1353 881 constitutionem
1386 855 1415 881 et
1448 847 1668 882 inhibitionem
1707 856 1844 884 nostram

1094 896 1201 929 venire
1227 895 1348 930 directe
1383 896 1429 930 vel
1462 896 1633 937 indirecte,
1658 910 1714 944 per
1743 910 1777 932 se
1801 898 1846 933 vel

1093 945 1189 978 alium
1227 958 1281 980 scu
1305 945 1383 980 alios
1398 945 1609 989 attentabunt,
1632 947 1848 983 ecclesiastico

1093 994 1257 1029 subiacere
1285 994 1487 1029 decernimus
1516 995 1697 1030 interdicto.
1727 997 1766 1031 Et
1796 998 1848 1031 ni-

1095 1042 1269 1079 bilominus
1299 1043 1447 1078 omnibus
1470 1044 1690 1092 induloemiis,
1720 1046 1848 1093 privile-

1093 1093 1153 1137 giis
1180 1105 1214 1126 ac
1241 1093 1362 1139 “ratiis
1386 1106 1508 1128 necnon
1537 1094 1664 1138 feudis,
1700 1094 1793 1130 bonis
1819 1105 1849 1130 et

1094 1141 1267 1177 lionoiibus
1289 1151 1319 1177 et
1343 1142 1465 1177 iuribus
1482 1143 1848 1192 quibuscumque,quae

1093 1190 1131 1224 ab
1160 1191 1270 1225 eadem
1299 1191 1441 1226 Romana
1469 1201 1498 1226 et
1525 1192 1595 1227 aliis
1623 1194 1775 1229 Ecclesiis
1795 1193 1850 1228 ob-

1095 1240 1207 1279 tinent
1238 1241 1422 1286 privamus,
1450 1249 1481 1275 et
1509 1242 1646 1288 privatos
1672 1250 1702 1278 et
1731 1243 1848 1289 privata

1095 1288 1243 1323 volumus
1267 1302 1336 1324 esse
1360 1290 1428 1336 ipso
1448 1290 1544 1325 facto:
1570 1292 1848 1327 nonobstantibus

1091 1337 1115 1371 si
1144 1338 1191 1372 eis
1219 1339 1265 1373 vel
1290 1351 1400 1373 eorum
1435 1339 1607 1386 aliquibus,
1635 1342 1848 1376 communiter

1093 1386 1137 1421 vel
1161 1387 1297 1428 divisim,
1320 1388 1358 1422 ab
1381 1387 1490 1423 eadem
1514 1389 1553 1423 sit
1576 1389 1659 1424 Sede
1676 1390 1848 1434 indultum,

1090 1436 1175 1482 qnod
1203 1437 1483 1481 excommunicari,
1513 1438 1720 1486 ipsorumque
1749 1448 1848 1475 terrae

1091 1493 1121 1518 et
1136 1485 1201 1519 loca
1216 1487 1429 1522 eeclesiastico
1444 1487 1612 1523 interdicto
1629 1489 1766 1536 supponi
1784 1502 1845 1524 non

1092 1535 1211 1580 possint
1228 1549 1281 1582 per
1296 1536 1401 1571 literas
1415 1536 1604 1583 apostolicas
1617 1551 1680 1573 non
1694 1538 1847 1574 facientes

1093 1583 1217 1630 plenam
1238 1594 1268 1620 et
1287 1598 1481 1632 expressam,
1500 1598 1536 1621 ae
1553 1586 1591 1621 de
1609 1587 1704 1622 verbo
1723 1588 1761 1623 ad
1779 1601 1849 1623 ter-

1092 1633 1180 1678 bum,
1210 1634 1248 1669 de
1277 1635 1457 1669 huiusmodi
1487 1648 1521 1670 ac
1541 1649 1650 1671 eorum
1680 1638 1847 1684 personis,

1091 1682 1190 1727 loeis⁷
1218 1684 1385 1719 ordinibus
1419 1693 1449 1719 et
1484 1686 1667 1721 nominibus
1708 1687 1845 1734 propriis

1091 1735 1298 1769 mentionem.

1138 1783 1157 1829 g
1185 1788 1217 1818 4.
1241 1784 1333 1819 Nos
1329 1797 1458 1831 insuper
1480 1797 1591 1819 omnes
1611 1785 1844 1821 submissiones

1090 1840 1120 1865 ct
1154 1833 1368 1869 subiectiones
1404 1843 1433 1868 et
1471 1834 1708 1881 suppositiones
1747 1848 1844 1883 super

1091 1882 1262 1930 praedictis
1292 1884 1398 1923 factas,
1426 1891 1456 1917 et
1483 1883 1718 1930 obligationeS,
1755 1893 1842 1932 pacta

1089 1945 1143 1967 seu
1173 1934 1411 1973 conventiones,
1439 1933 1499 1967 sub
1528 1934 1618 1968 titulo
1651 1934 1844 1970 venditionis

1090 1982 1135 2016 vel
1160 1982 1301 2017 cuiusvis
1336 1983 1466 2017 alterius
1492 1991 1674 2019 contractus
1705 1997 1843 2031 quomo—

1089 2031 1209 2066 dolibet
1237 2031 1329 2066 initas
1357 2041 1387 2066 et
1415 2032 1548 2076 liabitas,
1575 2041 1605 2067 et
1626 2046 1843 2081 quascumque

1090 2093 1208 2128 poenas
1241 2081 1380 2116 adiectas
1417 2090 1444 2116 et
1480 2082 1654 2117 iuramenta
1695 2085 1842 2129 praestita

1089 2143 1185 2177 super
1208 2131 1281 2174 iltis,
1308 2131 1369 2165 sub
1397 2131 1654 2179 quibuscumque
1677 2133 1781 2167 modis
1812 2141 1843 2168 et

1089 2180 1186 2214 forma
1223 2181 1270 2215 vel
1304 2181 1508 2227 expressione
1536 2181 1704 2216 verborum
1732 2185 1844 2230 (prae-

1088 2230 1196 2263 sertim
1213 2242 1284 2264 cum
1305 2230 1334 2263 in
1361 2230 1588 2276 praeiudicium
1613 2231 1755 2266 eiusdem
1779 2232 1843 2267 Ec-

1088 2278 1204 2313 clesiae
1242 2279 1433 2319 redundent,
1461 2292 1497 2314 ac
1526 2280 1737 2315 iuramentum
1767 2282 1842 2316 vin-

1088 2328 1195 2362 culum
1232 2329 1405 2375 iniqnitatis
1438 2342 1507 2363 esse
1537 2342 1597 2364 non
1623 2329 1756 2374 debeat)
1784 2331 1842 2365 de-

1088 2378 1248 2412 cernimus
1262 2378 1326 2413 fore
1340 2378 1436 2417 nulla,
1456 2391 1563 2418 vacua,
1580 2379 1664 2414 irrita
1679 2387 1710 2413 et
1726 2380 1841 2424 inania,

1087 2436 1117 2461 et
1141 2428 1258 2461 nullius
1285 2428 1419 2462 existere
1443 2428 1610 2469 firmitatis,
1633 2436 1663 2463 et
1685 2438 1841 2476 quatenus

1088 2477 1124 2510 ad
1143 2477 1192 2510 illa
1216 2477 1254 2511 de
1272 2478 1351 2511 l'acto
1368 2489 1551 2524 processum
1572 2478 1686 2518 extitit,
1700 2478 1842 2514 tollimus

1087 2534 1115 2560 et
1132 2527 1470 2567 revocamusomnino,
1481 2536 1510 2561 et
1525 2527 1644 2562 viribus
1660 2540 1838 2563 vacuamus.

1136 2582 1150 2617 ς’
1179 2578 1210 2609 5.
1234 2575 1414 2619 Caeterum,
1432 2588 1503 2611 enm
1528 2576 1684 2623 praefatus
1706 2577 1840 2613 Ioannes

1088 2624 1169 2672 Papa
1202 2624 1302 2664 XXII,
1330 2625 1553 2673 praedeeessor
1569 2634 1688 2673 noster,
1715 2626 1837 2663 dudum

1864 252 1912 277 Αιι.
1932 256 1961 277 (ιι.
1982 252 2048 277 15716

1868 1793 1897 1814 An
1902 1794 1990 1814 nullatio
2003 1800 2049 1813 nm-

1859 1825 1914 1844 nium
1934 1825 2046 1845 huiusmo-

1859 1856 1894 1876 dlt
1892 1859 2043 1877 ontraeiuum.
