2274 3265
122 231 302 259 An.c.1536

927 228 1121 252 BENEntCTUs
1144 229 1189 252 xtt
1219 230 1267 252 PP.

317 287 440 322 vilitatis
464 287 548 321 indui
573 300 627 323 eos
646 285 722 332 ipsis
745 286 939 320 vestimentis
965 297 1060 332 opor-

317 344 391 380 teat,
413 345 442 371 et
466 349 503 370 au
539 338 568 371 in
593 336 787 372 vestimentis
810 335 989 369 huiusmodi
1009 346 1059 369 se-

316 385 454 421 cundum
473 387 610 433 regulam
633 394 662 421 et
684 385 910 420 declarationes
931 384 1059 431 praede-

316 448 475 471 cessorum
491 445 669 471 nostrornm
684 443 713 469 et
724 433 854 469 Ordinis
864 434 1059 468 constitutio-

317 498 372 520 nes
389 485 524 520 reluceat
541 485 704 532 asperitas,
719 484 821 518 vilitas
835 492 864 518 et
880 491 1058 530 paupertas;

317 544 458 570 utrumve
481 544 632 581 quantum
657 534 694 567 ad
718 534 873 575 colorem,
903 533 1057 579 pretium,

316 585 476 623 vilitatem,
501 592 713 631 paupertatem
737 596 861 630 quoque
885 595 919 617 ac
938 592 1056 616 caetera

314 634 486 669 accidentia
521 633 698 680 supradicta
723 633 831 668 fratres
865 632 1058 666 vestimentis

316 683 496 723 induantur,
525 690 557 716 ut
592 682 725 722 debeut;
752 694 847 729 super
878 681 993 729 quibus
1011 694 1057 715 co-

315 745 382 767 rum
407 732 620 767 ministrorum
638 760 645 773 ,
669 732 836 766 custodum
860 741 889 766 et
912 730 1057 778 guardia-

314 794 424 816 norum
459 782 670 816 conscientias
698 793 888 825 oneramuS,
917 781 1056 816 districte

314 832 534 878 praecipiendo
580 831 788 869 mandantes,
829 840 984 877 quatenus
1026 831 1056 865 in

313 881 481 928 praedictis
507 889 537 915 et
567 881 616 916 his
638 880 796 915 similibus
827 893 935 915 eorum
971 880 1057 915 arbi-

312 931 404 965 trium
430 939 461 965 et
480 930 787 973 determinationem,
809 931 965 975 generalis
985 931 1057 978 qui-

311 980 382 1014 dem
407 980 435 1013 in
464 981 570 1019 totius,
599 980 834 1025 provincialium
860 992 931 1013 vero
952 980 980 1013 in
998 980 1057 1025 pri-

312 1030 497 1069 mitiarum,
531 1031 774 1071 ministrorum,
813 1028 979 1063 custodum
1026 1038 1055 1063 et

313 1079 560 1124 guardianorum
583 1078 923 1121 administrationibus,
951 1086 1057 1112 custo—

311 1129 372 1163 diis
386 1136 415 1162 et
429 1129 622 1175 guardianiis
637 1141 691 1162 seu
711 1127 920 1161 conventibus
936 1127 1056 1162 ordinis

312 1178 474 1212 memorati
486 1178 664 1213 commissis
677 1177 807 1217 eisdem,
827 1177 935 1211 fratres
947 1188 1057 1211 omnes

311 1235 340 1262 et
361 1227 477 1273 singuli
511 1227 599 1274 sequi
627 1228 780 1268 omnino,
807 1227 914 1272 eisque
949 1238 1057 1272 parere

312 1289 366 1323 per
387 1277 491 1310 omnia
516 1284 690 1311 teneantur.
722 1276 765 1309 Ac
795 1276 926 1321 insuper
942 1302 950 1317 ,
973 1275 1055 1321 quod

311 1326 434 1360 illorum
468 1326 632 1372 sequendo
670 1325 962 1359 determinationem
1001 1336 1054 1359 seu

310 1376 474 1415 iudicium,
502 1376 626 1422 illisque
654 1374 803 1422 parendo,
827 1387 888 1408 non
916 1374 977 1409 sint
999 1387 1057 1410 nec

310 1426 370 1460 dici
405 1425 545 1473 possint,
575 1438 630 1460 nec
665 1424 818 1463 debeant,
851 1437 908 1458 nec
937 1424 993 1470 ipsi
1023 1437 1056 1459 se

311 1478 395 1522 ipsos
422 1483 585 1510 autument
612 1488 687 1509 suae
709 1475 834 1520 regulae
870 1474 914 1508 vel
938 1475 1056 1508 consti-

310 1526 464 1559 tutionum
481 1525 528 1559 sui
555 1524 684 1559 Ordinis
711 1533 968 1569 transgressuros.
995 1524 1056 1559 Ve-

311 1588 378 1609 rum
407 1575 478 1621 quia
503 1575 656 1613 nondum,
681 1583 711 1607 ut
733 1574 930 1615 audivimus,
956 1582 1057 1608 cessat

310 1626 470 1659 temeritas
489 1637 543 1658 seu
568 1625 782 1671 praesumptio
805 1624 982 1669 aliquorum
1000 1624 1057 1658 l'ra-

311 1682 390 1709 trum
414 1675 556 1709 eiusdem
584 1673 712 1708 Ordinis
736 1673 873 1707 liabitum
897 1681 926 1707 et
957 1683 1056 1708 vestes

309 1724 486 1770 singulares
525 1733 555 1759 et
587 1723 744 1757 deformes
783 1723 994 1769 portantium,
1025 1732 1056 1757 ut

311 1774 504 1821 praefertur,
533 1773 674 1808 volentes
700 1773 826 1807 eosdem
860 1785 914 1819 per
938 1785 1056 1818 poenae

309 1824 516 1858 adiectionem
534 1836 550 1858 a
564 1823 736 1857 temeritate
751 1831 780 1857 et
797 1823 1053 1868 praesumptione

310 1873 489 1907 huiusmodi
512 1873 548 1907 ad
573 1884 772 1907 communem
801 1871 932 1906 Ordinis
953 1872 1057 1906 obser-

311 1923 447 1956 vantiam
465 1935 621 1962 revocare,
646 1921 856 1968 praesentium
873 1922 1055 1955 auctoritate

310 1973 490 2011 statuimus,
521 1972 603 2018 quod
634 1972 658 2005 si
686 1972 738 2018 qui
756 1970 899 2004 eiusdem
928 1970 1057 2005 Ordinis

312 2021 504 2067 professores
517 2031 623 2056 contra
634 2020 813 2060 arbitrium,
828 2020 1058 2055 determinatio-

313 2083 382 2105 nem
403 2083 457 2105 seu
482 2071 631 2105 iudicium
648 2071 875 2109 ministrorum,
890 2070 1055 2104 custodum

310 2133 365 2154 seu
391 2120 638 2166 guardianorum
665 2121 694 2153 in
729 2120 849 2154 Ordine
874 2120 940 2165 ipso
969 2132 1057 2165 prae—

310 2170 480 2204 sidentium
505 2170 629 2204 habitus
648 2178 700 2203 aut
724 2171 862 2214 ipsorum
878 2169 1055 2207 habituum,

310 2220 434 2266 caputia
463 2232 517 2254 seu
546 2229 649 2254 vestes
679 2219 836 2254 deformes
863 2228 891 2251 et
920 2219 1058 2253 vestibus

310 2269 443 2304 aliorum
482 2268 611 2303 fratrum
646 2269 906 2303 communitatem
928 2269 1058 2303 Ordinis

312 2320 484 2353 tenentium
502 2319 671 2353 dissimiles
693 2328 722 2353 et
743 2318 905 2352 difformes
922 2327 1057 2364 portare,

311 2376 365 2402 aut
386 2368 470 2415 qnod
494 2368 603 2402 fratres
624 2367 753 2402 Ordinis
769 2368 882 2402 talibus
899 2367 941 2401 uti
957 2368 1058 2401 defor-

313 2418 475 2453 mitatibus
497 2426 672 2457 teneantur,
696 2418 894 2463 pertinaciter
920 2429 1058 2451 asserere

315 2468 582 2513 praesumpserint
606 2494 615 2510 ,
656 2467 715 2501 nisi
755 2466 831 2500 infra
878 2466 1056 2513 quindecim

313 2517 433 2551 dierum
457 2517 606 2562 spatium,
631 2524 794 2563 postquam
821 2528 968 2562 praesens
1000 2528 1058 2549 no·-

314 2574 376 2601 stra
403 2566 558 2601 ordinatio
579 2566 617 2600 ad
638 2578 691 2600 eos
708 2566 894 2612 pervenerit,
910 2578 927 2600 a
944 2566 1058 2600 talibus

314 2616 488 2651 insolentiis
515 2615 699 2650 obedienter
722 2615 910 2658 destiterint,
934 2616 1002 2662 ipso
1018 2615 1058 2650 fa·

1727 222 1796 255 595

1101 292 1152 320 cto
1174 286 1360 320 sententiam
1385 286 1722 322 excommunicationis
1737 288 1844 323 ineur-

1102 342 1190 378 rant,
1223 347 1238 369 a
1261 347 1322 382 qua
1352 348 1406 383 per
1433 337 1609 381 generalem
1632 349 1688 372 seu
1712 338 1844 383 provin—

1101 385 1194 419 ciales
1217 385 1245 418 in
1262 385 1328 419 suis
1344 386 1524 432 proviin-iis,
1547 385 1705 420 ministros
1724 387 1845 422 dumta-

1101 433 1380 473 xat,satisfactione
1391 435 1571 480 praemissa,
1584 436 1840 481 possintabsolvi.

1102 483 1141 518 Ut
1165 491 1268 518 antem
1296 484 1394 518 maior
1421 485 1461 518 sit
1489 484 1618 519 vestium
1647 485 1843 522 uniformitas

1101 533 1179 567 inter
1198 533 1318 573 fratres,
1340 541 1369 566 et
1391 533 1525 567 charitas
1552 533 1687 579 amplius
1711 536 1843 570 reluceat

1101 583 1181 617 inter
1202 595 1268 624 eos,
1290 582 1484 625 ordinamus,
1509 583 1591 629 quod
1613 595 1734 629 pannus
1755 598 1843 620 com-

1100 633 1205 667 munis
1227 633 1402 667 seeundum
1420 632 1558 678 regulam
1572 640 1602 666 et
1617 632 1842 669 declarationes

1102 682 1377 728 praedecessorum
1408 689 1586 716 nostrorum
1609 680 1763 717 Ordiniet
1789 683 1846 718 fra-

1099 731 1197 766 tribus
1224 733 1414 766 conveniens
1438 743 1492 776 per
1516 731 1596 770 utos,
1619 731 1656 765 ad
1680 744 1759 779 qnos
1773 746 1846 780 per-

1100 782 1239 826 tinuerit,
1264 789 1448 827 procuretur
1467 789 1608 827 tempore
1635 783 1845 829 competentiz,

1099 832 1136 865 de
1152 843 1214 878 quo
1229 831 1391 866 communi
1409 843 1513 877 panno
1529 831 1673 873 ministri,
1688 832 1845 874 custodes,

1099 880 1261 925 guardiani
1278 909 1286 921 ,
1310 881 1441 916 lectores
1458 908 1465 918 .
1493 881 1746 928 praedicatores,
1769 894 1845 917 eon-

1099 930 1245 973 sessores,
1269 938 1487 978 procuratores
1510 938 1541 978 et
1562 930 1674 964 caeteri
1708 930 1819 967 fratres
1836 959 1845 975 ,

1099 992 1218 1019 omnes,
1248 981 1316 1015 sine
1344 980 1545 1014 distinctione
1572 980 1674 1027 aliqua
1688 988 1741 1015 aut
1769 993 1845 1028 spe-

1098 1029 1242 1069 cialitate,
1270 1037 1331 1063 tam
1356 1030 1487 1063 interius
1514 1040 1606 1076 quam
1630 1030 1772 1065 exterius
1799 1032 1847 1065 in-

1098 1080 1244 1113 duantur.
1275 1079 1307 1113 Si
1331 1079 1402 1126 quis
1428 1086 1531 1112 autem
1555 1077 1648 1113 frater
1670 1080 1846 1125 superfluas

1100 1136 1200 1163 vestes
1227 1128 1394 1169 habuerit,
1432 1136 1573 1162 teneatur
1610 1139 1663 1163 eas
1697 1130 1845 1164 exhibere

1098 1178 1254 1219 ministro,
1282 1177 1405 1212 custodi
1435 1177 1480 1211 vel
1507 1177 1691 1224 guardiano,
1715 1179 1768 1226 qui
1793 1191 1845 1214 eas

1100 1228 1128 1260 in
1154 1226 1203 1261 tali
1241 1227 1309 1261 loco
1338 1238 1488 1272 reponere
1526 1235 1715 1266 teneantur,
1739 1236 1772 1262 ut
1806 1228 1845 1263 de

1098 1277 1173 1322 ipsis
1192 1276 1394 1310 necessitates
1408 1277 1697 1322 supervenientium
1716 1276 1843 1312 fratrum

1100 1325 1145 1359 vel
1181 1325 1312 1359 aliorum
1337 1325 1545 1372 indigentium
1574 1325 1788 1361 subleventur.
1811 1326 1843 1361 Si

1099 1388 1169 1410 vero
1197 1375 1272 1409 dicti
1307 1375 1418 1409 fratres
1452 1374 1649 1420 neglexerint
1682 1387 1737 1410 seu
1766 1388 1844 1411 con-

1098 1426 1281 1472 tempserint
1315 1433 1415 1460 vestes
1456 1425 1635 1459 huiusmodi
1672 1424 1843 1465 exhibere,

1097 1475 1245 1510 custodes
1274 1475 1319 1509 vel
1349 1474 1511 1522 guardiani
1542 1475 1690 1521 praedicti
1715 1488 1767 1510 eas
1798 1483 1845 1510 te-

1098 1534 1232 1559 neantur
1259 1534 1288 1559 et
1319 1525 1440 1570 possint
1467 1524 1550 1559 licite
1577 1525 1622 1559 eis
1654 1525 1787 1560 auferre.
1810 1524 1843 1561 Si

1097 1583 1200 1610 autem
1230 1587 1352 1621 pannus
1374 1574 1464 1609 alicui
1487 1573 1571 1608 fratri
1591 1574 1684 1610 detur
1712 1574 1759 1610 vel
1789 1587 1845 1622 pro

1097 1638 1133 1659 eo
1157 1633 1279 1659 ematur
1295 1652 1303 1668 ,
1327 1637 1387 1659 non
1417 1633 1597 1671 praesumat
1620 1624 1725 1659 dictus
1752 1624 1845 1659 frater

1097 1688 1134 1710 ex
1163 1676 1229 1720 ipso
1262 1687 1365 1721 panno
1393 1682 1494 1709 vestes
1522 1686 1576 1708 seu
1613 1674 1752 1709 habitum
1786 1673 1844 1708 sibi

1099 1725 1199 1759 facere
1228 1724 1317 1761 fieri,
1350 1724 1406 1758 nisi
1442 1723 1529 1770 prius
1556 1723 1676 1759 dictum
1705 1736 1843 1771 pannum

1097 1787 1155 1809 suo
1177 1774 1330 1819 superiori
1348 1773 1533 1813 ostenderit,
1560 1781 1589 1808 et
1604 1773 1846 1809 obtinueritsu-

1099 1836 1152 1871 per
1173 1824 1234 1858 hoc
1250 1823 1407 1857 licentiam
1430 1822 1469 1857 ab
1490 1823 1611 1858 eodem.

1146 1874 1166 1921 3
1193 1877 1225 1908 9.
1254 1872 1295 1908 Ut
1318 1881 1421 1907 autem
1446 1873 1475 1906 in
1504 1873 1652 1908 fratribus
1667 1873 1740 1908 dicti
1764 1873 1846 1908 ordi-

1099 1924 1146 1957 nis
1165 1923 1268 1957 debita
1291 1923 1426 1968 gravitas
1449 1930 1477 1957 et
1500 1924 1662 1957 maturitas
1677 1923 1800 1968 vigeant
1815 1932 1844 1957 et

1099 1972 1262 2007 discursus
1277 1981 1450 2012 arceantur,
1476 1972 1846 2020 providimussalubriter

1098 2021 1321 2061 ordinandum,
1344 2021 1428 2068 quod
1454 2022 1562 2056 nullus
1584 2021 1677 2057 frater
1703 2031 1788 2057 extra
1803 2022 1846 2056 lo-

1099 2084 1169 2106 cum
1194 2071 1320 2106 fratrum
1349 2072 1490 2105 mittatur
1512 2072 1557 2105 vel
1586 2072 1623 2106 ad
1647 2072 1784 2106 eundem
1809 2072 1846 2105 li-

1099 2121 1266 2160 centietur,
1290 2121 1347 2156 nisi
1373 2128 1513 2155 maturus
1537 2121 1677 2156 moribus
1701 2122 1745 2156 vel
1773 2134 1844 2156 cum

1100 2180 1221 2206 maturo
1243 2171 1328 2205 socio
1343 2179 1373 2204 et
1396 2171 1544 2211 hones-103
1568 2183 1625 2206 nec
1646 2171 1738 2206 detur
1752 2171 1842 2205 alicui

1099 2221 1203 2256 socius
1226 2220 1264 2254 ab
1288 2221 1356 2266 ipso
1385 2221 1510 2265 petitus,
1530 2220 1583 2255 sed
1603 2221 1708 2256 socius
1723 2221 1762 2255 de
1782 2233 1845 2268 quo

1099 2270 1246 2316 expedire
1272 2269 1427 2304 videbitur
1450 2270 1658 2317 praesidenti;
1682 2283 1741 2305 nec
1759 2279 1843 2305 extra

1099 2321 1252 2355 civitatem
1272 2348 1279 2357 ,
1308 2319 1432 2358 vittam,
1456 2327 1590 2354 castrum
1613 2320 1657 2354 vel
1677 2320 1843 2367 oppidum,

1101 2370 1130 2403 in
1154 2381 1216 2416 quo
1239 2370 1347 2403 fratres
1370 2377 1543 2408 morantur,
1560 2370 1596 2402 ad
1616 2369 1675 2404 alia
1694 2370 1760 2404 loca
1783 2369 1844 2404 fra-

1100 2427 1180 2453 trum
1211 2419 1280 2452 ituri
1310 2418 1512 2453 licentientur
1533 2419 1601 2452 sine
1629 2418 1726 2453 literis
1753 2420 1843 2454 testi-

1100 2468 1288 2503 monialibus
1304 2467 1514 2502 obedientiam
1533 2468 1580 2502 vel
1596 2468 1752 2503 licentiam
1768 2481 1845 2503 con-

1100 2518 1284 2557 tinentibus,
1309 2518 1337 2551 in
1360 2517 1476 2564 quibus
1498 2517 1674 2552 secundum
1703 2517 1842 2553 locorum

1100 2568 1291 2609 distantiam,
1315 2579 1517 2613 personarum
1542 2580 1576 2602 ac
1599 2568 1717 2614 negocii
1740 2568 1844 2615 quali—

1100 2624 1192 2651 tatem
1228 2624 1333 2651 certus
1362 2616 1513 2651 redeundi
1537 2618 1688 2651 terminus
1722 2630 1737 2651 a
1766 2630 1844 2652 con-

1861 231 2043 258 An.c.1536

1873 1885 1901 1907 oe
1929 1888 1990 1908 modo

1860 1918 1965 1938 centiandi

1860 1951 1904 1969 tres

2015 1886 2042 1906 lt-

1998 1917 2041 1937 §ra-
