2274 3265
111 269 161 295 Ain
175 269 204 295 C.
227 266 293 294 ¹555

117 1354 220 1374 Laudatac
236 1360 288 1374 ron-

104 1386 227 1405 stitutioues
262 1386 287 1405 ad

103 1420 176 1435 omnes
206 1418 288 1440 terras,

103 1449 231 1472 caeteraque
247 1445 289 1465 ao-

103 1482 176 1497 manae
188 1476 287 1497 aeclesis

102 1509 147 1528 iura
167 1508 289 1528 extendun-

103 1542 142 1559 lur-

897 265 1110 290 lusocssmujs
1133 265 1164 286 Vl
1188 263 1235 286 Pi».

307 320 448 356 Ecclesia
471 330 501 356 et
524 321 654 367 imperio
682 320 850 367 praedictis
868 321 1059 359 obtinerem,

307 370 346 404 de
369 370 508 417 ipsorum
546 370 673 405 fratrum
697 370 843 410 consilio,
876 370 1059 405 auctoritate

308 420 462 466 privasset
488 419 610 460 eadem,
633 420 718 466 ipsos
740 419 776 453 ad
810 419 859 454 illa
893 428 922 454 et
944 418 1058 454 similia

307 477 337 503 et
363 468 524 515 quaelibet
549 469 619 508 alia,
647 479 821 515 corumque
845 469 924 503 lilios
945 480 982 503 ac
1004 480 1059 502 nc-

309 526 397 564 potes
418 517 455 552 ad
482 518 640 564 quaelibet
663 518 812 552 beneficia
835 517 1058 556 ecclesiastica,

307 567 489 613 dignitates,
519 575 703 614 personatus
724 575 755 601 et
775 567 873 601 officia
890 579 962 601 cum
985 578 1058 601 cura

308 617 354 650 vel
377 617 446 651 sine
468 628 541 650 cura
557 616 671 663 quovis
694 616 820 650 nomine
842 623 1058 657 censerentur,

306 666 492 700 auctoritate
519 665 660 712 qualibet
686 664 868 708 obtinenda,
897 676 997 711 usque
1019 664 1057 698 ad

306 715 428 748 tertiam
451 715 689 761 generationem
713 714 872 749 exclusive
896 713 1058 748 reddendo

307 763 462 798 inhabiles
481 771 512 798 et
540 763 698 809 indignos,
728 763 809 798 idem
835 763 1058 809 praedecessor

304 812 455 847 Clemens
478 825 533 858 per
556 813 727 858 praemissa
756 812 802 846 vel
838 824 1058 859 quaecumque

304 862 362 895 alia
387 861 580 901 inhibitioni,
604 861 763 905 mandato,
787 862 895 908 poenis
929 870 959 895 et
985 874 1059 895 sen-

305 911 411 945 tentiis
431 911 599 957 peripsum
620 910 768 945 loannem
786 911 1056 957 praedecessorem

305 959 393 993 factis
416 968 445 993 et
463 960 678 1006 promulgatis,
703 968 733 993 ut
756 960 903 1005 superius
929 969 974 994 est
1003 972 1058 994 ex-

306 1021 463 1053 pressum,
492 1008 623 1055 aliisque
650 1009 806 1043 contentis
829 1010 858 1042 in
887 1009 984 1043 literis
1011 1011 1057 1052 (l)

304 1057 431 1091 loannis
459 1058 709 1104 praedecessoris
731 1057 887 1096 eiusdem,
912 1071 966 1105 per
980 1070 1058 1092 con-

303 1107 501 1141 stitutionem
529 1106 661 1141 eandem
691 1106 858 1147 roboravit,
886 1114 916 1140 et
956 1108 986 1140 in
1009 1107 1056 1141 sui

305 1155 418 1201 vigoris
439 1155 575 1190 efficacia
604 1156 700 1189 voluit
726 1164 755 1190 et
777 1156 915 1190 decrevit
939 1168 1057 1201 perma-

304 1217 390 1244 nere,
419 1212 510 1251 prout
545 1205 574 1238 in
610 1205 710 1249 ipsius
744 1205 993 1251 praedecessoris
1020 1205 1056 1238 li-

305 1253 378 1287 teris
401 1254 524 1299 plenius
546 1254 736 1289 continetur.

352 1307 367 1345 §
399 1307 432 1336 4.
455 1303 535 1337 Cum
553 1303 669 1349 itaque,
693 1311 869 1349 temporum
892 1311 1056 1337 crescente

304 1351 421 1386 malitia
434 1360 464 1385 et
484 1351 663 1386 abundante
688 1352 853 1398 iniquitate
873 1352 1056 1391 muliorum,

305 1413 366 1434 non
382 1401 494 1435 solum‘
509 1400 686 1447 praedictae
701 1400 899 1439 Patrimonii,
915 1401 968 1435 sed
986 1401 1057 1434 alia-

303 1461 373 1484 rum
397 1450 630 1496 provinciarum
658 1457 752 1496 atque
775 1457 947 1493 terrarum,
975 1461 1056 1496 quae

303 1499 459 1545 praefatae
474 1498 637 1534 Romanae
652 1499 834 1533 immediate
847 1498 982 1533 subsunt
993 1499 1056 1533 Ec-

301 1548 429 1592 clesiae,
451 1548 516 1582 iura
539 1548 802 1595 occupationibus
825 1556 951 1594 pateant
966 1548 1055 1582 inva—

301 1609 422 1637 sorum,
438 1605 468 1632 et
486 1597 527 1632 ob
547 1598 605 1632 hoc
629 1597 843 1644 provisionem
859 1598 939 1632 circa
955 1597 1053 1644 ipsam

301 1645 486 1681 Patrimonii
505 1647 697 1693 provinciam
719 1646 948 1692 particulariter
964 1646 1056 1680 adlii-

301 1694 397 1730 bitam
426 1696 463 1730 ad
489 1708 601 1730 omnes
619 1696 695 1730 alias
715 1696 893 1742 provincias
911 1702 943 1729 et
958 1705 1056 1729 terras

301 1745 428 1780 easdem
444 1745 633 1790 generaliter
656 1744 787 1779 suadeat
803 1757 919 1791 urgens
943 1756 1055 1779 neces-

300 1794 374 1828 sitas
404 1794 653 1840 prorogaudam,
681 1794 939 1828 constitutionem
971 1806 1054 1840 prae-

301 1842 416 1877 dictam
432 1852 462 1877 et
484 1844 591 1877 omnia
609 1852 639 1876 et
653 1843 775 1888 singula
800 1843 829 1876 in
848 1855 883 1877 ea
906 1850 1053 1877 contenta

300 1892 337 1926 ad
353 1892 545 1937 Campaniae
561 1901 591 1926 et
605 1892 791 1931 Maritimae,
808 1892 943 1926 ducatus
969 1891 1054 1937 Spo-

301 1941 409 1981 letan„
438 1940 594 1975 Marchiae
618 1941 819 1980 Anconitan.,
835 1941 954 1975 Massae
976 1940 1056 1975 Tre-

302 1990 418 2029 bariae,
434 1999 532 2024 terrae
547 1990 682 2024 Sanctae
699 1990 839 2036 Agathae
861 1997 891 2024 et
921 1989 1052 2024 Roman-

301 2038 404 2073 diolae
433 2039 635 2085 provincias,
663 2051 785 2074 necnon
809 2039 847 2073 ad
875 2039 1053 2073 Bretonorii

302 2096 333 2121 et
364 2088 525 2134 quondam
550 2088 660 2122 Urbini
687 2100 722 2122 ac
745 2088 923 2123 Venaissini
952 2089 1056 2122 comi—

302 2145 396 2181 tatus,
419 2146 449 2171 et
477 2137 515 2172 ad
539 2138 769 2177 Beneventan.,
791 2137 1008 2171 Ravennaten.
1026 2147 1055 2172 et

301 2190 478 2225 Bononien.
501 2203 536 2226 ac
548 2191 626 2225 alias
642 2191 794 2230 civitates,
817 2199 926 2231 terras,
942 2199 1054 2231 castra,

301 2244 399 2284 villas,
422 2244 550 2291 oppida,
573 2245 730 2285 fortalitia,
754 2245 833 2287 iura,
858 2245 1055 2279 iurisdictio-

302 2311 358 2332 nes
396 2307 425 2332 et
455 2298 535 2333 bona
563 2299 668 2333 omnia
696 2308 725 2333 et
761 2299 884 2345 singula
921 2299 1054 2334 ubilibet

300 2353 481 2393 constituta,
505 2365 584 2398 quae
614 2352 793 2398 praedictae
810 2352 972 2386 Romanae
995 2353 1054 2386 im-

302 2406 436 2440 mediate
451 2406 596 2445 subsunt,
621 2414 653 2439 ut
676 2405 862 2452 praefertur,
880 2406 1053 2446 Ecclesiae,

300 2460 485 2494 auctoritate
509 2460 678 2506 apostolica
702 2459 741 2494 de
769 2459 896 2494 fratrum
929 2468 1053 2495 nostro-

301 2525 368 2547 rum
393 2512 526 2548 consilio
549 2513 750 2548 extendimus
775 2526 811 2548 ac
833 2514 925 2547 etiam
950 2527 1051 2561 proro2

299 2580 422 2614 gamus.

336 2637 375 2672 (l)
393 2638 477 2665 Hasce
493 2637 597 2664 loannis
614 2637 702 2664 literas
713 2637 767 2672 lege
783 2638 907 2673 superius
917 2646 976 2674 pag.
989 2638 1051 2666 297.

1731 252 1771 284 51
1783 252 1801 282 7

1150 317 1235 353 Nulli
1252 329 1327 363 crgo
1341 317 1471 351 omnino
1486 316 1650 351 hominum
1668 316 1759 351 liccat
1772 316 1853 350 hanc

1103 367 1247 414 pagiuam
1271 375 1397 401 nostrae
1414 365 1650 401 constitutionis
1669 365 1853 411 iufringere.

1100 424 1154 450 etc.

1150 465 1266 499 Datum
1294 464 1470 508 Avenione,
1485 463 1627 498 secundo
1650 475 1750 498 nouas
1771 470 1854 498 octo-

1102 515 1177 557 bris,
1206 514 1406 560 pontificatus
1428 512 1525 547 nostri
1549 525 1631 547 anno
1652 525 1703 547 ui.

1150 575 1210 605 Dat.
1226 575 1272 605 die
1287 576 1305 604 6
1320 574 1449 604 octobris
1467 574 1553 610 1355,
1570 579 1648 613 pont.
1664 583 1741 604 anno
1762 583 1803 604 ui.

1455 728 1493 763 X.

1101 802 1258 835 Institutio
1280 801 1441 834 cathedrae
1470 800 1654 843 theologicae
1684 802 1716 832 in
1743 801 1854 834 Studio

1222 851 1363 895 generali
1388 850 1520 882 civitatis
1547 850 1719 882 Bononiae.

1368 926 1584 958 SUMMARIUM

1099 996 1259 1025 Facultatis
1277 995 1457 1033 theologicae
1473 994 1547 1024 laus:
1567 1010 1606 1016 —-
1630 995 1654 1024 1.
1671 994 1740 1024 Eius
1757 995 1854 1034 itaque

1139 1040 1303 1069 dilatationi
1328 1040 1458 1069 intentus
1481 1038 1622 1067 Pontifex.
1641 1055 1680 1060 —
1701 1039 1727 1068 2.
1752 1039 1852 1068 Atten-

1140 1084 1235 1121 iisque
1252 1082 1378 1112 civitatis
1395 1081 1555 1111 Bononien.
1571 1081 1802 1118 conditionibus,
1817 1100 1856 1105 --

1139 1128 1167 1156 3.
1192 1127 1260 1156 Eam
1282 1126 1321 1156 ibi
1345 1126 1481 1156 instituit.
1505 1142 1544 1147 —
1564 1125 1592 1154 4.
1615 1124 1771 1155 Concessis
1794 1130 1855 1156 stu-

1139 1171 1278 1201 dentibus
1301 1176 1328 1201 et
1347 1170 1513 1207 legentibus
1536 1169 1732 1208 amplissimis
1761 1170 1853 1209 privi-

1139 1216 1232 1254 legiis.
1251 1232 1290 1237 —
1317 1216 1344 1244 5.
1363 1214 1431 1243 Data
1462 1213 1585 1243 facultas
1615 1213 1795 1243 licentiandi.
1817 1231 1856 1236 —

1138 1260 1165 1289 6.
1194 1259 1233 1288 De
1260 1259 1351 1288 forma
1385 1257 1554 1287 licentiandi
1577 1261 1605 1285 et
1628 1257 1781 1287 laureandi
1805 1267 1855 1296 per

1137 1303 1309 1340 episcopum
1330 1301 1464 1330 eiusdem
1488 1300 1625 1330 civitatis.
1647 1316 1686 1322 —
1705 1301 1730 1330 7.
1747 1299 1854 1330 Docto-

1138 1355 1203 1375 rum
1228 1345 1393 1374 facultates.

1124 1420 1298 1449 innocentius
1318 1419 1460 1455 opiscopus
1483 1426 1577 1449 servus
1597 1426 1737 1448 sorvorum
1761 1419 1823 1451 Dat.

1233 1470 1267 1497 ad
1295 1470 1456 1505 perpetuam
1484 1469 1524 1498 rel
1548 1469 1718 1498 memoriam.

1147 1541 1243 1583 Quasi
1273 1541 1392 1587 liguum
1417 1540 1497 1575 vitae
1526 1540 1555 1574 in
1591 1539 1744 1575 Paradiso
1771 1539 1853 1584 Dei,

1097 1599 1127 1625 et
1149 1591 1237 1638 quasi
1260 1591 1387 1625 lucerna
1410 1589 1533 1636 fulgens
1556 1589 1586 1623 in
1610 1589 1705 1624 domo
1723 1588 1852 1625 Domini

1097 1648 1144 1674 est
1167 1641 1196 1674 in
1220 1640 1334 1675 Sancta
1357 1638 1416 1673 Dei
1433 1638 1573 1674 Ecclesia
1590 1638 1747 1674 facultatis
1763 1639 1853 1673 theo-

1097 1689 1216 1735 logicae
1250 1688 1430 1735 disciplina.
1457 1687 1526 1735 Ipsa
1545 1715 1552 1729 ,
1581 1687 1666 1722 velut
1700 1688 1851 1723 foecunda

1097 1738 1286 1773 eruditionis
1305 1746 1415 1777 mater,
1437 1737 1474 1771 ad
1498 1737 1690 1783 irrigandam
1713 1737 1851 1772 sterilem

1096 1787 1182 1822 orbis
1204 1786 1314 1822 faciem
1335 1787 1446 1821 fluvios
1461 1786 1500 1821 de
1524 1794 1651 1833 pectore
1677 1786 1850 1821 Salvatoris

1097 1838 1257 1880 emittens,
1272 1836 1446 1870 humanum
1460 1848 1562 1881 genus
1583 1836 1745 1881 originalis
1759 1835 1850 1882 igno—

1098 1886 1216 1920 rantiae
1238 1886 1390 1920 caecitate
1411 1885 1567 1925 deforme,
1583 1898 1639 1932 per
1655 1884 1848 1920 infusionem

1097 1935 1252 1978 veritatis,
1274 1935 1312 1969 ad
1341 1935 1420 1969 viam
1441 1934 1562 1969 reducit
1591 1935 1729 1970 iustitiae
1756 1935 1848 1975 vitae,

1096 1984 1275 2019 advivificat
1290 1984 1421 2025 animas,
1433 1995 1551 2031 easque
1570 1984 1608 2019 ad
1627 1983 1848 2019 exaltationem

1096 2033 1267 2068 catholicae
1285 2033 1354 2068 fidei
1377 2041 1408 2068 et
1429 2033 1650 2068 exterminium
1674 2033 1849 2069 haereticae

1097 2083 1256 2129 pravitatis
1295 2092 1325 2117 et
1364 2091 1552 2118 cunctorum
1585 2082 1760 2117 infidelium
1777 2111 1785 2123 ,
1819 2091 1850 2117 et

1095 2132 1245 2167 adversus
1273 2132 1364 2167 etiam
1393 2132 1565 2167 invisibiles
1594 2140 1776 2179 potestates,
1797 2144 1849 2167 ar-

1098 2182 1156 2216 mis
1173 2181 1474 2229 inexpugnabilibus
1488 2182 1601 2225 munit,
1615 2190 1645 2216 et
1661 2181 1848 2217 fortissimas

1096 2231 1260 2266 constituit
1288 2231 1476 2266 bellatrices.

1144 2285 1159 2324 ξ
1186 2283 1215 2314 l.
1247 2281 1334 2315 Haec
1356 2280 1539 2326 frequenter
1567 2280 1645 2314 intra
1668 2280 1773 2315 cordis
1795 2293 1847 2314 ar-

1095 2342 1171 2364 cana
1194 2329 1314 2364 solicita
1338 2337 1442 2364 mente
1466 2329 1665 2373 revolvimus,
1681 2338 1711 2364 et
1728 2330 1845 2364 intenta

1096 2379 1301 2414 meditatione
1317 2391 1499 2424 pensamus,
1515 2387 1665 2426 tantoque
1681 2387 1846 2426 propterea

1095 2428 1233 2475 amplius
1251 2428 1288 2462 ad
1313 2428 1396 2463 illius
1411 2428 1627 2463 dilatationem
1643 2428 1747 2464 studia
1759 2435 1789 2463 et
1803 2428 1847 2463 la-

1096 2478 1188 2512 bores
1202 2478 1336 2512 libenter
1352 2477 1579 2523 impendimus,
1596 2485 1716 2524 quanto
1732 2477 1847 2512 exinde

1096 2527 1212 2562 maiora
1239 2527 1416 2561 animarum
1433 2526 1520 2562 lucra
1541 2527 1707 2574 provenire
1728 2535 1759 2561 et
1774 2527 1848 2561 uni-

1096 2577 1222 2611 versalis
1248 2575 1408 2611 Ecclesiae
1430 2584 1545 2612 statum
1573 2576 1711 2623 amplius
1726 2588 1848 2625 cogno-

1094 2626 1213 2661 scimus
1232 2625 1438 2674 augmentari.

1867 261 1915 287 An.
1931 262 1958 286 t..
1979 261 2049 287 ¹360

1897 320 2006 342 clausulae

1872 1551 2055 1573 facultatistheo-

1866 1583 1950 1609 logicae
1966 1583 2020 1603 taus:

1876 2286 1923 2307 Eius
1933 2288 2004 2313 itaque
2016 2288 2049 2307 di-

1862 2317 1958 2338 latationi
1974 2322 2048 2338 inten-

1862 2351 1895 2369 tus
1910 2347 2016 2369 Pontifex.
