2274 3265
238 261 287 286 An.
301 258 329 284 C.
352 257 418 283 ¹572

251 955 345 981 lmpediti
368 959 418 973 cau-

238 992 271 1006 sas
316 986 419 1011 legitimas

238 1017 276 1037 Pr.
297 1016 374 1036 dehent
394 1021 418 1035 o-

237 1048 345 1069 stentare.

261 1546 410 1567 tnohedieutes

240 1578 367 1598 anathemati
378 1577 424 1598 sub-

240 1611 297 1630 tecti.

287 2632 394 2653 clausulae

482 245 552 278 536

434 319 511 346 ctam
529 311 656 346 Curiam
686 311 806 345 venient
834 311 861 344 in
885 310 1035 353 futurum,
1066 312 1109 344 vot
1147 312 1174 344 in

433 372 468 394 ea
491 359 528 394 ad
549 360 708 395 Ecclesias
730 369 758 394 et
776 361 959 395 monasteria
994 373 1050 393 seu
1072 361 1176 406 digni-

434 419 511 444 tates
538 409 719 444 huiusmodi
741 410 907 455 contigerit
935 411 1123 456 promoveri,
1147 410 1175 443 in

435 459 484 493 illa
511 460 579 493 sine
595 468 700 494 nostra
724 459 769 493 vel
791 459 928 499 atterius,
945 471 1038 505 quem
1058 460 1094 493 ad
1121 461 1177 493 lioc

432 509 614 543 duxerimus
636 508 863 555 deputandum,
890 509 1015 555 speciali
1040 509 1176 545 licentia.

433 559 472 592 de
493 570 553 605 qua
577 570 631 605 per
653 567 786 602 nostras,
807 566 860 592 aut
881 558 1024 593 ciusdem
1049 570 1103 604 per
1122 570 1178 591 nos

433 607 617 653 deputandi,
629 607 732 642 literas
745 616 876 652 constet,
887 608 966 642 ultra
980 616 1041 642 tres
1055 619 1178 641 menses

433 669 449 690 a
463 657 524 697 die,
537 669 599 704 qua
613 656 755 691 eamdem
770 656 898 691 Curiam
914 657 1106 696 intraverint,
1121 669 1176 690 seu

435 706 567 753 promoti
579 706 705 746 suerint,
720 706 942 749 numerandos,
961 718 1021 740 non
1043 705 1176 740 audeant

432 756 632 797 commorari,
654 755 707 790 sed
726 756 763 790 ad
782 768 855 791 suas
877 755 1034 790 Ecclesias
1055 763 1085 788 et
1108 768 1176 789 mo-

434 806 564 840 nasteria
588 813 781 840 revertantur
801 813 830 839 et
858 806 887 839 in
914 805 958 839 eis
985 805 1076 839 etiam
1105 805 1177 838 resi-

433 855 569 889 dentiam
598 854 721 898 faciant,
744 862 775 888 ut
798 853 979 901 praefertur.

481 904 502 950 g
523 906 555 937 4.
578 903 617 937 Et
639 911 673 937 ut
699 902 841 937 obvietur
854 902 1027 947 fraudibus,
1043 902 1080 936 ad
1097 913 1179 949 prae—

434 952 525 987 fatam
552 952 678 986 Curiam
701 952 818 998 absque
847 951 926 986 dicta
956 952 1078 986 licentia
1117 963 1176 985 non

434 1001 563 1036 redeant
585 1001 661 1035 infra
690 1013 806 1036 annum
835 1013 850 1035 a
873 1009 1013 1047 tempore
1036 1011 1180 1035 recessus

435 1051 612 1085 huiusmodi
635 1050 895 1097 computandum.
922 1049 954 1085 Si
984 1062 1056 1085 vero
1083 1050 1178 1096 aliqui

434 1113 469 1134 ex
493 1099 660 1146 praedictis
688 1099 891 1146 praetendant
913 1099 1049 1155 aliquam
1067 1099 1177 1134 iustam

432 1149 697 1187 causamliabere
711 1158 840 1196 propter
852 1161 945 1196 quam
974 1150 1003 1183 in
1033 1150 1098 1196 ipsa
1114 1148 1180 1182 Cu·-

433 1199 474 1233 ria
504 1198 638 1234 habeant
662 1210 779 1233 moram
798 1207 824 1232 tt
827 1198 919 1233 altere
937 1199 1015 1233 ultra
1031 1197 1180 1232 terminos

434 1248 649 1295 supradictos;
673 1248 754 1282 illam
777 1259 882 1282 coram
907 1248 997 1282 nobis
1016 1247 1062 1282 vel
1077 1248 1178 1281 eidem

436 1309 491 1344 per
510 1310 566 1332 nos
587 1297 626 1332 ad
642 1298 700 1332 hoc
721 1297 900 1344 deputando
923 1297 1000 1331 infra
1018 1299 1104 1344 ipsos
1117 1305 1180 1331 ter-

436 1347 538 1381 minos
564 1346 715 1393 allegare,
741 1358 777 1381 ac
810 1357 933 1382 nostrae
961 1347 1005 1381 vel
1039 1346 1179 1381 eiusdem

436 1395 608 1444 deputandi
636 1396 851 1443 responsionis
884 1397 1043 1431 oraculum
1068 1395 1182 1430 babere

436 1457 471 1480 ac
492 1446 657 1481 observare
679 1455 856 1492 procurent.

487 1495 507 1542 S
529 1499 562 1530 5.
589 1495 736 1542 Alioquin
764 1507 874 1529 omnes
890 1503 920 1528 et
942 1494 1093 1541 singulos,
1115 1494 1182 1541 qui,

438 1553 545 1579 contra
572 1545 775 1579 monitionem
804 1552 833 1578 et
867 1544 1047 1578 mandatum
1077 1551 1180 1578 nostra

438 1593 631 1634 huiusmodi,
655 1594 683 1628 in
706 1594 813 1628 eadem
830 1593 922 1628 Curia
939 1594 1064 1636 morari,
1078 1593 1181 1627 autad

437 1644 520 1678 illam
544 1643 620 1678 infra
644 1643 762 1677 dictum
783 1654 898 1677 annum
923 1643 1081 1688 redire,ut
1105 1655 1183 1690 prte-

436 1692 544 1736 fertur,
555 1692 1061 1740 praesumpserint,cuiuscumque
1074 1701 1183 1732 status,

435 1743 554 1777 ordinis
577 1742 622 1776 vel
644 1743 835 1777 conditionis
864 1742 1033 1787 extiterint,
1061 1742 1182 1777 etiamsi

439 1792 646 1839 patriarchali,
658 1792 928 1839 archiepiscopali,
941 1801 992 1827 aut
1014 1791 1182 1838 episcopali

438 1841 650 1888 praefulgeant
683 1841 851 1888 dignitate,
887 1854 948 1876 non
988 1842 1185 1876 obstantibus

438 1890 690 1937 quibuscumque
713 1891 856 1927 licentiis,
875 1891 1044 1938 privilegiis
1058 1902 1113 1925 seu
1137 1891 1185 1924 in-

439 1940 534 1975 dultis
555 1941 720 1975 contrariis
743 1953 797 1988 per
818 1953 874 1975 nos
899 1941 943 1975 vel
967 1953 1185 1987 quoscumque

441 1990 689 2036 praedecessores
705 1998 827 2025 nostros
839 1989 1001 2025 Romanos
1014 1990 1186 2025 Pontifices

439 2040 598 2074 concessis
619 2040 752 2080 eisdem,
774 2040 895 2074 etiamsi
918 2040 956 2074 de
980 2040 1040 2074 illis
1062 2049 1091 2074 et
1113 2040 1186 2074 totis

439 2101 547 2124 eorum
575 2089 735 2124 tenoribus
764 2099 846 2124 esset
869 2089 1086 2136 praesentibus
1112 2102 1187 2136 spe-

440 2143 529 2178 cialis
550 2152 581 2178 et
608 2156 753 2192 expressa
782 2144 898 2179 mentio
921 2143 1077 2187 facienda,
1109 2156 1188 2191 quae

441 2210 496 2245 pet·
519 2206 698 2246 praesentes
713 2199 838 2246 penitus
853 2210 1050 2239 revocamus,
1073 2197 1189 2245 elapsis

441 2252 532 2287 dictis
546 2253 698 2297 terminis,
719 2252 1054 2288 excommunicationis
1068 2260 1190 2287 senten-

443 2306 513 2341 tiam
543 2307 702 2342 incurrere
734 2306 878 2342 volumus
904 2320 941 2342 eo
974 2307 1052 2354 ipso,
1075 2319 1090 2341 a
1118 2319 1189 2353 qua,

445 2368 657 2408 praeterquam
682 2360 711 2394 in
734 2361 843 2395 mortis
868 2361 1000 2396 articulo
1019 2361 1190 2403 constituti,

445 2414 560 2450 absolvi
583 2423 737 2462 nequeant
766 2415 882 2463 absque
911 2425 1014 2451 nostra
1043 2417 1087 2450 vel
1111 2429 1190 2450 suc-

445 2482 603 2505 cessorum
626 2479 804 2505 nostrorum
831 2470 1046 2506 Romanorum
1084 2470 1191 2505 Ponti-

447 2524 539 2558 ficum
567 2525 690 2559 licentia
710 2525 850 2571 speciali.

495 2578 515 2624 g
536 2579 568 2612 6.
586 2578 667 2613 Nulli
686 2592 759 2625 ergo
775 2581 904 2614 omnino
922 2580 1086 2614 hominum
1103 2580 1193 2614 liceat

449 2631 527 2667 lianc
550 2632 692 2680 paginam
717 2641 893 2667 nostrorum
928 2633 1064 2668 mandati
1087 2642 1115 2668 et
1140 2645 1194 2667 vo-

1000 256 1183 278 ttttLtAtttmtt
1208 255 1366 277 ttoatttxttnt

1218 310 1345 343 luntatis
1383 309 1550 355 iuli-ingere
1583 317 1635 343 erc.
1664 310 1778 345 Datum
1798 311 1961 347 avenione

1217 367 1323 392 octavo
1347 358 1494 392 kalendas
1517 359 1674 399 februarii,
1692 361 1889 406 pontificatus
1905 374 1963 396 no-

1217 410 1269 442 stri
1297 420 1380 441 auno
1407 408 1557 442 secundo.

1257 469 1316 498 Dat.
1333 470 1378 499 dic
1395 470 1432 498 25
1448 469 1572 499 ianuarii
1590 469 1676 507 1372,
1692 471 1793 509 pontis.
1809 480 1885 502 anno
1901 481 1930 502 tt.

1561 622 1612 656 Vl.

1221 694 1389 727 Damnalt'o
1410 695 1614 738 quorumdam
1630 702 1811 729 statutorum
1825 697 1857 729 ἱνα
1874 708 1966 740 reyno

1267 744 1444 787 Araqom'cte
1455 755 1509 788 per
1524 756 1601 788 quae
1622 746 1824 779 Ecclesiarum
1845 747 1966 779 libertas

1267 800 1292 825 et
1338 794 1607 827 ecclesiasticarum
1642 807 1843 839 personarum
1887 796 1967 829 bona

1267 843 1481 887 afficiebantur
1504 845 1530 886 (t
1539 846 1559 885 ).

1489 921 1700 952 SUMMARtUM

1220 986 1245 1015 l.
1266 985 1394 1015 Primum
1428 991 1577 1017 statutum.
1603 1004 1643 1009 -
1672 988 1699 1017 02.
1722 988 1852 1018 Alterum
1877 993 1968 1018 statu-

1260 1034 1331 1060 tum.
1351 1047 1389 1052 —
1407 1031 1435 1061 3.
1455 1031 1585 1061 Tertium
1606 1036 1756 1061 statutum.
1773 1049 1809 1054 —
1825 1033 1853 1062 4.
1871 1032 1967 1068 Quar-

1261 1079 1319 1103 tttni
1343 1079 1496 1104 statutum.
1519 1092 1558 1097 —
1583 1075 1610 1104 5.
1634 1075 1670 1104 Ex
1690 1077 1714 1105 vi
1746 1077 1848 1106 horum
1873 1082 1968 1106 statu-

1259 1123 1353 1147 torum
1375 1119 1429 1148 vim
1453 1119 1598 1158 aliquam,
1626 1121 1774 1156 iniuriam,
1799 1125 1849 1149 etc.
1874 1120 1970 1149 Eccle-

1260 1163 1313 1192 Siis
1332 1168 1359 1193 et
1378 1164 1512 1202 personis
1535 1164 1745 1194 ecclesiasticis
1768 1165 1869 1194 inferri
1897 1170 1972 1194 vetat

1260 1206 1403 1236 Pontifex.
1425 1225 1463 1229 —
1485 1208 1511 1237 ὓ.
1534 1207 1708 1247 Spirituales
1732 1219 1842 1247 poenae
1870 1213 1969 1238 contra

1260 1251 1472 1281 inobedientes.
1504 1269 1542 1273 —
1575 1253 1600 1281 7.
1632 1252 1767 1283 Extensio
1801 1253 1971 1282 huiusmodi

1261 1304 1430 1333 poenarum.
1449 1312 1486 1317 —
1506 1296 1532 1325 8.
1551 1296 1737 1327 Obstantium
1758 1297 1916 1335 derogatio.
1934 1313 1973 1319 -

1260 1340 1286 1368 9.
1309 1339 1476 1370 Clausulae.

1267 1415 1412 1450 Gregorius
1430 1416 1580 1452 episcopus,
1599 1423 1696 1446 servus
1715 1424 1855 1446 servorum
1866 1418 1927 1451 Dei.

1371 1465 1405 1493 ad
1436 1465 1561 1494 futuram
1591 1468 1633 1495 rei
1656 1467 1823 1495 memoriam.

1271 1536 1303 1571 Si
1340 1537 1411 1584 quis
1438 1537 1549 1584 culpas
1587 1539 1840 1586 delinquentium
1873 1552 1972 1586 poena

1223 1586 1340 1620 sineret
1364 1588 1548 1634 impunitas
1571 1600 1668 1622 ausus
1691 1589 1883 1635 malignandi
1900 1602 1973 1624 suc-

1223 1644 1388 1676 cresceret,
1416 1645 1446 1670 et
1475 1636 1546 1671 mali
1571 1637 1740 1684 prohibitio
1768 1638 1851 1673 nulla
1879 1648 1972 1674 esset

1271 1685 1291 1732 S
1317 1690 1345 1720 t.
1368 1685 1450 1721 Sane
1466 1698 1575 1734 nuper,
1603 1687 1752 1723 relatione
1779 1687 1839 1723 fide
1865 1688 1972 1734 digna,

1224 1735 1260 1770 ad
1285 1744 1425 1770 nostrum
1455 1749 1516 1771 non
1544 1737 1613 1771 sine
1648 1738 1762 1772 mentis
1797 1738 1972 1774 turbatione

1226 1785 1367 1832 pervenit
1388 1786 1540 1827 auditum,
1559 1786 1643 1833 quod
1668 1788 1697 1821 iu
1715 1788 1807 1822 terris
1821 1789 1972 1823 carissimi

1226 1836 1256 1869 in
1284 1834 1411 1869 Christo
1450 1835 1501 1870 filii
1533 1837 1629 1871 nostri
1658 1836 1740 1871 Petri
1773 1838 1854 1884 regis
1890 1840 1975 1873 Ara-

1224 1896 1340 1930 gonum
1357 1885 1484 1920 illustris
1500 1885 1640 1920 dominio
1654 1895 1683 1920 et
1699 1886 1808 1921 ditioni
1825 1886 1975 1922 subiectis

1225 1934 1367 1968 nonnulli
1411 1936 1582 1982 temporale
1609 1935 1785 1970 dominium
1815 1936 1976 1980 babentes,

1227 1996 1299 2017 vero
1321 1993 1466 2030 gerentes
1488 1984 1586 2019 officia
1609 1985 1816 2020 saecularium
1841 1995 1977 2033 potesta-

1228 2042 1305 2077 tum,
1319 2034 1384 2068 suis
1399 2035 1540 2069 terminis
1554 2047 1614 2070 non
1628 2036 1780 2076 contenti,
1801 2035 1975 2070 libertatem

1227 2092 1256 2117 et
1284 2084 1513 2118 immunitatem
1540 2084 1798 2125 ecclesiasticam,
1816 2093 1977 2132 praetextu

1227 2133 1435 2179 quorumdam
1458 2142 1659 2175 statutorum,
1679 2133 1803 2169 laedere
1828 2135 1979 2190 multipli-

1228 2183 1305 2217 citer
1322 2195 1382 2217 non
1407 2191 1568 2218 utentur:
1592 2192 1736 2218 asserunt
1758 2185 1873 2219 etenim
1899 2186 1980 2220 iuter

1229 2231 1410 2267 huiusmodi
1445 2241 1557 2268 statuta
1595 2246 1691 2268 unum
1725 2246 1806 2274 esse,
1834 2234 1917 2281 quod
1941 2235 1979 2269 de

1230 2283 1315 2316 Sono
1336 2284 1442 2317 emisso
1466 2283 1636 2322 intitulant,
1653 2284 1766 2318 eteius
1784 2284 1889 2330 vigore
1906 2285 1980 2331 ipsis

1231 2331 1337 2367 licere,
1357 2332 1432 2366 dum
1456 2332 1568 2379 aliquis
1591 2333 1770 2368 malefactor
1791 2333 1926 2379 fugiens,
1942 2346 1980 2368 ne

1230 2383 1370 2428 capiatur
1390 2383 1428 2417 ab
1443 2382 1628 2417 officialibus
1642 2383 1811 2418 saecularis
1834 2384 1979 2422 iustitiae,

1233 2440 1408 2478 receptatur
1436 2432 1466 2466 in
1489 2441 1591 2467 castro
1612 2433 1717 2480 aliquo
1739 2445 1793 2467 seu
1823 2433 1979 2477 fortalitio,

1232 2481 1256 2513 si
1281 2481 1431 2516 babentes
1452 2483 1542 2517 castri
1565 2495 1619 2517 seu
1635 2483 1768 2517 fortalitii
1792 2484 1979 2527 custodiam,

1234 2531 1388 2577 requisiti,
1401 2544 1473 2566 eunt
1491 2533 1652 2567 restituere
1663 2534 1834 2577 noluerint,
1844 2541 1978 2568 castrum

1235 2580 1410 2615 huiusmodi
1440 2581 1599 2626 insultare,
1626 2595 1747 2629 capere,
1776 2584 1878 2629 ipsunt
1907 2582 1979 2617 fun-

1269 2647 1308 2680 (t)
1328 2646 1365 2672 Ex
1387 2647 1490 2681 Regest.
1508 2647 1592 2673 Vatic.

1979 261 2026 284 An.
2046 258 2074 284 C.
2091 258 2155 284 ¹572

2000 1703 2090 1724 Primum
2103 1706 2171 1724 statu-

1988 1737 2038 1754 tutu.
