2274 3265
102 272 154 301 Ᾰη.
176 274 285 302 c.15t5

104 516 171 535 {latum

104 552 147 567 rem
156 555 159 566 τ

118 981 183 1000 Atiam
201 984 288 1000 contra-

104 1016 170 1032 ctum:

120 1377 175 1397 Pone
204 1383 289 1398 caetum

106 1412 165 1428 sanet

120 1670 142 1691 ln
158 1672 204 1692 eius
234 1672 289 1691 obitu

107 1701 159 1723 Crux
175 1705 267 1728 appui-et.

138 2232 274 2259 Paralyticus,

931 274 1075 297 cum-:ss
1104 273 1123 294 V
1152 273 1199 295 Pi».

302 329 372 363 tatis
394 328 510 372 locum,
531 328 598 371 suit,
619 337 688 376 post
706 329 859 363 morulam
885 329 1051 372 modicam,

301 386 430 413 sanatus
452 378 586 413 totaliter
613 386 644 413 et
673 377 818 425 perfecte.

351 428 449 474 520.
479 427 560 463 Cum
589 428 683 463 etiam
715 428 828 462 summi
853 427 1051 474 pontificatus

116 478 441 512 croceammweulmine
482 479 708 525 praeemineret,
740 476 893 523 quaedam
926 476 1050 515 mulier,

211 515 287 535 mutie-

302 539 382 574 quae
419 528 445 561 vi
481 527 581 561 morbi
618 538 674 574 per
702 538 802 560 annos
828 533 962 572 quatuor
998 537 1051 571 per

304 586 402 611 totum
425 589 542 624 corpus
569 578 714 612 extiterat
741 586 849 610 crocea
881 583 913 609 et
935 574 1051 619 inflata,

303 639 383 674 quae
411 627 505 662 etiam
529 625 649 673 operari
665 625 834 671 quicquam
853 636 915 658 non
933 632 1051 670 poterat

303 689 359 711 nec
385 676 505 723 absque
526 674 706 721 gravamine
730 674 860 708 notabili
878 673 1050 717 ambulare,

301 727 404 761 delata
436 726 473 760 ad
498 724 613 764 locum,
646 736 701 770 per
734 735 829 771 quem
862 732 925 758 erat
958 724 1052 758 frater

302 775 424 816 Petrum,
448 783 522 809 tunc
533 773 686 809 Summus
712 772 871 814 Pontifex,
900 774 1051 808 transitu-

303 838 367 868 rus,
389 832 421 859 et
451 822 616 859 benedicta
650 822 690 856 ab
722 823 802 870 ipso,
834 822 977 858 restituta
1004 831 1051 857 est

304 874 386 909 illico
414 873 563 920 pristinae
585 871 721 907 sanitati.

350 923 450 970 321.
477 922 546 957 Alia
580 921 734 969 quaedam
763 920 878 956 mulier
904 922 948 957 sic
975 933 1052 956 con·-

303 981 397 1007 tracta
427 972 458 1006 in
487 971 635 1006 omnibns
658 970 808 1006 membris
829 972 909 1015 suis,
934 979 965 1005 ut
995 983 1053 1006 nec

281 1021 464 1057 -ambulare
491 1029 608 1068 posset,
628 1032 686 1054 nec
715 1021 825 1055 mutari
853 1020 892 1055 de
923 1020 991 1055 loco
1013 1020 1050 1055 ad

304 1071 407 1107 locum
425 1099 434 1115 ‚
466 1071 523 1105 nisi
561 1070 599 1104 ab
625 1069 696 1104 aliis
723 1078 923 1117 portaretur⁷
951 1071 1051 1116 posita

305 1133 397 1156 secus
424 1121 517 1163 viam,
546 1131 708 1167 perquam
735 1120 801 1166 ipse
823 1119 917 1154 frater
939 1119 1053 1153 Petrus

306 1179 380 1205 tunc
414 1169 578 1204 transitum
612 1168 756 1212 faciebat,
796 1176 825 1203 et
858 1168 928 1203 data
958 1181 1053 1215 super

305 1221 405 1267 ipsam
428 1220 533 1253 crucis
553 1217 788 1262 benedictione,
812 1219 981 1265 peripsum
996 1218 1052 1252 fuit

305 1269 441 1318 perfecte
467 1268 618 1302 continuo
647 1266 786 1302 liberata.

353 1320 450 1366 §22-
485 1317 656 1363 Postquam
685 1316 881 1351 renunciavit
909 1316 1052 1363 papatui,

304 1368 441 1407 ruidam,
468 1366 521 1413 qui
549 1378 586 1400 ex
609 1373 674 1400 toto
710 1378 788 1412 pene
812 1366 916 1400 visum
948 1365 1053 1412 perdi-

303 1417 402 1458 derat,
425 1428 496 1450 cum
520 1427 554 1449 se
576 1415 634 1462 ipsi
658 1414 742 1449 fratri
776 1415 870 1450 Petro
897 1426 1053 1462 praesen·

304 1474 420 1506 tasset,
448 1463 638 1512 superducta
671 1464 807 1509 quadam
839 1476 931 1512 parva
959 1476 1053 1499 cruce

304 1516 403 1562 lignea
437 1515 540 1549 oculis
573 1514 734 1562 patientis,
773 1515 909 1549 restituit
932 1514 1052 1560 integre

304 1574 407 1600 statim
432 1576 545 1599 visum.

353 1615 374 1662 ὃ
399 1616 457 1649 25.
480 1612 628 1659 Denique
655 1621 690 1646 ut
713 1613 742 1648 in
766 1614 836 1648 eius
867 1613 955 1648 obitu
978 1625 1054 1648 snae

304 1664 476 1699 sanctitatis
503 1663 628 1698 lucidae
661 1661 804 1698 divinum
838 1663 1053 1699 testimonium

306 1727 366 1749 non
384 1714 520 1757 deesset,
541 1712 582 1748 de
605 1712 670 1759 ipsa
686 1725 792 1754 cruce,
817 1725 911 1760 quam
931 1725 1055 1748 summe

306 1764 416 1799 dilexit
442 1771 473 1798 et
494 1762 625 1803 lumine,
653 1761 726 1797 fecit
745 1762 831 1798 Deus
848 1763 973 1809 signum
994 1764 1055 1797 mi-

306 1814 403 1850 rabile
425 1824 588 1861 apparere.
617 1811 745 1847 Etenim
776 1822 918 1861 tempore
945 1813 1055 1847 mortis

306 1876 380 1898 suae
408 1862 550 1911 apparuit
587 1860 673 1895 Crux
703 1875 794 1909 parva
822 1871 852 1897 et
884 1862 1001 1909 fulgida
1025 1863 1054 1896 in

307 1913 412 1948 medio
439 1912 532 1947 hostii
562 1922 703 1946 camerae
733 1913 763 1947 in
786 1924 846 1960 qua
869 1921 950 1956 erat,
976 1924 1056 1958 quae

307 1962 342 1997 ad
359 1962 487 1997 modum
504 1960 665 2006 vertiginis
687 1973 721 1996 se
744 1962 882 2002 volvens,
904 1962 1056 1996 continuo

309 2012 480 2059 permansit
521 2010 671 2045 divinitus
705 2023 856 2058 suspensa
896 2011 925 2045 in
965 2022 1056 2051 aere,

308 2060 516 2109 quoadusque
542 2071 657 2107 corpus
687 2060 757 2096 eius
781 2061 819 2096 de
847 2061 911 2108 ipsa
933 2073 1055 2095 camera

308 2124 353 2150 est
381 2114 578 2150 translatum.

359 2174 373 2212 ξ
400 2171 457 2203 24.
489 2168 553 2204 Sed
581 2178 611 2204 et
639 2176 708 2218 post
730 2169 848 2203 obitum
877 2169 931 2202 viri
959 2168 1057 2203 sancti

310 2224 436 2270 quidam
468 2224 514 2258 sic
540 2233 586 2258 est
616 2236 785 2271 percussus
821 2222 996 2270 paralypsi,
1027 2230 1055 2255 ιιι

312 2290 368 2312 nec
388 2277 561 2321 ambulare,
579 2291 637 2313 nec
655 2287 750 2321 stare,
767 2289 824 2311 nec
847 2277 931 2323 loqui
954 2285 1058 2323 posset

311 2332 557 2379 quoquomodo:
575 2332 691 2367 ductus
712 2333 749 2367 ad
772 2332 873 2366 locum
899 2331 949 2365 uhi
967 2331 1058 2365 frater

312 2386 423 2420 Petrus
452 2386 677 2433 poenitentiam
700 2385 802 2420 facere
831 2385 1007 2428 consuevit,
1029 2394 1057 2419 et

312 2449 420 2475 catena
447 2440 596 2487 quadam,
619 2453 714 2488 quam
750 2449 889 2487 portasse
917 2439 955 2474 ad
984 2452 1059 2474 car—

313 2509 382 2530 nem
412 2495 527 2530 nudam
555 2496 718 2530 dicebatur
740 2495 814 2529 dum
839 2495 965 2537 viveret,
997 2506 1060 2540 ap·-

314 2551 414 2597 posita
438 2550 585 2597 patientis
607 2549 687 2584 collo
702 2557 730 2583 et
747 2548 841 2595 capiti
878 2556 908 2582 et
930 2549 1061 2582 caeteris

315 2603 465 2638 membris
499 2603 593 2647 eius,
625 2602 685 2637 fuit
719 2602 820 2636 statim
857 2601 984 2648 penitus
1023 2602 1061 2635 li-

314 2657 452 2692 beratus.

394 2715 468 2745 Ball.
493 2715 567 2745 Rom.
590 2715 644 2745 t‘ol.
665 2714 711 2744 It'.
888 2713 925 2744 30

1092 377 1206 421 standi,
1235 388 1390 423 usumque
1418 389 1530 411 manus
1558 377 1746 423 perdiderat.
1775 376 1836 411 du-

1092 436 1161 461 ctus
1182 426 1220 461 ad
1249 426 1437 470 Ecclesiam,
1465 426 1516 460 ubi
1545 426 1618 461 dicti
1646 427 1751 462 Sancti
1773 439 1835 462 cor·

1093 489 1150 522 pus
1170 476 1247 511 iacet
1270 476 1477 515 reconditum,
1500 485 1529 510 et
1555 485 1742 523 pernoctans
1763 489 1834 511 cum

1091 526 1186 561 animi
1203 526 1370 560 devotione
1393 526 1422 559 in
1446 525 1568 565 eadem,
1583 526 1679 560 sensit
1696 538 1730 559 se
1744 537 1836 560 mane

1093 575 1226 610 totaliter
1247 588 1263 611 a
1291 575 1373 609 dicta
1402 574 1581 608 infirmitate
1609 575 1786 609 liberatum.

1140 625 1159 671 ἓ
1180 626 1237 659 26.
1264 624 1320 660 His
1343 633 1372 659 et
1394 624 1462 658 aliis
1487 636 1580 671 quam
1609 625 1754 671 plurimis
1781 626 1835 659 mi-

1093 676 1207 710 raculis
1229 675 1374 722 gloriosis
1398 674 1570 708 mirificavit
1587 673 1743 708 Dominus
1759 672 1835 708 San-

1091 734 1176 760 ctum
1199 737 1292 760 suum
1316 732 1347 758 et
1358 723 1478 758 clarum
1504 723 1622 757 mundo
1651 724 1787 758 reddidit
1801 736 1836 758 ac

1092 774 1271 810 colendum.
1294 772 1446 808 Gaudens
1469 773 1574 820 itaque
1593 772 1718 820 plaudat
1740 780 1836 806 mater

1092 824 1246 863 Ecclesia,
1283 832 1313 858 et
1346 835 1458 858 suaves
1491 823 1654 870 depromat
1676 822 1835 857 melodias.

1091 873 1169 909 Nam
1208 873 1258 908 hic
1291 872 1406 907 Christi
1441 871 1619 911 consessor,
1643 871 1756 906 eximia
1782 883 1838 905 sua

1093 923 1213 970 proles,
1247 924 1327 957 inter
1353 921 1516 957 beatorum
1556 921 1680 968 agmina
1716 919 1838 956 stellam

1094 972 1232 1020 possidet
1255 971 1437 1006 matutinam
1461 979 1490 1006 et
1517 983 1612 1017 super
1625 969 1740 1005 Christi
1756 982 1839 1004 men-

1092 1035 1157 1056 sam
1174 1034 1244 1057 cum
1259 1020 1389 1067 angelis,
1417 1033 1471 1056 ore
1490 1020 1594 1067 pleno.
1611 1020 1702 1054 melle
1716 1019 1839 1054 dulcius

1093 1071 1232 1106 abditum
1257 1083 1368 1105 manna
1384 1078 1496 1116 gustat.
1516 1069 1650 1104 lubilare
1673 1081 1734 1103 non
1757 1069 1839 1116 quie·

1092 1129 1157 1155 scat
1185 1120 1274 1168 plebs
1295 1119 1463 1154 catholica:
1499 1131 1570 1153 nam
1598 1130 1750 1153 accensus
1778 1118 1840 1152 cal-

1093 1170 1205 1214 culns,
1239 1181 1332 1216 quem
1366 1181 1404 1203 ex
1431 1170 1499 1202 eius
1526 1167 1630 1202 medio
1658 1168 1709 1201 ille
1738 1168 1841 1201 inten-

1093 1219 1172 1253 dens
1202 1219 1358 1265 seraphyn
1395 1218 1465 1253 tulit
1500 1217 1617 1264 forcipe
1640 1217 1678 1251 de
1701 1216 1787 1251 altari
1810 1217 1839 1250 in

1093 1281 1141 1311 ea,
1169 1280 1250 1315 quae
1275 1279 1400 1301 sursum
1423 1276 1471 1301 est
1498 1266 1706 1306 Hierusalem,
1735 1266 1842 1312 ignitis

1094 1317 1264 1364 lapidibus,
1287 1318 1318 1350 in
1338 1328 1471 1364 quorum
1496 1316 1598 1350 medio
1614 1328 1666 1350 rex
1684 1316 1841 1350 caelorum

1093 1367 1245 1410 ambulat,
1258 1374 1304 1400 est
1319 1367 1516 1400 coniunctus.
1532 1364 1625 1399 Hunc
1640 1364 1723 1411 apud
1741 1364 1841 1399 Deum

1093 1416 1279 1451 advocatum
1304 1415 1410 1458 habet,
1433 1427 1526 1462 quem
1551 1413 1620 1449 l'ons
1647 1414 1780 1449 effluxus
1793 1425 1843 1460 pe-

1095 1466 1204 1501 rennis
1239 1465 1378 1500 iucunde
1410 1463 1554 1503 inebriat,
1592 1463 1718 1498 abunde
1753 1462 1844 1497 faciat

1094 1516 1216 1562 lignum
1241 1515 1330 1549 vitae.
1358 1513 1554 1549 Iucundetur
1580 1512 1710 1560 insuper
1733 1512 1844 1558 religio

1095 1577 1150 1613 per
1166 1565 1270 1613 ipsum
1288 1564 1437 1608 instituta,
1453 1572 1483 1598 et
1506 1564 1535 1597 in
1560 1563 1668 1597 laudes
1690 1562 1842 1597 Altissimi

1095 1627 1210 1661 organa
1234 1616 1320 1649 vocis
1348 1614 1438 1648 laxet.
1462 1612 1540 1647 Nam
1565 1612 1614 1647 hic
1642 1613 1710 1647 eius
1738 1620 1843 1659 prote-

1095 1673 1162 1699 ctor
1178 1664 1357 1699 indefessus
1379 1663 1456 1697 stola
1474 1661 1715 1697 immortalitatis
1737 1661 1843 1696 indui-

1096 1723 1156 1755 tur,
1183 1727 1218 1750 ac
1241 1714 1356 1749 sedens
1389 1725 1461 1748 cum
1493 1713 1704 1760 principibus,
1728 1712 1841 1746 solium

1095 1766 1213 1811 gloriae
1240 1765 1450 1810 sempiternae
1473 1774 1599 1809 semper
1614 1762 1731 1796 clarum
1747 1769 1842 1796 tenet.

1144 1815 1242 1859 327.
1278 1813 1395 1848 Verum
1429 1814 1501 1860 quia
1537 1813 1667 1858 dignum
1702 1819 1767 1850 est,
1793 1819 1843 1852 ut,
1879 1823 1992 1844 amma„
2023 1833 2027 1843 ι

1858 1857 1896 1875 §tis
1907 1856 2030 1875 adscribitur

1096 1860 1189 1911 quem
1214 1864 1242 1897 in
1275 1863 1361 1898 caelo
1394 1874 1518 1897 sursum
1552 1861 1637 1896 Deus
1668 1861 1843 1907 glorificat,

1097 1914 1148 1948 hic
1164 1913 1293 1947 inferius
1306 1912 1344 1947 ad
1366 1924 1457 1947 sunm
1482 1911 1689 1958 patrocinium
1705 1910 1844 1945 mundus

1097 1963 1188 2003 colat,
1211 1974 1269 1996 nos
1291 1962 1329 1996 de
1356 1962 1519 1996 sanctitate
1542 1961 1632 2001 vitae,
1655 1972 1691 1995 ac
1718 1960 1845 1994 veritate

1099 2012 1321 2047 miraculorum
1345 2011 1449 2046 Sancti
1473 2010 1579 2055 huius,
1603 2010 1642 2044 de
1660 2009 1780 2056 quibus
1803 2010 1844 2043 in-

1098 2062 1178 2109 quiri
1212 2061 1346 2096 fecimus
1372 2061 1550 2106 diligenter,
1584 2059 1747 2106 prudentis
1770 2071 1845 2093 exa—

1098 2112 1192 2147 minis
1214 2111 1412 2145 discussione
1430 2110 1580 2149 adhibim,
1604 2108 1726 2154 plenam
1745 2116 1774 2142 et
1797 2108 1845 2142 lir-

1099 2174 1180 2196 mam
1210 2160 1430 2196 certitudinem
1465 2158 1665 2195 obtinentes,
1701 2157 1843 2204 requisiti

1100 2212 1226 2257 insuper
1255 2209 1462 2256 praelatorum
1482 2208 1636 2245 omnium,
1659 2216 1733 2241 tunc
1754 2207 1838 2253 apud

1098 2260 1213 2295 Sedem
1246 2259 1460 2306 Apostolicam
1495 2256 1844 2303 existentium,siippli-

1100 2311 1221 2345 ratione
1243 2308 1355 2342 humili
1379 2316 1409 2342 et
1436 2308 1557 2347 devota,
1579 2307 1617 2340 de
1644 2305 1771 2339 fratrum
1793 2318 1846 2339 no-

1099 2369 1235 2394 strorum
1263 2358 1396 2392 consilio
1423 2365 1452 2391 et
1480 2369 1634 2397 assensu,
1668 2354 1777 2389 conlisi
1805 2355 1843 2389 de

1100 2409 1326 2456 omnipotentis
1344 2407 1402 2441 Dei
1427 2407 1549 2443 virtute,
1572 2405 1753 2440 auctoritate
1769 2416 1845 2451 quo-

1100 2471 1161 2505 que
1181 2459 1342 2492 beatorum
1362 2456 1444 2491 Petri
1467 2465 1496 2490 et
1521 2455 1607 2490 Pauli
1631 2455 1844 2501 apostolorum

1100 2511 1178 2553 eius,
1202 2518 1232 2543 et
1255 2517 1375 2545 nostra,
1398 2507 1501 2552 ipsum
1518 2513 1696 2539 sanctorum
1720 2503 1846 2539 confes—

1101 2571 1204 2593 sorum
1229 2556 1392 2601 cathalogo
1418 2555 1567 2590 duximus
1593 2553 1843 2588 adscribendum.

1150 2612 1165 2651 ξ
1191 2608 1247 2641 28,
1282 2605 1420 2653 Ideoque
1454 2604 1684 2640 universitatem
1713 2611 2040 2663 “mmmeiffssffl³g⁴sj²¹²²

1104 2669 1269 2693 monemus
1300 2663 1329 2690 el
1357 2656 1518 2690 hOl'lssmur
1544 2662 1660 2688 allessle
1692 2665 1746 2700 per
1767 2665 1846 2701 apo-

1716 262 1787 295 235
1815 309 1818 312 ‚
1851 272 1898 297 Αἰ.
1918 271 1935 296 c
1966 272 2030 298 1313

1141 327 1161 374 ἓ
1183 329 1241 362 25.
1263 326 1398 368 Quidam
1422 328 1474 374 qui
1507 329 1585 362 vires
1606 326 1786 362 ambulandi
1801 338 1836 361 ac
1864 336 1945 357 vinnm
1966 338 2033 356 desi·-

1851 372 1906 389 iuius
1924 376 1944 388 »a

1863 640 1947 660 Gadi}
1973 646 2011 665 ἃρμ’
2024 652 2033 653 7

1851 671 1938 691 tualism
1975 676 2033 690 nui-

1850 704 1932 722 tandum.
