2274 3265
138 290 180 315 Nn.
201 290 218 315 C
247 289 311 315 t'1225

150 1735 281 1755 Prommium.

948 292 992 314 Mt
1000 291 1111 314 rt’riNth
1133 291 1153 312 V
1180 291 1228 313 PP.

664 347 746 382 xlx.

329 429 482 461 Institutio
509 430 615 462 Stadii·
634 430 783 472 qeiierali's
805 430 836 461 i‘n
870 430 984 472 oppido
1020 429 1078 461 Lo-

375 479 472 519 vani'i,
489 485 558 510 tunc
574 479 755 515 Leodiensi's,
780 490 860 511 nunc
883 478 1078 511 Mechli‘iii‘en-

376 529 416 559 si's
433 529 584 569 dioecesis,
598 534 622 559 et
636 528 763 560 ducatus
788 529 988 568 Brabanli‘ae,
1011 540 1075 560 cum

375 578 608 621 privilegiorum
634 584 660 608 et
681 578 854 619 yrmi‘arum
882 577 1075 620 elarqi'ei'oue,

377 638 412 659 ac
426 627 643 659 nonnullorum
659 634 841 659 scalmorum
853 627 1075 671 praefinitione.

588 713 801 743 SUMMAtutJM

327 775 516 805 Prooemiuin.
532 792 571 797 —-
592 776 617 808 1,
636 775 661 804 2.
679 775 767 804 Ducis
784 775 957 805 Brabantiae
977 777 1077 814 petitio

368 829 418 857 pro
448 819 622 849 Lovaniensi
647 821 784 856 erigenda
810 820 1014 850 Universitate.
1041 838 1078 843 ——

365 865 392 893 3.
412 864 534 893 Domum
555 869 650 902 aptam
671 866 704 893 ad
726 865 780 894 hoc
801 866 881 902 eligit
904 875 969 895 cuin
987 866 1076 895 rebus

365 909 504 939 omnibus
528 911 711 948 opportunis.
731 927 768 931 —
789 911 816 940 4.
840 911 928 940 Ducis
948 910 1078 941 Brabon-

366 954 421 983 tiae
441 954 575 993 petitioni
603 954 699 983 addita
721 955 859 984 nonnulla
889 955 922 984 de
953 957 1076 985 rectoris

364 999 537 1027 auctoritate
557 1003 583 1027 et
602 998 792 1028 scholarium:
815 1016 853 1021 -
875 1000 901 1029 5.
918 1000 957 1029 Ac
977 1001 1077 1029 docto-

364 1052 427 1071 rum
454 1043 624 1081 privilegiis.
657 1060 695 1064 —
727 1043 752 1072 6.
776 1042 917 1072 Martinus
946 1044 1074 1073 studium

365 1087 473 1117 ibidem
508 1088 534 1115 in
564 1087 696 1125 qualibet
727 1088 881 1121 facultate,
912 1088 1075 1126 theologica

365 1137 492 1170 excepta,
516 1132 650 1161 instituit.
669 1148 707 1153 —
726 1132 752 1161 7.
774 1131 920 1168 Magistris
940 1138 966 1161 et
985 1133 1075 1162 scho-

365 1176 476 1205 laribus
507 1181 688 1205 caeterarum
720 1175 949 1205 Universitatum
983 1178 1081 1215 piavi-‘³

364 1220 437 1258 legia
456 1220 607 1258 elargitur.
623 1237 662 1242 —
678 1221 703 1249 8.
726 1220 761 1248 lle
782 1220 980 1249 licentiaudis.
996 1238 1034 1243 —
1049 1222 1075 1251 9.

366 1264 514 1294 liicentiati
544 1265 652 1303 ubique
676 1265 780 1294 docere
805 1270 939 1302 possunt.
968 1282 1007 1286 ——
1032 1266 1075 1295 io.

365 1308 547 1338 Scholastica
570 1309 635 1338 data
656 1308 780 1338 facultas
799 1318 1003 1348 quascumque
1022 1320 1074 1339 co-

364 1353 524 1390 gnoscendi
540 1362 644 1381 causas
662 1353 695 1380 ad
714 1352 847 1381 ductores
864 1353 1075 1392 scholaresque

365 1398 554 1435 pertinentes.
574 1414 610 1417 —
642 1397 683 1425 ll.
703 1395 889 1426 Obstantium
915 1397 1074 1434 derogatio.

362 1458 401 1462 —
420 1441 464 1470 12.
488 1440 549 1470 Nisi
574 1441 631 1470 dux
650 1446 676 1469 et
694 1441 892 1469 communitas
921 1442 1075 1480 promissis

364 1485 436 1514 inl'ra
461 1495 568 1514 aunum
594 1485 736 1521 steterint,
761 1485 813 1514 has
839 1485 951 1515 litteras
976 1486 1074 1516 irritas

363 1530 431 1559 vult.

376 1607 512 1635 Martinus
530 1607 672 1642 episcopus
692 1614 787 1635 servus
804 1614 945 1635 servorum
965 1607 1020 1640 Dei,

472 1657 505 1683 ad
521 1657 681 1691 perpetuam
697 1655 739 1683 rei
757 1656 926 1684 memoriam.

372 1727 553 1774 Sapientiae
578 1727 858 1771 immarcescibilis,
881 1729 969 1762 cuins
993 1729 1077 1762 inex-

323 1776 489 1823 tinguibile
512 1776 628 1811 eradiat
657 1777 775 1821 lumen,
794 1778 948 1824 cuiusque
972 1779 1075 1812 inlini-

322 1835 372 1860 tus
394 1835 439 1860 est
458 1827 622 1860 thesaurus
643 1839 768 1861 omnem
788 1828 904 1861 liabens
922 1828 1072 1872 vigorem,

323 1884 353 1910 et
381 1876 502 1910 virtutis
518 1876 669 1910 Altissinii
687 1877 895 1923 dispensator,
919 1878 1076 1911 omnium-

323 1939 383 1973 que
411 1926 616 1960 chrismatum
641 1926 788 1972 elargitor
817 1928 880 1973 ipse
918 1927 1075 1961 Dominus

323 1977 359 2009 ad
383 1976 443 2009 hoc
466 1989 540 2010 suae
568 1976 774 2010 miserationis
797 1977 978 2022 dignatione
1017 1990 1074 2011 no-

324 2025 383 2060 bis.
411 2025 481 2059 licet
507 2026 681 2063 immeritis,
696 2039 829 2072 sponsae
849 2039 924 2059 suae
947 2027 1076 2061 nniver-

323 2075 397 2109 salis
415 2074 577 2110 Ecclesiae
606 2076 746 2121 regimen
772 2076 817 2121 pia
842 2076 1075 2122 dispensatione

324 2124 492 2161 commisit,
521 2134 548 2158 ct
581 2133 704 2159 nostrae
727 2124 896 2160 debilitatis
918 2125 1009 2159 oculo
1028 2127 1076 2160 iii-

323 2187 397 2220 gum
440 2175 589 2221 imposuit
621 2175 808 2220 apostolicae
836 2177 1019 2213 servitutis.
1044 2184 1075 2210 ut

325 2226 353 2257 in
378 2224 460 2258 Petri
490 2224 615 2270 specula
643 2225 747 2271 positi,
776 2234 932 2271 tamquam
956 2225 994 2259 de
1016 2238 1075 2259 su—

325 2285 432 2319 premo
452 2275 564 2308 vertice
584 2274 620 2308 ad
646 2274 749 2308 intima
770 2275 876 2308 mundi
894 2275 1075 2322 prothopla-

323 2324 426 2370 stique
451 2333 603 2370 posteros,
625 2324 677 2370 qni
703 2336 763 2357 non
788 2325 956 2358 nativitatis
977 2325 1076 2371 ‹lepo-

323 2382 416 2408 scunt
456 2373 588 2411 fructus,
616 2373 669 2406 scd
708 2374 929 2419 intelligentiae
964 2375 1073 2420 spiritu

322 2422 479 2461 eamdem,
507 2424 598 2457 cuius
627 2423 750 2456 initium
775 2425 934 2457 verissima
958 2432 1003 2457 est
1026 2423 1075 2458 ‹li—

323 2472 469 2518 sciplina,
493 2473 764 2518 concupiscentia,
789 2474 1015 2518 perstringendi
1033 2487 1077 2507 sa-

325 2522 493 2567 pientiam,
529 2522 642 2555 divinis
679 2522 877 2556 adducantur
920 2523 1074 2569 eloquiis,

324 2572 523 2605 reflectentes
546 2572 704 2615 intuitum,
727 2572 800 2618 quid
826 2585 881 2617 pro
904 2572 1076 2620 indiscipli-

324 2622 404 2655 natis
444 2621 612 2655 errantium
652 2621 800 2655 curandis
828 2622 985 2655 mentibus
1022 2635 1076 2669 pro

324 2670 506 2705 huiusmodi
550 2671 731 2705 illustranda
768 2671 907 2706 Ecclesia
936 2671 972 2705 ad
1005 2672 1074 2706 fidei

1751 282 1819 313 723

1121 340 1377 393 propagationem
1406 347 1541 381 conserat
1566 346 1770 392 orthodoxae,
1792 347 1866 395 qiiiil

1120 396 1213 430 statui
1232 396 1398 430 conveniat
1415 397 1552 431 [idolium
1567 397 1781 444 quorumlihet
1801 410 1869 444 pro-

1119 446 1292 492 spiciamus
1307 447 1467 486 attentius,
1487 455 1515 481 et
1532 447 1665 493 qualiter
1687 460 1700 480 a
1723 447 1868 481 sidentia<

1120 495 1209 541 ipsis,
1234 495 1404 542 profugatis
1427 496 1620 541 ignorantiae
1651 496 1799 536 tenebris,
1815 496 1869 535 illi,

1121 552 1189 590 post
1208 546 1586 592 supereminentissimam
1601 545 1724 579 Summi
1739 544 1869 591 Opilicis

1121 595 1292 638 notionem,
1316 607 1370 640 pei·
1393 595 1533 628 eiusdem
1558 595 1728 641 sapientiae
1751 595 1867 628 donum

1120 644 1149 677 in
1176 644 1219 677 via
1251 644 1468 678 mandatorum
1501 644 1608 678 ‹lii-ccii
1646 644 1707 678 veri
1742 644 1870 678 luminis

1121 693 1298 739 pertingant
1321 693 1504 731 claritatem.
1533 694 1679 727 solertius
1701 694 1869 728 intendem

1120 751 1176 784 teS,
1199 756 1236 777 eo
1264 743 1299 777 ad
1329 743 1545 789 quaerendum
1570 743 1666 789 ipsius·
1702 743 1870 789 sapientias·

1119 793 1265 826 alimenta
1290 793 1463 826 litterarum
1488 793 1604 834 studia,
1640 805 1694 838 per
1722 805 1802 840 quae
1821 792 1871 826 di-

1121 843 1179 876 vini
1204 841 1348 877 Nominis
1367 853 1395 876 et
1418 842 1560 876 eiusdem
1586 841 1656 876 [idei
1675 841 1780 876 cultus
1802 855 1871 889 pro-

1119 891 1273 935 tenditur,
1309 893 1470 926 militantis
1502 892 1662 926 Ecclesiae
1694 891 1868 939 respublica

1120 941 1149 975 in
1173 942 1389 988 spiritualibus
1412 952 1440 977 et
1459 941 1684 989 temporalibus
1700 954 1770 975 cum
1795 942 1870 975 ani—

1119 1004 1238 1025 mai-um
1255 993 1354 1026 salute
1378 993 1508 1038 geritur,
1534 1004 1591 1038 pax
1607 1001 1635 1025 et
1659 991 1868 1038 tranquillitas

1120 1040 1250 1075 ubilibet
1277 1042 1464 1081 solidantur,
1491 1042 1657 1088 omnisque
1680 1041 1870 1075 conditionis

1119 1090 1274 1124 humanae
1309 1091 1455 1125 dilatatur
1492 1092 1708 1137 prosperitas,
1746 1100 1869 1125 ηοεῑηιιΔ

1119 1140 1319 1185 provisionis,
1348 1140 1571 1175 sollicitudinis
1607 1153 1682 1187 ope,
1710 1140 1865 1186 apostoli-

1118 1189 1226 1234 cisque
1250 1189 1406 1224 favorihus
1436 1190 1623 1236 propensius
1645 1191 1829 1223 excitemus.

1166 1242 1181 1280 ξ
1214 1241 1238 1271 Ι.
1265 1238 1347 1273 Sane
1377 1252 1431 1285 pro
1459 1248 1544 1286 parte
1572 1239 1758 1273 dilectorum
1789 1238 1868 1272 lilio-

1118 1300 1185 1321 rum
1210 1287 1325 1322 nobilis
1345 1289 1397 1322 viri
1421 1288 1546 1322 loannis
1566 1289 1655 1323 ducis
1682 1288 1867 1322 Brabantiae

1116 1349 1151 1370 ac
1177 1338 1362 1383 praepositi,
1399 1337 1528 1375 decani,
1559 1337 1737 1372 scholastici
1766 1346 1793 1371 et
1817 1351 1869 1371 (a-

1118 1385 1205 1430 pitiili
1236 1386 1396 1421 Ecclesiae
1416 1387 1450 1421 S.
1481 1387 1583 1425 Petri,
1608 1400 1727 1421 necnon
1758 1387 1868 1433 bui-gi-

1118 1436 1353 1481 magistrorum,
1371 1436 1570 1470 scabinorum
1588 1445 1616 1470 et
1633 1437 1870 1471 communitatis

1117 1485 1222 1531 oppidi
1263 1485 1492 1525 Lovaniensis,
1529 1485 1714 1521 Leodiensis
1747 1485 1870 1521 dioece-

1117 1535 1171 1574 sis,
1207 1534 1296 1569 nobis
1321 1548 1421 1582 nuper
1451 1535 1588 1570 exhibita
1626 1536 1734 1583 petitio
1765 1536 1868 1570 conti-

1118 1584 1223 1626 nebat,
1257 1585 1437 1632 quodlicet
1465 1585 1494 1619 in
1530 1585 1645 1620 ducatu
1681 1585 1869 1620 Brabantiae

1117 1642 1146 1667 et
1176 1634 1243 1667 aliis
1276 1634 1426 1669 dominiis
1462 1635 1562 1681 ipsius
1592 1635 1709 1678 ducis,
1745 1648 1867 1669 necnon

1117 1684 1209 1717 etiam
1235 1685 1264 1717 in
1290 1683 1457 1718 Leodiensi
1475 1713 1483 1723 ,
1506 1684 1741 1721 Cameracensi.
1759 1685 1870 1719 Traie-

1117 1734 1226 1772 ctensi,
1254 1733 1427 1768 Morinensi
1451 1742 1479 1768 et
1512 1734 1704 1769 Tornacensi
1737 1734 1870 1769 dioece-

1117 1782 1226 1823 sibus,
1259 1784 1450 1830 caeterisque
1481 1783 1597 1818 ibidem
1637 1785 1870 1818 circumvicinis

1119 1832 1262 1878 partibus
1284 1841 1313 1866 et
1333 1833 1482 1867 dominiis
1506 1834 1600 1867 multa
1631 1834 1746 1868 famosa
1770 1842 1800 1868 et
1828 1834 1870 1868 in-

1117 1882 1216 1928 signia
1250 1883 1316 1916 loca
1346 1883 1460 1929 populo
1488 1883 1684 1927 christiano,
1711 1892 1740 1918 et
1765 1896 1868 1918 reruni

1117 1932 1207 1978 copia
1230 1931 1400 1966 admodum
1425 1932 1571 1979 opulenta
1596 1933 1740 1973 existant,
1764 1934 1870 1968 nullus

1117 1990 1218 2015 tamen
1249 1982 1277 2015 in
1308 1981 1368 2015 illis
1384 1981 1470 2016 locus
1493 1995 1561 2017 csse
1585 1983 1734 2021 noscitur,
1758 1983 1786 2017 in
1808 1996 1869 2031 quo

1120 2031 1229 2065 saltem
1263 2031 1408 2077 generale
1436 2033 1546 2066 existat
1576 2032 1723 2067 Studium
1752 2033 1870 2068 littera-

1119 2093 1187 2114 rum
1212 2108 1220 2123 ,
1263 2081 1345 2115 unde
1387 2082 1519 2127 partium
1563 2082 1684 2117 illarum
1729 2082 1869 2130 plerique

1117 2131 1283 2164 commodo
1323 2139 1352 2164 ct
1388 2144 1446 2165 usu
1483 2131 1579 2165 studii
1615 2142 1782 2175 carentes,
1822 2134 1869 2166 vel

1118 2184 1298 2218 huiusmodi
1314 2184 1483 2219 litterarum
1506 2185 1680 2232 imperitiae
1695 2186 1868 2227 subiacent,

1118 2238 1161 2272 vel
1192 2239 1221 2272 in
1247 2240 1376 2273 remotis
1413 2239 1553 2286 partibus
1589 2239 1703 2286 degere
1735 2239 1868 2282 habent,

1117 2293 1265 2327 scientiae
1296 2293 1476 2327 huiusmodi
1507 2294 1535 2327 iii
1565 2293 1610 2326 eis
1637 2302 1793 2328 sectantes
1820 2295 1869 2328 iii-

1116 2358 1321 2381 ci'enientum.
1350 2347 1465 2381 Verum
1486 2347 1637 2394 oppidum
1670 2348 1842 2392 praelatum
1859 2376 1867 2390 ,

1117 2401 1200 2447 quod
1230 2400 1268 2434 de
1297 2401 1458 2447 temporali
1487 2401 1630 2435 dominio
1658 2402 1756 2448 ipsius
1779 2402 1869 2437 ducis

1117 2454 1235 2494 existit,
1258 2454 1335 2488 adeo
1356 2467 1459 2488 rerum
1483 2455 1583 2502 copia,
1607 2455 1686 2489 aeris
1706 2457 1867 2502 temperie,

1119 2508 1331 2542 multitudinis
1364 2509 1535 2555 capacitate
1571 2517 1662 2556 atque
1699 2509 1866 2544 domorum

1117 2572 1146 2597 et
1168 2563 1297 2597 aliarum
1323 2576 1425 2597 rerum
1451 2564 1698 2598 necessariarum
1723 2577 1866 2598 commo-

1118 2617 1212 2651 ditate
1237 2630 1290 2663 per
1312 2617 1368 2651 Dei
1392 2618 1520 2663 gratiam
1541 2627 1585 2651 est
1610 2618 1758 2653 refertum
1782 2618 1865 2666 quod

1118 2671 1154 2705 ad
1172 2671 1349 2705 huiusmodi
1367 2671 1603 2719 receptandum,
1619 2672 1869 2708 confovendum-

1884 292 1933 318 An.
1955 292 1982 318 (ζ.
2001 294 2065 320 i¹i·2:5

1897 1248 1957 1268 Ducis
1975 1247 2066 1268 ambi-n-

1885 1283 1925 1298 tias*
1943 1281 2016 1305 petitio
2029 1285 2065 1304 prr»

1885 1310 2008 1330 lovaniensi
2028 1316 2069 1329 eii-

1884 1343 1949 1362 :eiita
1975 1341 2067 1362 t'ntwr-

1884 1376 1953 1392 mate.
