2274 3265
231 252 292 282 ΑΒ.
312 252 424 280 (1.Ιόδὸ

246 931 358 956 metasque
367 938 421 953 orze-

239 963 322 983 decess.
338 964 418 983 consti-

235 995 331 1014 iunones
345 994 369 1013 ad
383 995 422 1013 du-

238 1027 306 1045 catum
315 1024 422 1045 Bonnen-

239 1059 308 1076 tanum
319 1057 420 1076 extendit*

272 2172 388 2193 Clausulae.

489 243 557 274 5¹2

439 307 526 341 ribus
547 306 616 341 aliis
637 307 780 350 succisis,
807 316 859 341 aut
881 306 1022 354 decaptis
1050 307 1185 354 ignomi-

438 357 526 391 niose
543 356 691 396 tractatis,
709 368 834 391 carcere
848 357 968 391 afflictis
985 357 1085 397 aliter,
1101 369 1184 391 nunc

438 404 621 440 bominibus
634 414 663 440 et
679 405 863 441 mulieribus
884 414 913 441 et
935 406 973 441 ad
1002 406 1185 454 importabi-

437 456 482 490 les
500 454 735 504 redemptiones
752 468 806 503 per
823 456 902 491 varia
925 464 1077 491 tormenta
1103 468 1186 490 com-

437 505 535 551 pulsis
549 507 604 550 (l),
631 514 662 540 et
685 518 780 550 nunc,
794 506 877 552 quod
896 506 1020 561 gravius
1034 515 1092 546 est,
1107 506 1186 559 ipso-

437 567 505 589 rum
520 567 615 602 saepe
632 554 816 590 concivibus
828 556 972 611 nequiter
991 554 1186 600 interemptis

437 606 466 639 in
485 617 608 651 gravem
633 604 757 640 divinae
774 605 945 640 maiestatis
962 604 1141 640 contumeli
1144 617 1183 638 un

436 662 467 688 et
485 655 649 694 offensam
671 667 707 689 ac
729 663 871 689 nostrum
891 663 921 689 et
943 654 1103 689 Ecclesiae
1124 666 1186 688 me-

437 714 573 740 moratae
589 705 819 760 opprobrium
846 713 877 739 et
901 705 978 752 ipsis
998 717 1034 739 ac
1063 713 1185 740 nostro-

436 766 503 789 rum
537 754 652 790 iurium
680 754 924 794 detrimentum;
947 755 1031 801 quod
1054 755 1113 789 nisi
1141 755 1185 788 eis

434 815 530 852 super
543 804 581 839 iis
594 804 634 840 de
647 804 788 840 remedio
802 803 892 838 suerit
911 811 1066 850 oportuno
1087 804 1186 852 provi-

435 866 519 893 sum,
547 854 596 888 vix
629 854 766 889 adiicere
783 861 929 900 poterunt
952 861 984 887 ut
1006 862 1182 900 resurgant.

485 903 505 950 S
527 905 559 937 4.
588 902 652 938 Nos
668 903 773 950 igitur,
796 902 974 938 huiusmodi
1000 903 1183 938 eorumdem

438 951 627 987 Communis
654 952 789 990 iniuriis,
810 951 1001 999 opprobriis,
1017 952 1185 997 violentiis,

435 1002 679 1048 gravaminibus,
702 1002 858 1049 pressuris
870 1011 901 1036 et
919 1001 1041 1036 damnis
1053 1002 1101 1049 pia
1114 1015 1186 1037 con-

436 1051 624 1086 sideratione
662 1051 811 1099 pensatiS‚
838 1051 978 1086 volentes
1000 1051 1039 1086 de
1062 1052 1113 1086 illo
1130 1065 1185 1086 su-

436 1113 491 1147 per
511 1101 570 1136 boc
589 1101 729 1135 remedio
752 1100 928 1147 providere,
952 1113 1007 1148 per
1024 1101 1109 1149 quod
1134 1114 1187 1136 no-

435 1150 558 1195 bilium,
587 1159 749 1198 potentum
778 1158 808 1184 et
842 1151 1017 1185 vicinorum
1051 1163 1185 1186 eornm-

434 1200 506 1234 dem
527 1211 563 1235 ac
585 1199 718 1235 aliorum
740 1199 867 1234 effraeni
889 1200 1016 1235 audacia
1040 1209 1070 1235 et
1095 1214 1186 1248 prae-

434 1258 619 1297 sumptuosa
643 1250 817 1285 temeritate
830 1250 992 1297 repressis,
1007 1250 1185 1285 Commune

434 1308 465 1334 et
479 1299 536 1346 ipsi
548 1298 587 1334 ab
603 1299 737 1341 iniuriis,
753 1299 920 1340 violentiis,
939 1300 1185 1347 gravaminibus,

435 1348 591 1396 pressuris
607 1357 638 1383 et
651 1348 776 1384 damnis
788 1347 968 1383 huiusmodi
987 1351 1185 1397 praeservati,

435 1399 623 1433 amoenitate
645 1398 730 1446 pacis
744 1406 773 1433 et
795 1398 910 1445 quietis
929 1398 1098 1434 dulcedine
1114 1412 1186 1448 per-

435 1446 591 1488 fruantur,
609 1459 644 1482 ac
659 1448 811 1495 ipsorum,
834 1455 1012 1483 nostrorum
1028 1458 1059 1484 et
1074 1449 1186 1484 Eccle-

436 1497 501 1532 siae
528 1505 718 1532 memoratae
750 1497 946 1532 indemnitati
970 1498 1085 1533 iurium
1109 1511 1186 1534 con—

435 1547 574 1587 sulatur,
611 1546 792 1581 huiusmodi
829 1559 994 1593 processus
1028 1548 1184 1583 dictorum

436 1596 714 1643 praedecessorum
742 1595 917 1631 Clementis
951 1605 981 1631 et
1002 1597 1128 1632 loannis
1152 1611 1186 1633 ac

434 1646 537 1680 omnia
565 1654 595 1681 et
627 1645 751 1692 singula
781 1647 811 1680 in
834 1646 880 1681 eis
906 1654 1052 1682 contenta
1080 1648 1117 1682 ad
1141 1648 1187 1683 ci-

436 1696 562 1730 vitatem
584 1695 840 1731 Beneventanam
868 1696 1009 1731 eamdem
1034 1709 1069 1732 ac
1091 1698 1186 1732 terri-

435 1746 548 1780 torium
576 1753 606 1781 et
632 1745 809 1780 districtum
832 1745 900 1780 eius
927 1745 1093 1782 limitatum
1124 1748 1184 1782 iam

437 1795 483 1829 vel
523 1795 554 1830 in
588 1804 680 1830 antea
713 1794 912 1830 limitandum
948 1804 979 1831 et
1011 1796 1049 1831 ad
1084 1796 1186 1832 dictos

436 1844 615 1880 Commune
636 1846 700 1880 sive
731 1846 978 1886 universitatem,
1003 1858 1124 1881 necnon
1148 1848 1187 1882 ci-

436 1906 500 1938 ves,
522 1894 641 1930 incolas
663 1903 693 1928 et
715 1893 906 1930 habitatores
928 1896 1062 1930 civitatis
1084 1905 1114 1930 et
1129 1905 1186 1931 ter-

435 1943 532 1978 ritorii
555 1956 591 1980 ac
612 1944 791 1979 districtum
810 1944 1052 1992 praedictorum,
1075 1954 1105 1980 et
1124 1959 1187 1981 mo-

435 2002 538 2028 rantes
553 1995 583 2029 in
600 1995 657 2034 eis,
671 2003 849 2041 praesentes
862 2003 892 2028 et
907 2004 1059 2042 posteros,
1074 2007 1185 2031 omnes

434 2051 463 2077 et
490 2044 630 2090 singulos
662 2044 845 2078 auctoritate
872 2045 1042 2092 apostolica
1074 2054 1186 2081 exten-

435 2092 540 2128 dimus
562 2106 597 2128 ac
619 2094 713 2128 etiam
737 2105 954 2140 prorogamus.

485 2143 505 2190 g
532 2145 564 2178 5.
592 2143 675 2178 Nulli
703 2155 778 2190 ergo
800 2144 930 2178 omnino
959 2144 1122 2179 hominum
1147 2146 1185 2179 li·-

436 2201 502 2226 ceat
529 2193 609 2228 banc
633 2193 777 2241 paginam
802 2201 926 2229 nostrae
949 2194 1183 2230 constitutionis

438 2241 609 2289 infringere
629 2251 681 2277 etc.

485 2291 598 2327 Datum
627 2292 789 2327 Avenione
812 2291 1003 2328 duodecimo
1036 2293 1184 2329 kalendas

436 2340 595 2386 februarii,
630 2343 830 2390 pontificatus
854 2343 949 2378 nostri
971 2355 1054 2378 anno
1081 2345 1181 2378 tertio.

475 2403 537 2434 Dat.
549 2404 597 2434 die
612 2403 647 2434 21
667 2405 792 2435 ianuarii
811 2405 896 2442 1355,
915 2409 993 2444 pont.
1010 2414 1086 2435 anno
1103 2415 1142 2435 ιιι.

470 2461 510 2496 (Ι)
526 2461 717 2488 Restituendus
733 2462 819 2489 forsan
836 2462 901 2489 ordo
922 2462 1066 2489 verborum
1085 2468 1113 2489 ut
1137 2471 1182 2490 se-

436 2497 540 2531 quitur:
559 2498 643 2525 Num·
658 2500 784 2529 seyeti'bus
799 2502 823 2524 at
839 2501 921 2524 vineis
933 2508 964 2524 oc
979 2498 1127 2532 fructiferis
1137 2509 1182 2525 co-

436 2541 497 2558 rum
527 2535 670 2559 arboribus
710 2536 816 2560 succisis
830 2554 837 2566 ‚
866 2543 939 2560 nunc
972 2536 1120 2560 hmnmious
1159 2539 1183 2561 ee

436 2570 592 2595 iiiuttertbus
606 2571 719 2603 deceptis
730 2573 776 2595 aut
792 2572 965 2602 tynomim'ose
980 2573 1110 2602 tractatis,
1122 2580 1183 2596 cur—

437 2611 492 2628 rere
507 2604 625 2637 afflictis,
641 2606 719 2630 aliter
738 2607 772 2630 ad
791 2607 971 2637 importabiles
996 2607 1184 2638 redemptiones

434 2647 482 2669 per
498 2642 574 2666 varia
591 2643 722 2666 tormenta
738 2643 885 2673 compulsis,
905 2644 954 2668 etc.

1009 252 1195 275 numanum
1224 252 1384 275 ROMANUM

1992 254 2041 280 Αη.
2060 253 2088 280 c,
2108 254 2174 281 t5t55

1572 306 1638 341 th.

1229 401 1419 445 Reformatio
1447 407 1596 435 taoearum
1624 401 1736 435 Curiae
1761 402 1892 436 civitatis
1916 403 1977 436 Be-

1274 457 1459 484 neveneanae
1479 453 1534 493 (t).

1496 534 1709 566 SUMMAtttUM

1226 604 1395 635 Exordium.
1417 607 1500 636 —l
1524 607 1642 637 Abusus
1666 607 1849 638 nonnullos
1842 618 1870 638 in
1893 608 1977 638 Curia

1266 645 1422 676 Benevent.
1446 647 1572 685 irreptos
1594 648 1643 677 ait.
1665 665 1703 669 —
1722 648 1749 677 2.
1768 647 1860 678 Taxas
1883 649 1980 694 itaque

1268 686 1449 725 praescribit.
1476 703 1514 708 —
1541 688 1568 717 3
1591 687 1702 717 Salaria
1727 689 1849 718 notariis
1881 693 1909 718 et
1930 690 1979 718 iu-

1266 726 1383 756 dicibus
1406 727 1501 756 danda
1534 737 1585 767 pro
1617 728 1817 758 contractibus
1849 728 1980 758 minutis.

1266 783 1305 788 —-
1321 767 1350 796 4.
1376 766 1430 796 Pro
1449 768 1641 798 testamentis.
1666 785 1706 790 —
1732 769 1759 804 5,
1777 768 1803 798 6
1827 767 1881 797 Pro
1902 770 1979 798 scri-

1267 807 1363 845 ptione
1387 808 1414 836 in
1439 808 1610 845 protocollo.
1634 825 1672 830 —
1694 809 1720 837 7.
1745 808 1798 837 Pro
1821 808 1979 838 abbrevia-

1266 851 1340 876 tura.
1366 864 1404 868 —
1431 848 1458 877 8.
1477 846 1615 878 Executio
1640 848 1728 878 huius
1750 848 1982 878 constitutionis.

1266 903 1303 908 -—
1322 887 1490 917 Clausulae.

1248 974 1422 1005 Innocentius
1448 977 1593 1013 episcopus
1621 983 1715 1006 servus
1740 983 1880 1006 servorum
1900 976 1958 1010 Dei,

1362 1022 1395 1049 ad
1418 1023 1581 1059 perpetuam
1605 1023 1646 1051 rei
1677 1022 1845 1051 memoriam.

1278 1079 1418 1115 Delectat
1441 1094 1498 1115 nos
1523 1081 1666 1116 omnium
1689 1081 1840 1116 modestia
1872 1081 1982 1115 subli-

1228 1138 1330 1164 [ΟΓΙΙΙΙΙ
1348 1138 1379 1164 ΕΙ,
1402 1143 1455 1165 (OS
1474 1131 1621 1178 cupimus
1642 1131 1702 1166 8111)
1720 1131 1891 1177 ἷΙΡΙΙΙΙΙΙΞΠΙὲ
1914 1132 1982 1166 ΙΙΙΙῬ

1229 1181 1458 1226 temperantius
1486 1181 1601 1225 vivere,
1623 1181 1676 1228 qni
1711 1180 1845 1228 publicis
1873 1180 1983 1214 officiis

1227 1229 1432 1276 «limitantur,
1460 1238 1494 1264 ut
1517 1231 1595 1265 iusta
1625 1243 1681 1277 pro
1707 1229 1869 1264 liboribus
1897 1243 1984 1264 mer-

1228 1278 1305 1313 cede
1332 1281 1484 1322 contenti,
1516 1279 1556 1314 ab
1587 1279 1806 1315 exactionibus
1834 1279 1982 1314 indebitis

1227 1341 1261 1362 se
1283 1330 1413 1363 omuino
1435 1328 1612 1373 cohibeant,
1635 1338 1665 1364 et
1688 1328 1896 1376 perintricata
1920 1329 1982 1363 dif-

1228 1377 1310 1424 fugia
1339 1379 1552 1425 negociantes,
1575 1378 1612 1413 ad
1641 1379 1876 1426 redemptiones
1891 1378 1981 1413 inde-

1229 1427 1307 1462 bitas
1333 1440 1394 1462 non
1418 1428 1620 1475 compellant.

2028 1099 2148 1120 Exordium.

1276 1477 1296 1524 S
1320 1482 1351 1511 1.
1374 1477 1457 1513 Sane
1479 1478 1515 1512 ad
1539 1476 1732 1513 audientiam
1753 1486 1892 1512 nostram
1916 1489 1980 1524 per·
2008 1493 2090 1513 Abusus
2125 1498 2181 1513 non-

1995 1524 2064 1544 nullos
2080 1530 2099 1544 tu
2117 1524 2178 1544 Curia

1229 1527 1324 1570 veuit,
1346 1527 1431 1574 quod
1455 1527 1575 1562 iudices
1597 1536 1627 1561 et
1646 1527 1757 1561 notarii
1783 1527 1898 1573 publici
1921 1539 1978 1561 seu

1228 1576 1412 1611 tabelliones
1429 1577 1562 1612 civitatis
1590 1576 1823 1616 Beneventan„
1846 1588 1926 1624 quae
1940 1576 1979 1611 atl
1995 1591 2042 1614 pios
2057 1588 2093 1607 an.

1229 1637 1286 1660 nos
1310 1634 1339 1661 et
1361 1625 1537 1661 Romanam
1566 1626 1740 1661 Ecclesiam
1765 1625 1853 1661 nullo
1877 1627 1981 1660 medio

1229 1676 1374 1722 pertinet,
1412 1676 1547 1723 propriis
1582 1675 1699 1711 finibus
1731 1688 1792 1710 non
1829 1676 1981 1716 contenti,

1230 1737 1286 1771 pro
1309 1727 1539 1767 instrumentis,
1562 1738 1642 1774 quae
1665 1726 1776 1760 notarii
1802 1738 1859 1760 seu
1882 1725 1982 1760 tabel-

1229 1774 1329 1810 liones
1351 1776 1522 1810 conficiunt
1548 1777 1621 1810 etin
1644 1775 1761 1823 quibus
1784 1775 1880 1810 iidem
1898 1775 1982 1810 iudi-

1228 1837 1281 1860 ces
1303 1838 1336 1860 se
1359 1825 1575 1865 subscribunt,
1609 1825 1791 1873 frequenter
1817 1838 1833 1860 a
1856 1835 1983 1860 contra-

1228 1874 1377 1909 bentibus
1398 1877 1529 1922 exigunt
1552 1876 1710 1910 excessiva
1734 1875 1856 1917 salaria,
1872 1882 1902 1909 et
1918 1887 1983 1910 sae-

1229 1937 1278 1970 pe,
1313 1925 1486 1960 interiectis
1509 1924 1785 1971 praeiudicialibus
1818 1924 1982 1960 dilationi-

1229 1973 1300 2013 bus,
1327 1974 1550 2009 contrahentes
1574 1974 1659 2021 ipsos
1681 1974 1717 2008 ad
1747 1974 1982 2021 redemptiones

1228 2023 1355 2059 illicitas
1379 2025 1476 2059 invite
1502 2033 1672 2058 coarctant.

1276 2073 1296 2121 S
1317 2075 1349 2108 2.
1373 2073 1523 2108 Volentes
1547 2074 1642 2119 igitur
1663 2085 1758 2120 snper
1782 2073 1840 2107 hoc
1863 2073 1901 2108 de
1923 2085 1980 2120 op-
2007 2091 2073 2112 Tm,
2107 2093 2177 2119 mque

1227 2132 1361 2169 portuno
1381 2123 1523 2158 remedio
1540 2123 1715 2170 providere,
1732 2122 1914 2157 huiusmodi
1932 2123 1980 2157 iu·
1994 2122 2127 2149 Wefflssffl·

1226 2172 1332 2208 dicum
1358 2183 1389 2209 et
1417 2173 1609 2208 notariorum
1632 2185 1689 2208 seu
1706 2171 1908 2207 tabellionum
1930 2173 1979 2220 ip-

1225 2234 1331 2257 sorum
1349 2224 1458 2258 salaria
1481 2223 1664 2258 auctoritate
1686 2222 1869 2270 apostolica,
1886 2235 1979 2270 prae-

1226 2271 1330 2308 habita
1370 2272 1585 2308 moderatione
1619 2272 1735 2317 debita,
1774 2281 1867 2320 prout
1899 2272 1976 2307 iufra

1225 2322 1427 2362 describitur,
1456 2322 1665 2378 praesentium
1693 2332 1800 2357 tenore
1823 2331 1973 2356 taxamus.

1273 2372 1293 2419 g
1316 2377 1346 2407 5
1372 2372 1404 2407 ln
1429 2373 1528 2419 primo
1554 2372 1710 2419 siquidem
1739 2372 1849 2407 salaria
1878 2380 1973 2406 nota·
1987 2388 2069 2409 Salaria
2084 2390 2177 2410 notari's

1226 2422 1342 2457 riorum
1370 2435 1426 2457 seu
1449 2422 1652 2457 tabellionum
1681 2423 1820 2470 ipsorum
1845 2435 1900 2469 pro
1923 2423 1973 2456 in-
1987 2452 2092 2479 dnm
2084 2456 2158 2472 mm

1225 2473 1409 2507 strumentis
1436 2472 1606 2529 emptionis
1641 2473 1686 2507 vel
1714 2472 1894 2507 donationis
1921 2480 2056 2507 autetibus
2078 2484 2171 2503 minum

1227 2523 1467 2568 permutationis
1482 2522 1547 2557 sive
1564 2523 1726 2557 inventarii
1747 2522 1902 2557 bonorum
1918 2534 1972 2556 seu

1226 2583 1343 2612 rerum,
1377 2585 1457 2619 quat·
1486 2584 1578 2606 uuam
1608 2572 1654 2606 vel
1683 2571 1789 2620 plures
1812 2584 1912 2619 usque
1936 2571 1974 2606 ad

1261 2642 1300 2677 (l)
1318 2643 1354 2669 Ex
1373 2643 1477 2677 Regcst.
1496 2643 1520 2669 in
1538 2642 1647 2669 Archiv.
1667 2642 1747 2670 Vattc.

1995 1555 2111 1576 Benevent.
2129 1557 2182 1576 irre-

1994 2420 2122 2441 ettudteibus
2129 2420 2179 2440 dnu—
