2274 3265
269 281 318 307 An.
332 280 361 308 C.
383 282 450 310 ¹275

272 2096 354 2118 Poenae
367 2100 440 2118 eontra

257 2127 411 2148 inobedienter,

514 268 559 299 54

464 332 522 366 ctis
544 331 642 363 electo
669 336 698 361 et
725 327 896 374 episcopis,
923 337 959 360 ac
981 337 1088 360 eorum
1117 324 1208 359 farni-

465 381 513 414 liis
535 386 565 413 et
588 377 692 431 rebus,
720 388 756 410 ac
777 375 857 419 aliis,
885 374 937 421 qni
965 375 1118 408 hactenns
1140 373 1210 408 asti-

464 435 566 463 terunt
593 426 638 461 eis
671 427 700 459 in
728 425 802 458 dicti
826 424 1047 478 prosecutione
1076 422 1207 468 negotii

462 477 508 511 vel
536 476 688 521 deinceps
722 474 887 513 astiterint
914 481 963 506 aut
1002 471 1209 526 praestiterint

461 525 610 560 auxilium
635 524 680 558 vel
704 523 857 561 sav,orern
885 521 970 567 quod
999 533 1045 555 ers
1081 533 1110 553 in
1135 532 1208 567 per-

461 574 559 618 sonis,
582 572 627 607 vel
652 572 745 607 rebus
767 572 834 605 suis
862 570 1020 609 intr-,audo
1056 568 1208 603 morando

462 623 507 657 vel
529 621 672 657 exeundo
696 632 826 667 regnum
853 620 1058 665 praedictum,
1086 617 1208 664 quoties

460 679 489 705 et
516 671 642 718 quando
667 671 734 705 suis
771 669 904 703 viderint
940 667 1126 702 utilitatibus
1153 678 1208 700 ex-

462 720 580 775 pedire,
603 731 664 753 non
688 718 836 760 offendet,
867 729 926 751 nec
947 716 1082 755 offendi,
1105 727 1207 770 quan-

461 779 525 803 tum
551 769 581 803 in
601 781 638 802 eo
661 769 788 807 fuerint,
813 778 867 813 per
887 767 1028 820 aliquem
1062 765 1205 811 patietur:

460 819 609 865 quodque
637 817 718 852 idem
743 829 794 851 rex
818 815 953 849 remittat
975 814 1130 861 praelatis,
1152 825 1207 848 eo-

461 880 528 902 rnm
555 866 683 901 similiis
709 874 737 899 et
765 865 833 899 aliis
859 864 1046 911 supradictis
1079 875 1205 897 omnem

461 928 620 951 rancorem
645 923 674 949 et
701 915 819 954 odium,
847 914 871 947 si
895 913 978 959 quod
997 920 1105 947 contra
1122 912 1206 959 ipsos

461 965 621 1011 concepit,
659 972 710 998 aut
747 964 884 1009 aliquem
923 961 1120 1001 eorumdem,
1160 961 1204 995 vel

459 1015 566 1048 saltem
592 1014 620 1047 in
644 1012 832 1048 abstinendo
854 1011 893 1045 ab
926 1011 1053 1045 offensis
1077 1022 1205 1053 eorum,

459 1071 488 1096 et
515 1062 659 1096 faciendo
694 1061 772 1096 alios
807 1060 982 1115 abstinere,
1012 1059 1141 1106 perinde
1173 1071 1206 1093 se

459 1111 570 1145 lrabeat
591 1112 627 1144 ad
652 1112 749 1157 ipsos,
776 1121 812 1144 ac
834 1110 858 1143 si
881 1109 1030 1143 adversus
1057 1121 1111 1142 eos
1134 1108 1206 1141 nul-

458 1160 520 1193 lum
545 1171 704 1194 rancorem
734 1159 779 1193 vel
803 1158 911 1193 odium
929 1158 1135 1212 concepisset.
1159 1156 1206 1191 De

459 1208 636 1243 lruiusmodi
665 1217 767 1243 autern
795 1207 973 1242 securitatis
991 1215 1021 1241 et
1048 1207 1134 1261 pacis
1157 1206 1206 1239 in-

457 1258 607 1292 fractione
629 1257 731 1304 ipsum
760 1257 799 1290 ita
823 1268 878 1303 per·
899 1255 1004 1290 omnia
1027 1255 1127 1289 teneri
1143 1255 1205 1289 de-

457 1307 629 1349 cernimus,
651 1306 731 1340 sicut
758 1306 842 1339 iuxta
866 1305 1127 1339 consuetudinem
1158 1316 1206 1338 re-

457 1355 560 1399 gionis
587 1363 756 1395 teneretur,
779 1355 803 1389 si
827 1362 966 1399 treugam
996 1353 1124 1387 forsitan
1155 1352 1206 1386 in-

459 1403 617 1449 fregisset:
646 1412 675 1437 et
702 1403 785 1450 quod
814 1414 911 1448 super
939 1402 1120 1448 praemissis
1151 1413 1205 1435 ca-

458 1451 564 1498 pitulis
598 1452 746 1487 omnibus
774 1460 802 1485 et
840 1451 974 1497 singulis
1002 1450 1205 1485 observandis

458 1509 591 1547 praestet
614 1501 697 1535 idem
733 1513 784 1534 rex
815 1500 1016 1546 corporaliter·
1041 1500 1205 1534 iuramen-

457 1558 534 1591 tum,
570 1558 600 1584 et
626 1550 736 1584 confici
760 1549 852 1584 etiarn
877 1549 967 1583 faciat
996 1557 1137 1596 patentes
1166 1549 1205 1582 li-

458 1607 537 1633 teras
564 1611 619 1633 sua
642 1599 798 1645 praedicta
823 1598 970 1645 plumbea
994 1598 1079 1632 bulla
1109 1597 1204 1632 bulla-

457 1656 519 1691 tas,
553 1656 583 1682 et
618 1648 847 1694 praedictorum
882 1647 1018 1682 filiorum
1054 1659 1203 1689 suorum,

455 1696 579 1741 alferaz,
596 1697 786 1737 cancellarii,
801 1696 1081 1736 maiordomorunr,
1097 1708 1205 1742 super-

457 1746 597 1780 indicum
621 1747 723 1780 curiae
746 1757 832 1788 suae,
858 1757 893 1780 ac
915 1745 1024 1780 decem
1048 1745 1202 1779 baronum

457 1796 609 1829 rnaiorunr
638 1796 675 1829 de
703 1795 785 1829 dicto
814 1806 908 1840 regno
942 1794 1053 1841 sigiliis
1087 1794 1204 1828 nibilo-

457 1844 560 1878 minus
595 1843 774 1888 roboratas,
802 1843 905 1878 dando
937 1843 1079 1889 singulas
1111 1843 1204 1878 dictis

456 1892 556 1927 electo
578 1901 608 1926 et
629 1893 759 1938 singulis
789 1893 966 1939 episcopis,
987 1892 1155 1927 abbatibus
1173 1900 1202 1926 et

457 1941 613 1987 prioribus
635 1941 909 1985 monasteriorum,
932 1954 1012 1988 quae
1036 1953 1091 1988 per
1119 1942 1203 1995 prio-

457 2002 519 2024 rem
540 1999 771 2025 consueverunt
786 1969 1004 2025 tantrrnimodo
1021 1990 1187 2036 gubernar
1184 2004 1203 2034 r,

457 2051 514 2074 nec
537 2051 598 2074 nou
622 2047 649 2073 et
678 2039 957 2074 communitatibus
978 2041 1136 2074 civitatum
1161 2052 1202 2074 re-

454 2089 506 2135 gui
535 2088 695 2136 praedicti.

503 2137 523 2184 S
551 2139 606 2171 10.
630 2137 795 2173 Caeterum
816 2138 886 2184 quia
912 2138 1007 2172 facilis
1031 2138 1132 2172 forsan
1153 2149 1203 2171 es-

454 2194 498 2221 set
522 2186 752 2233 praedictorum
788 2187 1007 2232 transgressio,
1044 2187 1101 2221 nisi
1126 2198 1203 2234 poe—

455 2247 564 2270 narum
588 2235 761 2271 adiectione
798 2236 961 2277 vallentur,
996 2237 1141 2271 volumus
1174 2245 1203 2270 et

453 2285 654 2326 ordinamus,
694 2285 778 2332 quod
820 2286 877 2319 nisi
913 2285 1115 2332 saepedictus
1150 2298 1203 2320 rex

455 2333 531 2368 infra
567 2342 629 2369 tres
666 2347 792 2369 menses
824 2342 987 2389 postquam
1023 2335 1061 2369 ad
1098 2335 1200 2381 ipsum

453 2383 608 2417 ordinatio
633 2384 687 2418 ista
717 2384 905 2431 pervenerit,
939 2392 969 2418 et
1001 2396 1202 2418 successores

455 2431 502 2464 sui
528 2431 603 2466 infra
631 2445 748 2467 annum
783 2443 946 2480 postquam
977 2445 1105 2479 regnare
1128 2446 1201 2468 coc-

455 2481 572 2525 periut,
613 2483 716 2516 omnia
752 2489 782 2516 et
816 2482 937 2528 singula
974 2483 1200 2537 compleverint

454 2530 629 2575 supradicta
669 2530 825 2577 raprtula,
863 2531 1031 2565 cuiuslibet
1061 2532 1199 2578 ipsorrrrn

455 2579 637 2632 praemissa,
678 2588 768 2626 prout
802 2592 873 2614 cum
910 2581 1098 2626 contingunt
1131 2593 1202 2615 orn-

454 2626 619 2669 mittentis,
648 2628 788 2675 implere,
812 2629 869 2664 etsi
892 2642 947 2677 per
980 2642 1078 2665 unum
1112 2642 1202 2665 meu-

1058 270 1246 294 acmantum
1267 268 1430 291 noMAnum

1251 335 1316 358 seni
1341 323 1370 356 in
1394 319 1574 355 lruiusmodi
1607 319 1816 354 obstinatione
1855 318 1999 365 perstite-

1251 373 1330 412 rirrt;
1354 371 1420 405 loca
1448 369 1559 408 etiam,
1587 368 1616 402 in
1639 367 1755 415 quibus
1782 367 1839 421 ipsi
1869 367 2000 402 ommit-

1250 428 1350 455 tentes
1380 418 1510 459 fuerint,
1533 417 1580 452 vel
1612 417 1651 451 ad
1674 428 1754 464 quae
1782 417 1869 462 ipsos
1895 416 2000 451 conti-

1249 470 1327 515 gerit
1344 468 1524 522 pervenire,
1552 465 1703 513 quamdiu
1721 465 1762 499 ibi
1778 477 1896 500 moram
1922 477 2000 500 con-

1250 518 1419 555 traxerint,
1459 517 1520 550 sint
1572 514 1785 550 ecclesiastico
1836 515 1998 561 supposita

1251 566 1427 601 interdicto.
1468 565 1508 599 Er
1542 564 1567 599 si
1603 564 1681 600 infra
1710 576 1809 598 unum
1844 575 1999 607 mensem,

1250 624 1372 663 praeter
1396 614 1573 661 praedictos
1597 622 1669 653 tres,
1686 614 1752 648 sive
1765 625 1883 648 annum
1899 625 2000 660 quan-

1249 674 1315 699 trrnr
1338 663 1375 700 ad
1399 675 1601 698 successores
1625 663 1768 710 proximo
1796 670 1999 709 sequentem,

1249 715 1322 749 lruic
1362 712 1552 747 ordinationi
1595 724 1720 758 parere,
1757 724 1793 746 ac
1828 712 1998 758 praemissa

1248 765 1352 799 omnia
1390 771 1419 797 et
1455 762 1577 808 singula
1617 761 1747 808 implere
1785 760 1998 806 neglexerint3

1249 814 1331 848 idern
1361 823 1411 847 rex
1441 819 1470 846 et
1505 810 1655 858 praedicti
1698 821 1898 845 successores
1932 810 1999 845 eius

1250 864 1317 909 ipso
1345 861 1425 896 facto
1447 860 1635 895 sententiam
1663 861 1999 896 excommunicationis

1249 914 1431 955 incurrant,
1467 922 1562 957 quam
1590 922 1626 944 ex
1663 922 1748 944 nunc
1785 910 1816 944 in
1845 910 1898 944 illo
1925 922 1998 944 casu

1250 962 1378 996 ferimus
1401 961 1429 994 iu
1459 959 1598 994 eosdem.
1627 958 1721 1001 Quod
1744 959 1769 994 si
1803 958 1881 993 infr-a
1901 959 1997 994 alium

1249 1022 1403 1051 mensem,
1427 1009 1622 1056 praedictum
1647 1020 1744 1042 unum
1774 1020 1915 1043 mensem
1937 1009 1999 1043 im-

1249 1060 1383 1095 mediate
1410 1067 1608 1105 sequentem,
1640 1059 1670 1091 in
1689 1057 1871 1092 lruirrsmodi
1896 1059 1999 1103 negli—

1247 1110 1351 1154 gentia
1390 1120 1444 1144 seu
1482 1107 1654 1142 omissione
1691 1107 1896 1153 perstiterint,
1935 1115 1998 1142 tota

1248 1166 1326 1192 terra
1343 1170 1414 1201 sua,
1442 1157 1585 1191 videlicet
1609 1157 1805 1203 praedictum
1829 1155 1999 1202 Portugal-

1248 1207 1306 1241 liae
1338 1214 1367 1241 et
1395 1205 1535 1250 Algarbii
1574 1218 1704 1251 regnum
1733 1218 1771 1240 eo
1795 1206 1862 1253 ipso
1889 1205 2000 1240 eccle-

1248 1256 1374 1290 siastico
1396 1254 1554 1289 subiaceat
1578 1255 1761 1289 interdicto:
1790 1263 1820 1289 et
1847 1255 1872 1288 si
1895 1253 1999 1288 adhuc

1249 1317 1304 1351 per
1327 1313 1388 1339 tres
1422 1304 1500 1338 alios
1523 1316 1648 1338 meuses
1676 1304 1705 1337 in
1735 1303 1860 1338 illorum
1889 1303 1999 1337 adim-

1249 1353 1386 1399 pletione
1414 1352 1625 1396 cessaverint,
1660 1352 1778 1387 subditi
1811 1360 1842 1388 et
1877 1352 1998 1387 vassalli

1247 1402 1431 1437 eorumdem
1455 1414 1566 1447 regum
1595 1402 1633 1436 ab
1660 1401 1878 1437 observatione
1914 1401 1998 1436 iura-

1247 1459 1426 1486 mentorum
1456 1451 1612 1486 fidelitatis
1645 1458 1677 1486 et
1698 1451 1856 1496 homagii,
1883 1450 1998 1497 quibus

1247 1501 1306 1535 sibi
1330 1500 1454 1547 obligati
1479 1501 1636 1541 existunt,
1671 1499 1734 1534 sint
1757 1500 1882 1547 penitus
1905 1499 1997 1534 abso-

1247 1550 1315 1590 luti,
1338 1549 1461 1596 sibique
1479 1549 1671 1596 respondere
1694 1549 1723 1583 in
1747 1549 1852 1596 aliquo
1868 1549 1997 1583 minime

1248 1606 1427 1642 teneantur,
1455 1599 1604 1645 quamdin
1629 1599 1659 1633 in
1689 1597 1871 1633 huiusmodi
1901 1598 1997 1644 perti-

1247 1649 1334 1683 nacia
1371 1648 1610 1695 permanebunt.
1651 1647 1716 1681 Nec
1752 1647 1847 1682 iidem
1884 1660 1937 1681 rex
1967 1656 1995 1682 et

1245 1709 1446 1732 successores
1469 1698 1740 1743 iurepatronatus,
1766 1697 1791 1731 si
1820 1696 1902 1744 quod
1935 1697 1997 1731 ba-

1246 1746 1319 1781 bent
1342 1747 1373 1781 in
1396 1746 1550 1781 Ecclesiis
1572 1746 1645 1780 dicti
1668 1746 1768 1792 regui,
1795 1745 1948 1792 quamdiu
1965 1746 1995 1780 in

1245 1845 1331 1879 tione
1356 1845 1598 1891 permanserint,
1619 1845 1663 1878 nti
1687 1844 1820 1891 possint.
1843 1843 1877 1879 Si
1894 1853 1998 1879 autem

1246 1902 1439 1928 memoratus
1462 1905 1513 1928 rex
1547 1903 1600 1928 aut
1624 1905 1824 1928 successores
1845 1893 1906 1934 sui,
1930 1903 1998 1940 post

1245 1943 1472 1997 promissiones
1504 1950 1533 1977 et
1568 1942 1777 1989 obligationes
1805 1942 1998 1990 praedictas,

1245 1993 1412 2026 iuramenti
1441 1993 1705 2039 praestationem
1734 1992 1894 2027 literarum
1925 2004 1999 2027 sua-

1245 2053 1314 2075 rum
1356 2041 1441 2088 pacis
1484 2050 1514 2076 et
1555 2042 1733 2077 securitatis
1773 2042 1998 2077 concessiones

1246 2089 1446 2135 huiusmodi,
1483 2099 1591 2126 contra
1633 2090 1794 2138 praedicta
1832 2091 1997 2136 venerint,

1246 2139 1290 2173 vel
1314 2139 1440 2186 aliquod
1465 2141 1708 2187 praemissorum
1731 2148 1762 2174 et
1785 2139 1862 2175 infra
1878 2140 1998 2175 similes

1247 2189 1413 2229 terrninos,
1442 2197 1606 2236 postquam
1643 2189 1869 2224 denunciatum
1904 2189 1996 2224 fuerit

1244 2238 1288 2272 eis
1315 2251 1370 2284 per
1397 2238 1622 2274 dioecesanum
1659 2239 1739 2281 loci,
1779 2239 1809 2273 in
1844 2250 1906 2286 quo
1942 2250 1995 2273 rex

1246 2287 1402 2333 praefatus
1437 2288 1483 2323 vel
1520 2300 1720 2324 successores
1757 2289 1805 2322 sui
1841 2288 1995 2323 veniendo

1244 2345 1350 2371 contra
1375 2338 1547 2384 praemissa
1571 2338 1775 2378 excesserint,
1791 2337 1838 2372 vel
1858 2351 1912 2383 per
1926 2337 1995 2372 eius

1245 2386 1406 2427 vicar-ium,
1431 2388 1499 2434 ipso
1526 2387 1656 2422 absente
1683 2395 1736 2422 aut
1763 2388 1830 2422 eius
1853 2386 1994 2422 Ecclesia

1244 2444 1389 2475 vacante,
1407 2448 1477 2471 curn
1498 2437 1631 2471 consilio
1654 2446 1684 2472 et
1706 2449 1837 2472 assensu
1860 2435 1993 2471 duorum

1243 2485 1503 2539 coepiscoporum
1542 2487 1630 2541 regni
1667 2486 1808 2521 eiusdem
1848 2492 1924 2520 tunc
1963 2486 1994 2520 in

1245 2545 1340 2578 reguo
1368 2534 1436 2579 ipso
1464 2536 1690 2581 praesentium,
1719 2547 1815 2582 super
1838 2534 1886 2569 lris
1908 2535 1996 2569 satis—

1245 2582 1345 2617 facere
1379 2583 1458 2617 forte
1488 2585 1754 2631 contempserint,
1791 2584 1900 2631 poenis
1939 2596 1995 2619 cx-

1243 2632 1360 2678 pressis
1387 2633 1536 2680 superius
1564 2634 1648 2681 ipsos
1683 2633 1884 2669 decernimus
1918 2633 1994 2668 sub-

2015 260 2065 286 An.
2080 259 2108 286 C.
2129 260 2196 287 ¹275

2025 1741 2109 1762 l'oenae
2125 1744 2144 1762 iu
2163 1748 2197 1762 re-

2011 1777 2048 1798 ges
2069 1772 2197 1793 inobedien-

1246 1795 1427 1830 buiusmodi
1462 1795 1660 1830 contumacia
1683 1803 1713 1830 et
1739 1795 1997 1830 excommunica·
2028 1809 2043 1825 ε.
