2274 3265
240 265 286 291 Au.
305 264 334 292 C.
354 264 421 292 1517

243 674 375 692 vastantium
385 673 420 693 de-

235 704 315 728 rosano

260 1260 391 1282 lnduciarum

281 1298 372 1318 Kelllplls.

247 1460 338 1479 irritati.»
360 1461 417 1479 inra-

233 1496 358 1515 mentorum,

234 1523 354 1542 deformem*
368 1528 417 1547 ,pro

234 1552 288 1572 bello
306 1552 407 1573 [atterum

485 254 557 288 242

1028 266 1215 290 nouatum!
1242 266 1405 290 ROMANUM

438 318 732 361 Π1ὓ111(101“3111188ζ
759 332 795 354 80
821 332 850 354 tn
877 332 933 356 008
965 329 995 356 ef
1017 333 1128 357 Omnes
1157 330 1186 356 81
1228 322 1374 370 paginam
1410 330 1532 356 UOSlmG
1569 321 1768 364 indicttonts,
1801 322 1984 369 promulga-

436 368 580 414 singulos
607 379 716 403 eorum
734 369 907 410 adiutores,
934 370 1091 414 valitorcs,
1114 383 1188 406 con-

436 418 590 458 siliarios,
624 429 796 465 sequaces,
830 419 1003 466 complices
1038 429 1068 455 et
1091 421 1185 455 etiam

436 466 658 510 adhaerentes,
673 476 799 514 treugas
819 468 1026 515 infringentes
1046 470 1186 511 easdem,

436 524 486 550 aut
509 516 748 571 quomodolibet
774 529 836 552 non
859 526 1032 556 servantes
1057 531 1187 554 excom—

437 565 664 600 municationis
690 567 876 602 sententiam
909 568 1161 623 promulgamus.

484 613 564 661 §2-
594 614 664 649 Non
699 615 909 660 obstantibus,
937 617 961 650 si
993 617 1057 662 regi
1084 624 1114 651 et
1136 629 1188 662 ge-

437 664 515 698 renti
540 664 724 719 praedictis
751 673 804 699 aut
826 666 903 712 ipsis
923 665 1187 709 adhaerentibus,

435 725 489 747 seu
522 714 624 748 cuivis
650 725 760 749 eorum
789 727 804 748 a
832 714 916 749 Sede
931 714 1126 770 'Apostolica
1148 716 1188 748 sit

436 763 606 807 indultum,
632 764 716 809 quod
736 764 1005 798 excommunicari
1029 776 1091 798 11011
1112 775 1187 811 pos-

435 812 508 855 sint,
537 824 592 859 per
618 812 724 847 1111135
745 812 839 846 Sedis
865 812 1007 847 eiusdem
1043 825 1105 847 non
1142 813 1187 846 fa-

434 861 556 896 cientes
580 861 704 909 plenam
725 870 755 896 et
773 874 955 907 expressam
978 874 1015 897 30
1036 862 1075 897 de
1092 862 1187 896 verho

434 910 470 944 ad
495 910 624 945 verbum
660 910 700 945 de
728 910 852 945 indulto
879 910 1064 945 huiusmodi
1087 923 1187 946 men-

436 959 572 1000 tiouem;
595 967 624 993 et
654 959 794 1006 qualibet
820 959 877 993 alia
901 959 1002 995 dictae
1023 960 1118 995 Sedis
1139 961 1187 995 111-

435 1008 594 1055 dulgentia
617 1009 755 1054 generati
778 1008 825 1043 vel
845 1010 972 1055 speciali
999 1010 1186 1045 cuiuscum-

433 1070 495 1104 que
531 1059 649 1093 tenoris
670 1058 717 1092 vel
741 1059 958 1106 expressionis
980 1060 1102 1099 existat,
1132 1071 1187 1106 per

433 1119 526 1153 quain
552 1107 683 1142 effectus
713 1108 926 1153 praesentium
951 1109 1094 1154 impediri
1119 1121 1187 1155 pos-

433 1157 485 1196 sit,
514 1157 558 1190 vel
586 1156 827 1203 quomodolibet
852 1157 1011 1192 retardari.

481 1209 496 1248 ᾗ
524 1207 556 1239 3.
584 1205 728 1251 Treugas
742 1215 848 1241 autem
871 1215 902 1241 et
924 1207 1111 1241 senteutiam
1128 1219 1186 1242 an-

432 1254 563 1289 tedictas
597 1268 612 1289 a
648 1256 698 1289 die
736 1255 963 1292 notificationis
990 1268 1045 1290 seu
1082 1257 1186 1303 publi-

432 1304 564 1338 cationis
587 1305 727 1352 ipsarum
750 1318 845 1340 suum
868 1305 1015 1340 effectum
1040 1307 1186 1340 volumus

431 1353 587 1388 obtinere.

480 1407 495 1445 ξ
542 1407 574 1437 4.
610 1403 770 1438 Vassallos
810 1404 941 1450 insuper
976 1412 1007 1438 et
1041 1403 1186 1438 subditos

433 1453 515 1498 regis
545 1461 575 1487 et
601 1454 741 1499 gerentis
770 1454 1016 1500 praedictorum,
1050 1466 1066 1488 a
1101 1454 1186 1487 iura-

411 1503 418 1505 “
433 1510 539 1535 11101110
563 1501 731 1546 fidelitatis,
747 1515 810 1550 quo
833 1503 879 1537 eis
897 1503 945 1537 vel
965 1515 1074 1537 eorum
1097 1503 1184 1537 alteri

432 1558 581 1585 tenentur
595 1553 725 1595 astricti,
747 1560 901 1599 quantum
918 1553 957 1587 ad
976 1553 1071 1587 huius
1089 1564 1186 1598 guer-

433 1612 483 1634 rae
517 1612 573 1635 seu
601 1601 805 1636 dissentionis
839 1602 1031 1642 articulum,
1054 1613 1124 1635 cum
1153 1601 1184 1636 in

432 1648 546 1684 illicitis
566 1650 613 1685 eis
629 1649 759 1685 obedire
783 1662 845 1684 nou
868 1650 1015 1691 debeant,
1030 1650 1184 1698 peridem

433 1707 558 1745 tempus
583 1699 791 1740 absolvimus,
823 1708 854 1733 et
882 1700 1092 1735 nihilominus
1116 1713 1185 1747 pro-

432 1749 599 1784 missiones
621 1756 651 1783 01
674 1748 894 1796 obligationes,
917 1761 998 1796 quae
1026 1750 1108 1783 inter
1135 1762 1185 1783 10-

429 1809 500 1842 gem
528 1806 559 1832 01
580 1806 741 1844 gerentem
766 1798 942 1845 praedictos
963 1807 993 1833 et
1019 1811 1187 1846 quoscum-

431 1858 492 1891 que
531 1847 610 1882 alios
627 1875 635 1887 ‚
675 1860 771 1895 super
813 1847 884 1883 110111
921 1860 977 1883 seu
1019 1848 1186 1883 conflictus

432 1896 582 1942 utrinque
605 1897 823 1931 committendi
847 1909 1045 1942 processum,
1062 1910 1184 1932 necnon

430 1944 734 1986 confoederationes,
745 1947 965 1992 colligationes
974 1956 1001 1981 et
1013 1948 1185 1994 pactiones,

430 2006 511 2040 qnae
528 1995 608 2029 inter
629 1997 732 2042 ipsum
759 2005 789 2030 et
811 1997 940 2043 quosvis
967 1997 1044 2030 alios
1070 2010 1105 2031 ex
1124 2009 1185 2031 una

432 2053 529 2088 parte,
556 2057 592 2078 30
623 2046 818 2092 praedictum
855 2055 1016 2092 gerentem
1047 2055 1076 2079 et
1106 2047 1185 2081 alios

430 2105 651 2141 quoscumque
684 2107 720 2128 ex
749 2095 844 2130 altera
879 2096 1103 2129 intervenerint
1129 2108 1184 2142 pro

431 2143 496 2189 ipsa
517 2143 648 2178 fovenda
671 2144 842 2185 discordia,
865 2153 972 2191 utpote
994 2153 1102 2179 contra
1127 2145 1185 2179 bo-

431 2204 505 2226 num
519 2194 605 2238 pacis
622 2194 957 2241 praesumptasillicite
972 2202 1001 2228 et
1017 2202 1185 2229 attentatas

432 2242 461 2275 in
494 2243 621 2277 divinae
644 2243 814 2278 maiestatis
836 2243 1007 2283 otfctisan13
1035 2252 1063 2278 et
1086 2256 1184 2291 quas-

429 2303 569 2338 cumque
609 2304 726 2338 poenas
763 2293 902 2328 adiectas
939 2306 975 2329 ac
1011 2293 1184 2328 iuramenta

430 2342 577 2386 praestita
611 2354 708 2388 super
747 2343 785 2376 iis
825 2343 886 2377 51111
926 2343 1184 2389 quibuscumque

430 2390 540 2434 forma,
569 2391 663 2426 modo
699 2393 744 2426 vel
775 2394 978 2439 expressione
1006 2392 1184 2432 verborum,

431 2441 612 2485 praesertim
655 2453 727 2475 011111
770 2443 980 2477 iuramentum
1023 2442 1183 2477 vinculum

431 2490 603 2537 iniquitatis
625 2502 693 2525 esse
710 2503 771 2525 non
789 2491 913 2531 debeat,
935 2505 973 2526 ex
1002 2504 1086 2526 1111110
1102 2492 1183 2525 nulla

432 2538 496 2573 fore
523 2539 747 2580 decernimus,
781 2549 811 2574 et
849 2550 1006 2588 quatenus
1038 2541 1076 2574 de
1105 2541 1184 2575 facto

432 2598 654 2633 processerint,
678 2598 848 2624 irritamus.

480 2637 562 2672 Nulli
579 2651 653 2684 ergo
667 2640 796 2674 omnino
809 2639 975 2675 homiuum
991 2640 1078 2675 liceat
1103 2640 1183 2674 lianc

1227 371 1335 416 tionis,
1357 371 1565 406 absolutionis
1592 379 1622 405 ct
1654 371 1835 406 irritationis
1866 370 1984 406 infrin-

1226 433 1313 467 gere,
1337 429 1391 455 etc.

1277 469 1391 504 Datum
1415 469 1571 504 Avenioni
1596 468 1738 504 kalendis
1761 469 1846 513 maii,
1878 470 1984 516 ponti-

1228 519 1339 554 ficatus
1363 520 1461 554 nostri
1489 531 1573 553 anuo
1593 532 1615 553 1.

1294 580 1355 610 Dat.
1371 580 1418 610 die
1438 581 1450 610 1
1478 581 1546 611 maii
1567 580 1650 617 1317,
1669 579 1773 620 pontif.
1798 589 1875 610 anno
1898 588 1916 610 1.

1575 727 1627 762 IV.

1231 798 1349 831 Erectio
1361 800 1548 843 episcopatus
1563 800 1715 842 Castren.,
1729 800 1851 843 eiusque
1861 800 1985 834 disiun-

1362 849 1422 880 ctio
1437 849 1476 882 ab
1491 849 1631 882 Ecclesia
1654 850 1776 882 Albien.
1791 852 1848 893 (1).

1499 925 1715 957 SUMMARIUM

1227 990 1417 1022 Prooemium.
1442 1009 1481 1014 -—
1501 994 1526 1022 1.
1545 992 1659 1022 Causae
1682 993 1855 1024 huiusmodi
1875 994 1985 1025 facien-

1268 1036 1321 1065 dae
1344 1036 1513 1066 erectionis.
1535 1053 1574 1058 —
1598 1035 1707 1066 Divisio
1730 1036 1844 1066 Albien.
1863 1038 1984 1076 episco-

1267 1084 1362 1118 patus.
1380 1097 1419 1102 —
1437 1080 1464 1109 2.
1493 1079 1609 1110 Erectio
1638 1079 1829 1120 episcopatus
1848 1079 1982 1111 Castren.

1266 1140 1304 1146 —
1340 1124 1549 1154 Δ1101135101111111
1585 1123 1613 1153 S.
1646 1123 1812 1162 Benedicti,
1844 1125 1920 1165 quod
1955 1125 1984 1154 111

1266 1168 1464 1198 cathedralem
1491 1168 1653 1198 Ecclesiam
1677 1169 1810 1207 erigitur,
1839 1179 1852 1198 3
1877 1168 1984 1198 Μ3551-

1267 1213 1335 1242 lien.
1365 1213 1536 1243 monasterii
1561 1213 1746 1243 subiectione
1769 1214 1917 1243 eximitur.
1947 1229 1986 1235 —-

1266 1258 1293 1287 3.
1325 1257 1471 1287 Validatio
1505 1259 1670 1297 praesentis
1694 1258 1926 1288 constitutionis.
1947 1273 1987 1281 —

1265 1302 1295 1331 4.
1319 1301 1434 1331 Poenae
1467 1307 1566 1331 contra
1591 1311 1656 1332 eam
1685 1302 1908 1342 quomodolibet
1939 1303 1985 1332 in—

1268 1347 1440 1385 fringentes.

1293 1422 1404 1450 loannes
1424 1422 1564 1457 episcopus
1584 1428 1679 1450 servus
1696 1428 1836 1451 servorum
1859 1420 1916 1454 Del.

1361 1472 1395 1499 ad
1428 1472 1590 1507 perpetuam
1615 1472 1656 1500 rei
1678 1471 1848 1500 memoriam.

1275 1541 1418 1577 Salvator
1455 1551 1582 1585 noster,
1618 1543 1711 1577 cuius
1746 1542 1836 1577 nutui
1870 1551 1984 1578 cuncta
2022 1550 2154 1571 Prooemiurn-

1226 1591 1440 1633 subserviunt,
1456 1593 1487 1626 in
1501 1604 1577 1638 agro
1597 1592 1711 1627 mundi
1732 1591 1827 1627 liuius
1847 1602 1983 1626 messem

1228 1642 1357 1676 multam
1386 1642 1544 1688 aspiciens
1570 1650 1601 1676 et
1631 1642 1848 1689 operariorum
1878 1641 1984 1676 rarita-

1228 1699 1290 1725 tem
1325 1691 1502 1731 atteudens,
1530 1691 1696 1726 domiuum
1731 1690 1845 1726 messis
1867 1702 1984 1736 rogan-

1226 1740 1304 1774 dum
1317 1752 1399 1781 esse,
1424 1750 1457 1775 ut
1481 1742 1512 1775 in
1542 1740 1626 1775 illam
1650 1741 1812 1786 operarios
1834 1739 1982 1783 mitteret,

1227 1790 1369 1830 censuit;
1391 1798 1421 1824 et
1445 1790 1512 1836 ipse
1539 1790 1621 1825 idem
1640 1790 1749 1824 exiens
1775 1800 1866 1824 mane
1888 1788 1981 1823 veluti

1228 1839 1452 1886 paterfamilias
1484 1839 1644 1885 diligens,
1676 1839 1763 1873 horis
1797 1838 1859 1873 diei
1891 1839 1982 1872 variis

1227 1889 1389 1935 operarios
1406 1889 1436 1922 iu
1453 1889 1576 1923 vineam
1590 1901 1679 1922 suam
1704 1889 1800 1922 misit.
1819 1887 1983 1922 Romanus

1228 1938 1332 1985 itaque
1348 1937 1507 1981 Pontifex,
1521 1940 1575 1984 qui
1599 1939 1694 1981 sicut,
1716 1938 1828 1972 eodem
1845 1936 1983 1972 Domino

1227 1987 1443 2034 disponente,
1473 1988 1607 2022 vicarius
1635 1989 1704 2021 eius
1737 1987 1766 2021 in
1800 1988 1891 2021 terris
1912 1998 1982 2021 esse

1226 2037 1450 2083 dignoscitur,
1489 2038 1534 2071 510
1571 2045 1601 2071 et
1634 2037 1738 2084 Ipsius
1773 2036 1906 2080 actibus,
1949 2037 1980 2070 iu

1226 2094 1379 2132 quantum
1404 2086 1479 2120 sinit
1507 2086 1645 2121 humana
1667 2086 1831 2132 fragilitas,
1850 2098 1883 2120 se
1902 2097 1983 2120 con-

1227 2136 1362 2170 formare
1381 2143 1520 2177 tenetur,
1535 2136 1588 2170 ubi
1604 2147 1885 2183 superexcrescere
1903 2147 1982 2170 mes-

1225 2198 1304 2225 sem,
1315 2186 1422 2232 populi
1437 2184 1582 2219 videlicet
1596 2185 1846 2225 multitudinem,
1858 2184 1980 2225 viderit,

1226 2236 1391 2282 operarios
1418 2234 1512 2269 debet
1534 2242 1734 2281 opportunos
1769 2235 1924 2279 adiicere,
1950 2243 1978 2268 et

1227 2286 1310 2319 iuxta
1350 2285 1570 2331 propheticum
1606 2284 1736 2319 verbum
1776 2296 1892 2330 augere
1920 2296 1979 2318 cu-

1225 2333 1374 2373 stodiant,
1398 2334 1500 2367 levare
1524 2334 1685 2374 custodes,
1707 2346 1743 2369 30
1759 2335 1898 2368 cultores
1917 2333 1978 2367 ido-

1227 2396 1303 2418 neos
1331 2383 1360 2416 iu
1390 2383 1582 2418 dominicam
1606 2384 1727 2418 vineam
1751 2383 1921 2418 destinare.

1273 2438 1289 2476 g
1318 2436 1349 2466 1.
1379 2433 1463 2467 Sane
1491 2433 1730 2468 considerantes
1760 2433 1925 2471 attentius,
1948 2442 1977 2467 et

1226 2483 1303 2517 intra
1333 2483 1469 2529 pectoris
1502 2484 1636 2518 claustra
1666 2483 1869 2518 meditatione
1891 2482 1978 2517 solli-

1224 2534 1284 2567 cita
1321 2533 1528 2576 revolventes,
1556 2533 1640 2580 quod
1665 2541 1747 2567 tauta
1776 2531 1979 2567 multitudine

1226 2582 1344 2629 populi,
1367 2590 1483 2629 quanta
1502 2582 1702 2617 foecundavit
1725 2581 1909 2617 Altissimus
1931 2583 1980 2616 ci·—

1260 2655 1299 2686 (tl
1316 2653 1353 2679 Ex
1373 2654 1476 2687 Regest.
1497 2653 1578 2679 Vatie.

1998 268 2047 294 An.
2065 267 2094 294 C.
2115 269 2181 295 15¹7

2005 2445 2084 2465 Causae
2105 2444 2179 2465 huius·

1993 2476 2047 2496 1110111
2068 2475 2178 2496 faciendae

1993 2507 2119 2527 erectionis.
