2274 3265
87 271 136 296 An.
155 269 269 296 &1278

103 422 158 442 utem
181 423 271 442 electio-

137 459 186 472 suae
205 453 272 478 signi-

103 1552 127 1572 Ut
142 1553 219 1572 invitus
229 1557 278 1578 pun.

94 1584 193 1603 titicatum
215 1587 279 1602 aci-e-

95 1614 157 1641 peril:

114 2443 176 2470 Spem
189 2444 211 2464 in
221 2442 285 2464 Deum

103 2475 225 2495 coniecerit.

913 266 1072 289 meones
1094 267 1130 289 ιιι
1155 268 1203 289 pp.
1732 260 1769 291 41

285 322 357 356 dem
381 321 443 356 alto
477 333 534 356 suo
577 329 607 355 et
638 329 758 356 secreto
793 320 925 355 consilio
963 320 1036 354 dare

286 370 480 418 aliquamdiu
504 371 625 405 distulit
647 371 791 417 spiritum
817 369 954 403 unitatis.
973 368 1035 402 Sed

287 420 416 454 demum
447 421 475 454 in
499 420 551 454 die
572 420 681 454 beatae
707 419 908 462 Catharinae,
932 417 1036 452 missa-

288 482 356 504 rum
391 469 554 504 solemniis
593 480 664 503 cum
698 468 895 502 invocatione
928 466 1035 501 Sancti

286 519 425 567 Spiritus
451 518 627 559 celebratis,
655 517 750 552 iidem
771 517 878 551 fratres
902 516 931 549 in
970 515 1038 550 liu-

289 568 452 603 militatem
475 575 613 602 nostram
636 567 768 610 (utinam
813 578 875 600 non
911 565 1038 599 emt-hi-

288 626 372 653 tante
401 617 524 661 iudicio)
547 628 602 663 per
625 617 704 650 viam
728 615 870 650 scrutinii
904 626 1038 649 concor-

288 668 409 705 dantes,
434 679 508 706 nos,
534 673 610 700 tunc
632 665 738 700 Sancti
762 664 882 699 Nicolai
906 664 934 698 in
959 663 1038 698 Car-

287 729 358 751 cere
384 715 531 750 Tulliano
557 714 726 749 diaconum
760 713 963 752 cardinalem,
999 712 1036 747 ad

287 764 559 800 conscendendam
582 763 774 811 apostolicae
792 762 955 809 dignitatis
972 774 1038 809 spe·

287 814 388 849 culam
413 813 604 848 unanimiter
640 812 815 859 elegerunt:
858 811 949 845 nohis
983 823 1038 845 ve-

287 872 364 898 stem
395 861 543 909 ponderis
566 860 747 896 universum
775 860 861 895 orbis
883 860 1037 894 ambitum

287 912 501 946 continentem
524 922 586 945 non
616 910 783 945 offerentes
809 908 1038 948 tantummodo,

288 961 341 995 sed
365 961 456 994 etiam
485 972 557 994 cum
586 960 765 1006 importuna
805 959 950 993 instantia
991 958 1041 991 in-

287 1017 443 1056 gerentes.
466 1009 596 1049 Verum,
631 1016 664 1043 ut
702 1008 744 1042 rei
780 1015 886 1054 gestae
925 1007 1038 1042 seriem

287 1059 469 1093 succinctus
484 1069 588 1092 sermo
607 1065 811 1104 pertranseat,
828 1068 879 1097 ne,
895 1057 970 1091 dum
990 1055 1041 1090 de-

288 1108 388 1142 fectus
414 1107 543 1142 eosdem
567 1106 604 1141 ad
630 1106 878 1140 humiliationem
902 1113 1039 1140 nostram

288 1157 443 1203 gestimus
466 1157 658 1203 exprimere,
682 1155 742 1190 sub
764 1154 952 1189 humilitatis
973 1166 1043 1201 spe-

288 1208 338 1241 cie
373 1213 480 1241 notam
518 1205 663 1240 elationis
703 1217 758 1239 seu
801 1204 1043 1250 qualiscumque

290 1255 454 1290 iactantiae
481 1255 601 1300 ingerat
631 1254 749 1289 seriosa
785 1254 926 1299 repetitio
960 1252 1043 1285 veri-

291 1305 373 1345 tatis;
395 1315 454 1338 nos
487 1302 604 1349 gradus
625 1302 838 1342 altitudinem,
868 1309 898 1336 et
940 1300 1044 1335 oneris

291 1352 488 1387 imminentis
521 1359 624 1387 tantae
667 1350 843 1385 altitudinis
882 1349 1042 1384 ascensuri

291 1402 420 1446 molem,
442 1401 535 1436 nobis
561 1401 591 1434 in
620 1400 833 1435 cardinalatus
859 1399 962 1434 officio
988 1411 1046 1433 ex·-

294 1451 465 1498 perientiae
492 1451 604 1495 longae
628 1449 794 1496 participio
826 1460 889 1483 non
925 1449 1044 1494 ignota,

294 1502 324 1535 in
347 1508 465 1534 attenta
493 1499 698 1534 meditatione
722 1507 901 1546 pensantes,
924 1499 1046 1543 eligen-

294 1550 372 1584 tium
410 1557 441 1584 et
483 1548 681 1583 offerentium
718 1548 884 1582 instantiae
923 1546 1047 1581 insuffi-

293 1599 427 1634 cientiae
454 1607 578 1633 nostrae
614 1598 821 1645 imparitatem
857 1596 1045 1637 obiecimus,

293 1648 487 1683 debilitatem
510 1656 650 1682 nostram
678 1647 816 1682 dictante
854 1646 1045 1680 conscientia

294 1697 408 1733 oblatis
435 1698 600 1744 imparem,
622 1709 695 1732 cum
725 1695 852 1743 repetita
876 1694 1046 1729 'multoties

294 1747 493 1782 relaxationis
519 1746 748 1794 supplicatione
770 1744 881 1779 humili
905 1744 1046 1790 allegan-

294 1805 351 1831 les.

341 1845 489 1893 Cumque
511 1857 570 1880 nec
599 1845 644 1879 sic
667 1852 803 1879 cessaret
834 1844 953 1878 instans
985 1842 1047 1877 l'ra-

293 1905 378 1930 trum
410 1895 633 1942 importunitas
662 1893 861 1937 eorumdem,
894 1891 947 1927 sed
985 1893 1045 1926 vim

294 1944 433 1979 inferens
482 1952 589 1978 nostro
626 1943 787 1990 proposito
829 1941 1048 1976 vehementius

294 1993 417 2040 collegii
441 1994 546 2028 iussus
566 2003 701 2039 urgeret,
725 2003 846 2038 nosque
869 1990 1046 2025 violentiam

296 2043 448 2090 patientes
470 2041 677 2077 clamaremus
699 2041 854 2088 lacrymis,
876 2051 935 2075 nec
953 2047 1047 2084 esset,

296 2093 348 2138 qui
371 2092 479 2126 auditu
508 2091 718 2126 exauditionis
745 2090 879 2129 audiret,
902 2089 1050 2123 vocifera-

297 2153 403 2176 remur
424 2140 556 2187 gemitu,
579 2152 637 2175 nec
651 2139 730 2175 foret
751 2140 805 2186 qui
829 2139 1047 2174 remissionem

297 2191 427 2225 iniuncti
452 2191 557 2225 oneris
579 2189 718 2236 benigno
745 2189 862 2223 iudicio
899 2187 1049 2233 indulge-

298 2248 368 2280 ret3
395 2239 433 2274 ad
456 2239 548 2273 Illum
571 2239 680 2273 oculos
715 2239 831 2272 mentis
869 2237 1048 2279 ereximus,

297 2290 362 2335 qui,
385 2289 464 2323 sicut
487 2289 710 2335 praemittitur,
737 2287 923 2327 Ecclesiam,
955 2298 1048 2333 quam

298 2350 355 2385 per
376 2350 409 2372 se
437 2337 590 2378 fundavit,
615 2349 676 2371 non
702 2337 830 2382 negligit
854 2348 960 2382 regere
996 2347 1049 2383 per

298 2388 468 2434 seipsum3
503 2386 557 2421 sed
592 2399 686 2433 quam
730 2387 780 2434 pie
815 2386 967 2425 condidit,
1002 2385 1051 2431 pie

300 2438 388 2483 regin
415 2446 445 2471 et
468 2448 658 2483 quamquam
683 2435 722 2470 de
749 2435 968 2470 insufficientia
994 2446 1052 2468 no-

300 2494 362 2521 stra
385 2487 542 2526 timentes,
565 2485 604 2519 de
627 2484 916 2531 superabundantia
945 2493 1050 2519 tamen

301 2536 548 2582 omnipotentiae
570 2546 643 2569 suae
658 2534 782 2577 confisi,
795 2534 945 2568 humeros
963 2545 1052 2567 sum-

301 2597 353 2619 mo
390 2584 641 2631 superhumerali
683 2583 897 2627 subiecimus,
935 2592 964 2617 et
991 2582 1053 2616 hu-

302 2635 418 2669 militer
440 2635 548 2680 iugum
573 2632 749 2668 subivimus
770 2632 959 2679 apostolicae
986 2643 1054 2666 ser-

383 2690 457 2720 Ball.
476 2690 554 2720 Rom.
579 2689 632 2718 vol.
656 2689 702 2718 lt'.
878 2689 895 2717 ὃ

1079 321 1195 361 vitutis;
1223 329 1396 367 speranteS,
1419 322 1502 368 quod
1535 322 1619 369 lpse,
1654 323 1706 368 qui
1744 322 1828 358 l‘etri

1079 370 1215 416 pedibus
1237 371 1392 404 maximos
1422 372 1554 405 vortices
1583 371 1756 411 inclinavit,
1797 380 1829 406 ut

1080 419 1136 453 iter
1164 418 1318 466 liquidum
1343 419 1489 454 humanis
1512 420 1671 466 gressibus
1693 421 1828 455 solidum

1081 468 1244 515 praeberet
1263 468 1466 515 obsequium,
1505 469 1606 511 nobis,
1645 482 1725 515 quos
1759 471 1830 505 licet

1081 517 1226 564 indignos
1250 517 1292 551 illi
1317 529 1371 551 sua
1395 518 1556 552 constituit
1583 518 1722 563 dignatio
1758 531 1832 554 suc-

1079 579 1251 609 cessorem,
1276 567 1305 600 in
1335 567 1431 601 nostri
1456 568 1638 601 executione
1666 568 1830 602 ministerii

1081 616 1257 651 humiliabit
1289 628 1344 662 per
1378 628 1453 650 suae
1495 616 1617 650 virtutis
1661 619 1830 661 potentiam

1080 666 1157 700 eolla
1182 666 1336 700 tumentia
1360 665 1582 712 superborum,
1606 673 1636 698 et
1656 665 1760 711 lapsus
1800 667 1831 700 in

1080 715 1190 750 delicta
1215 714 1385 749 labentium
1411 714 1599 753 cohibendo,
1628 726 1681 748 cos
1711 715 1740 748 in
1775 714 1832 748 bo-

1082 776 1192 798 norum
1216 763 1385 798 stabilitate
1412 775 1543 809 operum
1572 762 1732 797 solidabit.

1131 813 1177 847 Ad
1198 812 1281 859 quod
1302 812 1469 846 efficaciter
1486 811 1694 846 obtinendum
1716 820 1831 846 attente

1081 862 1255 896 orationum
1291 868 1465 895 vestrarum
1501 860 1648 907 suffragia
1684 861 1834 907 implora-

1083 923 1168 955 mus,
1209 917 1444 944 universitatem
1483 917 1617 944 vestram
1657 917 1833 950 monentes,

1082 968 1226 1006 rogantes
1248 967 1278 993 et
1305 959 1507 993 obsecrantes
1534 959 1563 992 in
1592 958 1729 992 Domino
1764 958 1833 992 lesu

1082 1008 1222 1049 Christo,
1244 1016 1400 1055 quatenus
1421 1007 1603 1053 diligentius
1626 1007 1836 1048 attendentes,

1082 1058 1166 1104 quod
1191 1057 1228 1091 ad
1253 1058 1328 1091 tanti
1354 1056 1502 1102 ponderis
1524 1057 1679 1091 sarcinam
1698 1068 1837 1103 suppor-

1084 1107 1208 1141 tandam
1235 1106 1402 1153 pervigiles
1429 1113 1648 1151 cooperatores
1686 1116 1755 1139 esse
1783 1118 1837 1139 vos

1083 1156 1191 1202 exigit,
1220 1155 1307 1189 vobis
1336 1155 1366 1188 in
1400 1155 1511 1188 vestris
1538 1154 1688 1200 gregibus
1719 1154 1838 1188 sollici-

1085 1205 1161 1239 tudo
1188 1205 1356 1238 commissa
1379 1203 1410 1237 in
1435 1203 1617 1237 huiusmodi
1647 1204 1839 1250 cooperatio-

1086 1254 1134 1288 nis
1162 1253 1337 1287 ministerio
1371 1252 1558 1299 exequendo
1593 1264 1689 1297 super
1727 1264 1840 1298 greges

1085 1302 1214 1338 eosdem
1244 1302 1376 1336 sollicite
1404 1301 1569 1347 vigilantes
1595 1300 1749 1334 debilitati
1782 1313 1840 1335 no-

1085 1360 1166 1386 strae
1186 1351 1366 1385 devotarum
1386 1351 1562 1384 orationum
1582 1358 1610 1383 et
1629 1349 1838 1395 placationum

1087 1401 1218 1435 uberum
1237 1399 1456 1446 frequentibus
1478 1398 1693 1433 oblationibus
1712 1399 1841 1432 assista-

1087 1451 1138 1489 tis,
1167 1449 1206 1484 ah
1229 1449 1293 1489 Eo,
1323 1449 1374 1496 qui
1401 1448 1489 1482 vobis
1511 1448 1663 1482 sarcinam
1696 1447 1840 1482 eamdem

1089 1499 1253 1545 imposuit,
1279 1509 1336 1532 seu
1357 1497 1482 1545 pondus
1506 1497 1607 1531 forsan
1633 1497 1750 1543 imponi
1776 1509 1842 1543 per-

1088 1549 1184 1591 misit,
1211 1541 1499 1594 supplicationibus
1526 1546 1649 1580 devotis
1671 1554 1702 1580 et
1723 1546 1842 1580 sedulis

1088 1598 1312 1644 implorantes7
1350 1604 1382 1630 ut
1417 1596 1469 1642 qui
1504 1608 1539 1630 ex
1574 1595 1690 1629 eisdem
1728 1596 1842 1629 nostris

1088 1647 1263 1681 defectibus
1302 1645 1360 1680 sub
1397 1645 1481 1679 illius
1519 1656 1615 1679 onere
1657 1645 1842 1691 premimur7

1088 1696 1192 1743 ipsius
1211 1707 1341 1730 munere
1363 1695 1582 1729 sublevemur:
1604 1693 1757 1740 nobisque
1777 1694 1843 1740 ipse

1089 1747 1243 1781 honorum
1274 1745 1417 1792 Largitor
1445 1744 1587 1778 omnium
1620 1743 1666 1777 sic
1693 1743 1776 1777 illam
1805 1743 1843 1777 ad

1088 1797 1136 1831 sui
1165 1795 1303 1830 nominis
1326 1794 1451 1829 laudem
1474 1801 1503 1827 et
1533 1792 1676 1839 gloriam,
1704 1800 1842 1827 nostram

1090 1846 1259 1893 populique
1286 1843 1333 1878 sui
1364 1843 1497 1877 salutem
1533 1850 1657 1888 portare
1684 1854 1740 1876 sua
1775 1842 1843 1887 pie-

1090 1903 1150 1929 tate
1183 1893 1353 1931 concedat,
1388 1892 1471 1939 quod
1511 1891 1619 1925 eadem
1660 1891 1708 1937 pia
1746 1900 1845 1924 mater

1090 1943 1228 1978 Ecclesia
1267 1943 1348 1976 filios
1388 1953 1463 1976 suos
1499 1952 1630 1974 numero
1670 1948 1699 1973 et
1733 1940 1844 1973 merito

1091 1993 1204 2027 uostris
1234 1990 1434 2038 multiplicari
1459 1990 1654 2035 temporibus
1679 1989 1842 2034 glorietur.

1138 2042 1318 2083 Caeterum,
1341 2040 1449 2074 fratres
1465 2046 1495 2073 et
1509 2038 1576 2081 filii,
1591 2038 1737 2072 affectum
1760 2037 1845 2071 vobis

1090 2091 1289 2125 charitativae
1318 2088 1518 2135 benignitatis
1552 2087 1776 2135 expandimus,
1815 2095 1845 2120 et

1090 2141 1194 2175 sinum
1219 2139 1379 2174 charitatis
1400 2137 1518 2172 solidae
1540 2137 1710 2181 aperimus,
1735 2147 1846 2182 propo-

1092 2198 1214 2233 nentes,
1243 2189 1272 2222 in
1308 2188 1425 2234 quibus
1457 2199 1528 2221 cum
1557 2186 1624 2220 Deo
1660 2185 1843 2232 poterimus,

1092 2239 1202 2273 honori
1230 2246 1331 2272 vestro
1353 2237 1485 2276 deferre,
1508 2248 1542 2270 ac
1566 2242 1664 2269 vestra
1688 2242 1717 2267 et
1739 2233 1845 2267 Eccle-

1091 2290 1206 2324 siarum
1232 2296 1403 2322 vestrarum
1431 2285 1614 2325 commoda,
1646 2295 1701 2330 pro
1729 2282 1844 2329 quibus

1091 2339 1128 2372 ad
1149 2350 1206 2372 nos
1228 2348 1389 2372 recurrere
1411 2347 1482 2370 cum
1503 2333 1667 2368 securitate
1692 2331 1844 2378 poteritis,

1093 2389 1123 2422 in
1158 2384 1406 2434 promptitudine
1444 2382 1681 2419 benevolentiae
1709 2392 1845 2428 promo—

1093 2449 1174 2472 vere.

1142 2485 1224 2521 Cum
1252 2492 1369 2526 autem,
1393 2483 1472 2517 sicut
1495 2480 1718 2519 intelleximus,
1747 2479 1845 2525 porti·
1869 2484 1917 2511 009
1936 2487 2043 2527 mmm}

1859 2517 1965 2537 literani..
2011 2523 2028 2535 iu

1094 2544 1176 2570 tores
1196 2533 1377 2568 huiusmodi
1398 2532 1571 2565 litterarum
1599 2529 1756 2563 interdum
1776 2540 1845 2562 esse
1859 2548 1954 2567 ,„„„„d‚,

1093 2584 1314 2620 consueverint
1347 2589 1453 2616 contra
1483 2580 1689 2614 intentionem
1717 2578 1846 2612 mitten-

1095 2635 1173 2668 tium
1197 2640 1374 2671 exactores3
1398 2642 1481 2664 nunc
1503 2630 1702 2675 importunae
1725 2627 1847 2674 petitio-

1845 270 1892 296 Αη.
1912 270 1941 296 (Σ,
1963 268 2028 295 ¹278

1861 821 1882 841 t’·
1895 821 2032 846 .e>ulu‹=1p11

1848 857 1870 872 ne
1885 854 1903 871 ad
1914 851 1929 871 D
1938 858 1976 871 >um
1986 857 2034 877 pre-

1848 886 1884 902 ce·
1901 882 2002 908 exposcit.
