2274 3265
189 281 285 307 Anac
302 280 369 307 1572

436 271 504 301 554

384 334 441 366 sibi
466 332 679 376 consignatam
697 329 741 363 vel
756 329 892 375 aliquem
910 328 1004 362 alium
1026 329 1129 362 1001101

386 384 413 415 111
437 382 536 427 aliqua
561 380 608 414 5111
633 388 716 424 parte
739 379 805 412 sine
825 390 980 411 consensu
1003 378 1131 411 rectoris

386 431 540 477 perforare
565 429 610 462 vel
645 430 828 461 immutare:
857 428 909 473 qui
939 428 1129 461 contrarium

384 482 474 513 etiam
512 478 628 513 utiliter
661 477 875 515 attentaverit,
911 477 1047 522 privetur
1082 477 1131 509 illa

384 541 518 571 earnera,
536 527 580 562 vel
597 527 673 561 alias
693 526 852 560 arbitrarie
876 526 1033 572 puniatur.
1047 526 1132 559 Prae-

385 588 466 612 terea
496 579 573 612 intra
601 577 729 610 1101111101
761 576 845 609 nullo
874 575 967 609 modo
986 575 1077 609 etiam
1094 574 1131 606 de

385 628 512 661 rectoris
527 627 647 661 licentia
675 627 723 659 liat
749 625 860 658 festum
882 625 972 669 regis,
997 636 1052 658 nec
1075 623 1132 657 ali—

383 678 455 723 quis
484 678 512 711 iu
538 689 659 710 camera
689 687 757 717 sua,
781 675 884 720 aliquo
925 683 1067 719 tempore
1094 672 1132 705 de

386 735 475 761 nocte
500 727 543 760 vel
572 726 610 759 de
638 725 699 764 die,
723 724 882 758 scholares
904 730 1073 767 congreget
1095 721 1130 755 ad

384 776 600 817 roreandum,
628 773 818 808 cantandum
854 772 898 805 vel
942 771 1130 818 pulsan-lum

357 844 361 847 -
386 828 590 859 instrumenta
609 823 776 870 quaelibet,
790 822 848 855 nisi
866 822 923 854 boc
938 821 1132 865 contingeret

207 1827 253 1846 Atia
274 1826 377 1846 mundata.

386 875 448 909 lieri
478 874 679 908 recreationis
701 884 808 913 cansa,
839 879 924 916 puta,
953 883 1007 916 pro
1035 870 1133 903 licen-

385 926 458 958 tiato
482 936 562 958 novo
586 923 631 957 vel
655 923 815 955 doctor-ato
830 929 879 952 aut
895 920 980 952 socio
996 920 1131 959 infirmo,

384 984 410 1007 et
436 983 508 1007 tunc
527 973 565 1006 de
584 972 706 1005 licentia
724 969 872 1008 ret-torm
889 981 943 1014 per
957 968 1013 1001 boe.
1030 977 1131 1001 tamen

385 1036 444 1057 111111
470 1022 686 1056 interdicimus
718 1021 795 1066 quin
824 1018 939 1062 singuli
975 1018 1133 1051 scholares

384 1072 502 1119 absque
539 1071 671 1105 alicuius
706 1068 898 1114 praeiudicio
929 1067 972 1100 vel
998 1066 1131 1113 impedi—

386 1131 490 1155 mento
520 1121 735 1154 instrumentis
763 1118 828 1151 suis
854 1118 894 1149 nti
921 1116 1039 1150 valeant
1064 1130 1132 1149 mo-

385 1173 500 1205 derate.
525 1169 663 1205 Ulterius
688 1168 879 1208 inhibemus,
909 1179 945 1199 ne
966 1168 1132 1213 quisquam

388 1221 540 1266 prandere
558 1229 610 1254 aut
633 1230 765 1253 coenare
782 1218 810 1250 in
828 1229 948 1250 canneru
965 1230 1031 1254 sua,
1049 1218 1134 1249 intir-

387 1271 492 1303 mitate
505 1277 658 1309 cessante,
674 1269 731 1301 nisi
749 1267 835 1314 prius
850 1266 975 1299 obtenta
988 1280 1002 1298 a
1017 1275 1134 1299 ret-tore

388 1320 521 1353 licentia.
543 1319 620 1353 Item
646 1330 702 1351 nec
724 1318 889 1363 qnisquam
907 1315 1066 1348 cellarium
1082 1323 1133 1348 ant

387 1369 552 1415 coquinam
587 1379 680 1402 causa
719 1365 863 1400 turbandi
895 1364 1062 1407 0111013105,
1091 1364 1135 1397 vel

388 1418 479 1457 alias,
503 1418 560 1452 nisi
590 1417 735 1461 exigente
763 1416 839 1448 iusta
876 1426 980 1457 causa,
1016 1413 1134 1459 ingredi

391 1468 500 1501 tate-at:
524 1468 713 1501 contrarium
738 1466 885 1499 facientes
909 1464 1037 1497 rei-toris
1059 1463 1137 1497 arbi-

390 1518 446 1551 trio
471 1517 650 1564 puniantur.
673 1515 864 1548 Adiieientes
894 1514 977 1560 qnod
1000 1521 1084 1547 extra
1105 1512 1137 1546 ti-

391 1567 505 1601 nellum
540 1577 740 1600 communem
777 1563 853 1597 nulli
882 1563 920 1596 de
954 1563 1138 1596 victualibus

390 1616 611 1650 communibus
633 1614 748 1661 aliquid
774 1614 981 1655 ministretur,
1000 1613 1057 1645 nisi
1081 1624 1138 1645 se—

390 1667 527 1699 cundum
551 1665 634 1712 quod
650 1672 749 1698 rector
771 1663 894 1696 duxerit
924 1662 1135 1699 limitandum,

392 1715 438 1749 tel
456 1715 512 1749 nisi
529 1715 587 1749 alia
599 1714 736 1759 legitima
749 1725 841 1746 cansa
857 1711 1136 1757 aliudexpostulet.

439 1765 530 1811 §43-
549 1764 688 1799 Ulterins
708 1763 894 1796 mandamus
910 1761 1033 1805 rectori,
1052 1761 1136 1808 quod

392 1815 558 1860 diiigenter
593 1814 666 1846 liora
703 1812 905 1849 condecenti,
939 1810 1080 1844 videlicet
1109 1811 1137 1843 in

394 1865 480 1899 tertia
497 1875 647 1908 campana
671 1863 770 1895 000115
793 1862 894 1894 iubeat
912 1869 1030 1907 portam
1050 1872 1139 1894 com—

394 1926 519 1947 munem
547 1912 662 1951 claudi,
686 1920 714 1945 et
742 1911 780 1944 de
809 1924 898 1944 inane
923 1911 951 1943 in
989 1922 1138 1956 campana

393 1964 453 1997 diei
469 1973 495 1997 et
512 1975 571 1996 0011
589 1970 659 1996 ante
677 1961 802 2008 aperiri,
827 1973 923 2007 penes
939 1972 971 1993 se
990 1960 1138 1993 continue

393 2013 493 2047 claves
528 2012 565 2045 de
589 2021 680 2045 nocte
714 2019 909 2052 retenturus,
938 2022 993 2042 nec
1027 2009 1139 2055 aliquis·

394 2064 619 2108 cuiuscumque
642 2069 740 2094 status
768 2062 892 2100 existat⁷
915 2068 983 2106 post
1002 2058 1138 2092 clausam

396 2124 531 2155 ianuam,
547 2113 614 2145 sine
636 2122 784 2157 expresso
821 2109 966 2143 mandato
1001 2109 1139 2146 rectoris,

396 2161 515 2207 ingredi
544 2161 671 2194 domum
701 2159 808 2193 valeat.
836 2159 899 2193 Sed
937 2158 1141 2192 nibilominus

396 2213 432 2253 ts,
464 2223 557 2258 quem
595 2211 672 2243 iusta
702 2221 793 2243 causa
823 2208 934 2242 rectori
972 2216 1042 2241 nota
1080 2220 1140 2241 non

395 2261 599 2303 excusaverit,
618 2261 647 2293 in
670 2259 839 2293 erastinum
865 2258 893 2291 in
919 2269 996 2304 pane
1019 2265 1048 2290 et
1064 2269 1141 2303 aqna

396 2311 504 2348 semel,
541 2318 571 2343 ut
607 2321 714 2355 supra,
743 2309 966 2354 poenitentiam
1005 2316 1085 2353 agat.
1109 2307 1141 2339 Si

397 2370 498 2393 autem
513 2359 638 2406 aliquis,
651 2359 815 2405 praecipue
830 2358 867 2390 de
881 2365 981 2395 noete,
993 2369 1047 2403 per
1063 2355 1144 2390 fene-

398 2419 491 2443 stram
516 2410 560 2442 vel
583 2409 676 2443 alium
702 2408 803 2441 100010
833 2415 1014 2454 suspectum
1045 2407 1145 2452 ingre-

399 2459 502 2493 diatur
518 2459 562 2492 vel
579 2458 756 2503 egrediatur
778 2457 919 2495 1100111111,
937 2456 1073 2502 privetur
1090 2467 1144 2502 per

401 2521 537 2542 mensem
566 2508 650 2541 omni
674 2506 840 2540 commodo
868 2515 894 2539 et
923 2505 1018 2551 gratia
1048 2506 1145 2551 ipsius

401 2557 632 2604 collegii3quod
646 2557 670 2590 si
686 2556 825 2589 secundo
839 2555 992 2592 inciderit,
1010 2555 1146 2601 privetur

401 2607 542 2640 similiter
566 2619 620 2652 per
647 2618 699 2640 sex
724 2618 865 2645 menses;
889 2605 911 2637 si
935 2613 1038 2638 autem
1057 2604 1146 2637 tertio

402 2657 581 2700 excesserit,
602 2656 726 2701 gravius
755 2655 912 2701 puniatur.

964 275 1147 296 utttit‘ffttttttttt
1178 275 1244 295 nou
1256 273 1337 294 txttat

1223 332 1237 369 ᾗ·
1260 329 1316 359 44.
1341 325 1483 370 Insuper,
1507 335 1544 356 ne
1567 323 1634 356 sine
1653 322 1786 358 vindicta
1802 323 1922 358 violen-

1174 377 1234 410 tiae
1259 383 1376 410 creseat
1405 373 1547 411 audacia,
1571 381 1598 406 et
1627 384 1664 405 ne
1687 371 1856 418 quidquam
1874 372 1923 406 in-

1173 436 1347 471 congruum
1369 423 1552 469 reperiatur,
1575 419 1657 468 qnod
1683 420 1711 454 iu
1730 420 1924 456 scliolasticae

1175 474 1347 509 honestatis
1374 472 1473 517 gloria
1497 470 1650 504 maculam
1675 469 1797 510 inferat,
1812 471 1925 504 statui-

1174 537 1243 558 mus
1270 531 1300 556 et
1328 520 1571 555 irrevocabiliter
1608 519 1812 560 ordinamus,
1841 519 1925 567 quod

1175 585 1230 620 pro
1257 570 1443 606 criminibus
1472 569 1549 604 infra
1585 568 1778 616 explicandis
1808 568 1928 603 valeant

1173 622 1332 656 scholares
1355 619 1479 653 excludi
1503 632 1517 653 a
1541 618 1699 653 consortio
1718 617 1928 664 collegii,bac

1174 671 1270 705 forma
1285 670 1411 717 penitus
1425 668 1597 703 observata.
1614 667 1829 714 Expellendus
1844 667 1928 702 enim

1174 729 1280 754 eontra
1298 732 1390 766 quem
1409 718 1525 752 laborat
1543 718 1680 760 infamia,
1707 730 1760 764 per
1775 726 1928 752 rectorem

1174 779 1201 804 et
1231 770 1308 803 alios
1338 768 1484 816 providos
1519 768 1556 802 de
1584 766 1731 812 collegio,
1756 768 1858 814 primo
1882 767 1930 800 in-

1174 828 1329 865 crepetur,
1352 827 1378 852 et
1403 818 1518 859 eidem,
1541 816 1716 850 secundum
1740 816 1928 862 exigentiam

1175 869 1376 905 meritorum,
1402 879 1499 914 poena
1541 867 1735 914 imponatur:
1775 866 1859 913 quod
1904 865 1929 900 si

1174 918 1313 951 secundo
1354 917 1434 950 idem
1466 917 1684 954 attentaverit,
1720 924 1828 950 vocato
1866 924 1930 949 toto

1175 968 1309 1013 collegio
1334 967 1379 1000 vel
1405 967 1511 1000 maiori
1542 975 1628 1013 parte
1651 974 1680 999 et
1704 977 1765 999 11110
1789 965 1826 999 de
1850 965 1929 998 visi-

1177 1017 1341 1060 tatoribus,
1364 1029 1399 1050 ac.
1424 1016 1593 1062 praemissa
1617 1015 1759 1061 diligenti
1775 1014 1930 1048 delibera-

1177 1068 1272 1105 tione,
1295 1080 1333 1099 an
1357 1067 1392 1100 sit
1419 1065 1610 1103 tolerandus,
1636 1065 1680 1098 vel
1701 1064 1927 1103 eiiriendus,si

1176 1117 1382 1150 deliberatorii
1412 1116 1502 1149 fuerit
1536 1115 1667 1153 debere,
1703 1113 1867 1154 eiiciatur,
1895 1126 1928 1146 ae

1178 1167 1314 1212 privetur
1337 1166 1432 1210 gratia
1461 1165 1582 1209 collegii
1614 1174 1777 1210 perpetuo,
1810 1163 1854 1196 vel
1891 1162 1928 1197 ad

1178 1226 1311 1262 tempus.
1341 1215 1373 1248 Si
1405 1228 1476 1247 vero
1514 1215 1604 1247 tertio
1643 1214 1830 1256 excesserit,
1858 1213 1929 1258 quia

1177 1274 1282 1299 eontra
1307 1265 1397 1297 talem
1422 1265 1465 1297 sic
1491 1264 1739 1310 frequentantem
1768 1271 1812 1295 est
1839 1274 1931 1308 prae-

1178 1315 1316 1361 sumptio
1346 1315 1513 1347 veliemens
1533 1315 1570 1345 de
1595 1312 1873 1357 incorrigibilitate,
1894 1324 1931 1345 ne

1178 1365 1244 1398 ovis
1272 1363 1411 1397 morbida
1442 1363 1555 1396 inliciat
1586 1371 1683 1395 totum
1708 1375 1848 1408 gregem,
1878 1373 1932 1408 per

1179 1422 1331 1448 rectorem
1379 1421 1408 1446 et
1439 1413 1518 1446 duos
1552 1413 1729 1445 visitatores
1772 1424 1807 1445 ac
1838 1410 1930 1445 etiam

1180 1472 1277 1497 totum
1306 1462 1473 1508 collegium
1490 1462 1528 1495 de
1551 1461 1631 1495 facto
1656 1460 1774 1508 absque
1798 1459 1858 1494 nlla
1874 1459 1932 1493 mi-

1179 1512 1347 1546 sericordia
1370 1511 1559 1559 expellatur,
1584 1523 1640 1544 nec
1664 1509 1781 1544 ibidem
1806 1509 1929 1544 tolerari

1181 1562 1225 1597 vel
1246 1562 1284 1595 de
1316 1574 1395 1595 novo
1419 1562 1513 1608 recipi
1551 1561 1646 1594 valeat
1676 1559 1808 1593 ulterius
1835 1559 1930 1593 semel

1179 1611 1332 1658 expulsus
1356 1623 1410 1658 pro
1433 1610 1620 1645 criminibus
1640 1609 1858 1656 infrascriptis.

1228 1661 1248 1707 S
1270 1663 1329 1695 45.
1349 1660 1489 1694 Crimina
1507 1672 1590 1699 vero,
1607 1667 1731 1706 propter
1750 1671 1829 1705 quae
1848 1671 1933 1705 prae-

1181 1711 1275 1745 missa
1315 1711 1459 1757 expulsio
1499 1710 1562 1742 lieri
1589 1709 1698 1754 possit,
1732 1717 1805 1742 sunt
1832 1708 1930 1743 baec:

1182 1760 1411 1807 blasphematio
1452 1760 1506 1793 Dei
1536 1768 1562 1792 et
1594 1758 1732 1805 Virginis
1760 1758 1932 1804 gloriosae;

1182 1811 1358 1856 vituperosa
1375 1819 1403 1843 et
1420 1809 1568 1856 frequens
1586 1821 1697 1842 manus
1715 1808 1841 1842 iniectio
1861 1821 1932 1842 eum

1180 1860 1283 1906 gladio
1319 1860 1365 1893 vel
1403 1858 1609 1906 aequivalenti
1652 1858 1862 1892 instrumento
1903 1858 1933 1892 in

1181 1910 1369 1948 scholarem,
1392 1908 1587 1943 sacerdotem
1618 1907 1662 1941 vel
1692 1907 1874 1941 familiarem
1905 1908 1934 1942 iu

1181 1959 1341 1993 communi
1359 1958 1461 1993 0111010
1474 1957 1674 1992 officiantem.
1692 1957 1784 1998 Quod
1801 1958 1824 1990 si
1842 1969 1936 1991 enor-

1183 2011 1243 2043 mis
1258 2009 1363 2052 fuerit,
1382 2021 1438 2056 pro
1454 2008 1551 2055 prima
1570 2007 1636 2041 vice
1655 2007 1837 2053 expellatur.
1860 2007 1934 2041 ltem

1182 2068 1303 2093 atroces
1347 2059 1477 2092 iniuriae
1520 2059 1613 2091 etiam
1656 2056 1795 2091 verbales
1829 2065 1935 2090 contra

1184 2117 1333 2143 rectorem
1359 2108 1478 2148 illatae,
1503 2107 1540 2141 ita
1567 2115 1682 2151 tamen,
1705 2106 1788 2153 quod
1813 2107 1837 2140 si
1866 2107 1937 2153 quis

1183 2175 1254 2197 eum
1281 2163 1430 2197 violenter
1453 2162 1654 2209 percusserit,
1682 2173 1736 2208 pro
1755 2161 1851 2207 prima
1871 2161 1935 2195 vice

1183 2217 1367 2264 expellatur,
1383 2226 1413 2251 et
1437 2216 1524 2251 nullo
1552 2215 1646 2250 modo
1675 2215 1772 2249 valeat
1795 2214 1937 2250 reconci-

1185 2271 1263 2305 liari.
1282 2272 1356 2306 ltem
1381 2271 1519 2306 detentio
1532 2282 1693 2305 armorum
1710 2268 1936 2303 offensibilium

1184 2335 1214 2359 et
1248 2326 1481 2361 defensibilium
1523 2326 1600 2359 intra
1636 2324 1817 2371 hospitium.
1860 2323 1935 2359 Item

1186 2380 1294 2414 fractio
1321 2381 1454 2415 alicuius
1491 2380 1602 2414 archae
1644 2378 1688 2412 vel
1725 2378 1815 2412 liostii
1857 2378 1936 2412 intra

1186 2435 1353 2481 collegium
1382 2436 1487 2470 auimo
1524 2434 1671 2470 nocendi.
1701 2432 1777 2467 ltem
1819 2432 1935 2466 furtum

1188 2501 1291 2523 rerum
1328 2491 1545 2524 communium
1586 2488 1721 2534 collegii,
1758 2499 1860 2534 usqne
1896 2485 1935 2520 ad

1188 2544 1321 2578 valorem
1345 2545 1468 2590 triginta
1496 2544 1681 2583 solidorum3
1711 2543 1782 2576 item
1819 2542 1935 2576 furtum

1188 2610 1290 2633 rerum
1308 2600 1496 2646 privatarum
1521 2610 1619 2644 usque
1634 2598 1671 2632 ad
1693 2597 1826 2630 valorem
1843 2597 1936 2630 trium

1188 2652 1335 2688 librarum
1366 2653 1543 2688 Bononien.
1571 2652 1641 2686 15115
1669 2659 1771 2686 autem
1811 2649 1936 2684 duobus

1937 269 1986 293 Αη,
2005 267 2033 292 Ο
2055 267 2122 292 ¹372

1950 334 1977 353 Dc
1989 332 2126 359 expellendis

1936 365 1961 384 oh
1978 367 2059 390 pati-atu
2078 370 2123 383 cri-

1937 401 2000 416 1111110.

1947 1705 1999 1725 quae
2014 1698 2076 1718 dehet
2086 1667 2131 1724 quoti}

1947 1730 2032 1756 expetiit

1960 1667 2062 1691 Crimina,
