2274 3265
77 272 125 298 Au.
144 272 173 298 C.
194 272 259 297 t3tn

274 338 335 373 que
351 334 410 360 tani
435 325 592 361 invasores
609 326 794 373 praedictos,
812 340 904 374 quain
926 327 1023 362 duces

276 384 306 410 et
328 385 559 422 praeceptores,
585 377 758 417 adiutores,
784 378 939 418 valitorcs,
963 376 1024 411 sau-

277 433 370 463 tores.
393 425 598 461 adhaerentes
624 435 653 461 et
677 439 828 473 sequacos
851 439 959 461 corum
988 439 1023 459 ac

278 474 463 521 praebentes
485 475 619 519 eisdem,
643 484 673 509 ut
698 476 899 522 praedicitur,
928 477 1022 509 auxi-

277 525 364 565 lium,
391 525 557 560 consilium
588 525 632 560 vel
656 525 804 569 favorem,
827 533 946 559 certum
963 525 1024 559 cxi-

276 583 334 609 stat
364 574 553 622 praedictam
587 575 924 609 excommunicationis
951 588 1023 609 seu-

277 633 404 660 tentiam
429 636 605 659 incurrisse.

326 675 346 721 S
368 677 398 708 5.
424 673 620 708 Fraternitati
646 682 764 709 vestrae
787 687 841 721 per
854 675 1022 722 apostolica

277 725 392 771 scripta
421 723 617 767 mandamus,
645 732 799 771 quatenus
827 737 880 759 vos
906 733 936 759 et
957 726 1026 772 qui-

278 773 352 809 libet
375 783 509 808 vestrum
529 785 584 820 per
607 786 660 807 vos
682 773 727 808 vel
751 774 847 809 alium
864 787 917 809 seu
938 774 1026 820 alios,

279 833 440 869 magnates
461 832 491 858 et
513 822 646 866 nobiles7
669 822 778 868 duces,
794 833 1024 871 praeceptores,

279 873 496 917 adhaerentes,
510 884 673 920 sequaces,
691 873 834 908 valitores
847 882 876 909 et
890 874 1027 909 fautores

279 935 387 957 eorum
427 921 627 969 praedictos,
659 935 860 970 quocumque
900 925 1026 959 nomine

278 980 475 1010 censeantur
493 972 910 1019 cuiuscumquedignitatis
928 982 1027 1009 status

278 1022 323 1056 we·
338 1021 529 1056 conditionis
540 1029 686 1060 existant
699 1022 752 1068 qui
777 1035 907 1068 regnum
924 1023 1026 1070 ipsuin

278 1071 436 1106 hostiliter
470 1080 499 1105 et
539 1079 651 1104 teriam
681 1071 827 1106 ιιιιιιάει·θ
855 1081 884 1107 et
913 1073 1027 1107 intrare

279 1120 397 1161 illicite
429 1129 460 1154 ut
484 1120 706 1167 praemittitur,
731 1130 1028 1168 praesumps‹iuut;

279 1170 324 1204 vel
344 1183 398 1217 per
411 1171 489 1204 alios
505 1170 606 1204 invadi
623 1170 780 1213 feceruut,
791 1172 1028 1211 mandaverunt,

276 1232 331 1254 seu
355 1220 447 1254 etiam
484 1228 710 1266 procurarunt,
735 1220 778 1254 vel
809 1220 884 1255 alias
903 1221 1028 1255 turbare

277 1278 327 1303 aut
353 1268 550 1303 turbantibus
578 1281 632 1303 seu
657 1268 877 1304 invadentibus
913 1271 942 1304 in
972 1283 1028 1317 pe-

279 1319 384 1359 cunia,
407 1318 497 1365 equis
518 1326 548 1352 et
575 1319 684 1359 armis,
705 1318 752 1352 vel
767 1319 842 1352 alias
865 1321 1029 1366 praestite-

280 1368 339 1402 riut
361 1369 526 1412 auxilium,
554 1368 723 1402 consilium
748 1368 793 1402 vet
817 1367 953 1404 favorem
971 1382 1030 1424 pu-

280 1417 395 1452 blicum
433 1417 479 1451 vel
513 1417 696 1462 occultum
720 1417 837 1452 tamdiu
857 1431 912 1465 pei
924 1432 1029 1453 oinuia

279 1467 358 1511 loca
372 1468 401 1501 in
425 1466 540 1514 quibus
562 1468 709 1523 expedite
724 1467 881 1523 videritis3
894 1477 923 1503 et
940 1481 1031 1515 prae-

280 1517 387 1551 sertim
413 1517 441 1551 in
466 1517 540 1551 locis
562 1517 727 1552 maritimis
749 1525 779 1552 et
806 1519 882 1552 mari
910 1519 1031 1559 vicinis,

280 1575 310 1601 ct
332 1567 434 1611 aliis,
429 1580 458 1601 ιιι
483 1567 598 1614 quibus
620 1566 687 1602 ad
681 1580 823 1613 ipsorum
847 1580 1032 1603 excommu-

283 1617 455 1651 nicatorum
485 1626 514 1651 et
537 1617 573 1651 ad
592 1617 845 1664 participantium
874 1631 945 1652 curu
963 1619 1031 1653 eis-

282 1666 353 1700 dem
390 1666 532 1701 notitiam
569 1667 597 1700 id
641 1666 739 1702 valeat
763 1668 937 1713 pervenire,
965 1669 1033 1702 siu-

282 1717 362 1763 gulis
384 1716 496 1751 diebus
511 1716 679 1751 dominicis
700 1725 730 1752 et
753 1717 883 1757 festivis,
903 1719 1032 1765 pulsatis

283 1766 444 1821 campanis
471 1774 501 1801 et
524 1765 664 1801 candelis
677 1767 829 1811 accensis
844 1780 1033 1802 excommu-

286 1816 404 1851 nicatos
439 1816 563 1872 ρ-,ιὼΙιοθ
595 1818 762 1857 nuncietis
797 1825 826 1852 et
853 1818 972 1852 faciatis
995 1818 1033 1853 ab

286 1865 345 1900 illis
367 1867 520 1906 nunciati
547 1878 583 1900 ac
604 1866 643 1900 ab
664 1867 814 1901 omnibus
840 1868 955 1902 arctius
971 1868 1034 1901 eii-

285 1916 362 1955 tari
395 1915 497 1950 donec
524 1915 652 1963 praefati
687 1917 950 1951 excommuniciti
980 1930 1034 1965 pei

285 1965 506 2000 satisfactionis
528 1964 669 1999 debitum
693 1966 730 2000 ad
754 1965 916 2001 Ecclesiae
944 1980 1034 2001 man-

286 2015 391 2048 datum
409 2014 557 2049 redierint
571 2023 601 2049 et
622 2015 830 2051 absolutionis
847 2016 1032 2051 heneficium

287 2065 461 2098 meruerint
487 2063 640 2099 obtinere.

337 2113 451 2148 Datum
490 2114 653 2149 Avenione
684 2124 772 2149 sexto
795 2114 854 2149 kal.
892 2115 1035 2161 ianuarii,

288 2163 485 2211 pontificatus
512 2164 609 2198 nostri
632 2177 715 2199 anno
741 2173 862 2210 quarto.

307 2216 367 2247 Dat.
384 2217 430 2247 die
446 2216 482 2247 27
500 2216 666 2247 decembris
684 2217 769 2254 1319,
789 2223 866 2257 pont.
883 2228 959 2248 anuo
978 2228 1014 2249 ir.

92 727 130 747 Eos
144 728 212 753 itaque
225 732 262 745 ex-

88 766 97 778 c
106 760 254 777 immunis-ains

79 789 200 808 denunciari
223 793 261 813 pu-

79 820 133 839 biit-e
180 819 262 838 mandat

86 851 253 876 urentem-copi·

77 885 97 901 et
107 882 213 907 episcopis
223 881 264 900 An—

92 914 138 932 tiae.

614 2326 711 2362 XXV.

292 2385 506 2430 Promulqatio
523 2388 738 2420 sententiarum
753 2394 861 2421 contra
882 2388 1039 2420 retinentes

337 2442 363 2467 et
381 2436 584 2469 inhabitantes
610 2438 714 2469 domos
735 2443 761 2470 et
787 2438 908 2481 palatia
934 2438 1039 2470 Eccle-

338 2486 465 2524 siarum,
493 2487 527 2519 S.
544 2486 582 2519 R.
608 2487 646 2519 E.
669 2487 878 2520 cardinalibus
904 2488 938 2520 in
959 2488 1040 2520 littt-

339 2535 402 2567 lum
428 2548 478 2569 seu
508 2537 716 2569 commendam
743 2548 949 2570 concessarum
978 2540 1038 2579 (fl).

327 2596 366 2630 (t)
387 2596 425 2622 Ex
443 2597 546 2631 Regest.
565 2597 590 2623 in
610 2597 718 2623 Archiv.
735 2598 817 2624 Vatic.
831 2599 941 2624 —Haec
952 2598 1002 2625 sub
1014 2608 1038 2625 n.

293 2640 359 2658 xxvr
371 2631 483 2659 habetur
495 2635 519 2659 in
532 2633 795 2664 Mainardieditione,
812 2637 838 2660 et
859 2641 973 2668 sequens
992 2635 1042 2660 sub

294 2676 319 2693 n.
333 2675 403 2697 xxv:
416 2671 556 2703 utramque
568 2669 592 2695 in
607 2669 713 2703 propria
726 2669 787 2695 sede
798 2669 930 2703 ponimus.
951 2670 989 2705 (E.
1002 2670 1042 2704 τ.)

373 2712 446 2741 Bult.
465 2712 542 2742 Rom.
566 2713 620 2742 vot.
640 2713 684 2742 IV.
887 2713 921 2743 37

772 272 908 295 massas
931 272 987 293 xxi
1011 260 1118 303 (ilic-tus
1140 264 1215 303 xxii)
1243 271 1289 292 rr.

1333 325 1545 356 stutttAnttJM

1065 392 1229 422 Exordium.
1257 410 1295 414 —
1324 393 1350 422 1.
1373 392 1518 423 Titulares
1545 394 1738 424 cardinalium
1763 395 1814 424 do-

1105 448 1166 467 inos
1184 448 1197 466 a
1223 438 1314 473 iaicis,
1335 439 1530 478 l'octuinisque
1547 445 1703 478 occupatas
1723 439 1814 469 fuisse

1105 488 1212 512 narrat.
1243 500 1281 504 —
1306 483 1332 511 02,
1358 482 1415 512 lloc
1447 484 1507 513 ticri
1537 485 1690 523 prohihet:
1722 501 1759 506 —
1788 484 1814 513 3.

1104 528 1208 557 Contra
1231 537 1317 557 secus
1340 532 1460 566 agentes
1483 530 1813 559 excoriimttnicatinnent

1107 572 1284 607 interminat,
1318 590 1356 594 —
1379 573 1407 602 4.
1438 572 1489 602 Cui
1513 573 1559 603 dd.
1583 574 1735 603 domorum
1759 574 1814 603 de-

1106 622 1232 647 tentores
1256 618 1381 647 subesse
1410 618 1548 654 declarat,
1567 618 1623 647 nisi
1652 618 1723 647 infra
1753 626 1816 647 cer-

1106 668 1165 693 tum
1191 668 1305 702 tempus
1322 673 1371 692 eas
1393 663 1568 692 dimiserint.
1591 679 1629 684 --
1651 662 1816 692 Clausulae.

1066 739 1175 768 Ioannes
1192 739 1330 775 episcopus
1350 745 1445 767 servus
1469 745 1610 768 servorum
1629 738 1686 772 Dei,
1707 740 1740 767 ad
1759 746 1814 767 cer-

1111 789 1258 817 titudinem
1288 788 1474 824 praesentium
1501 789 1530 816 et
1559 787 1718 816 memoriam
1741 787 1817 817 futu·

1112 845 1215 867 rorum.

1117 909 1262 944 Rationis
1285 909 1361 943 ordo
1385 909 1542 956 poscebat,
1572 918 1605 943 ut
1633 910 1686 956 qui
1720 921 1753 943 se
1781 908 1820 943 de

1069 959 1194 1005 generis
1216 958 1378 993 nobilitate
1406 959 1590 998 clarificant,
1614 971 1737 993 morunt
1767 971 1819 993 ve-

1071 1016 1193 1042 nustate.
1217 1009 1392 1054 fulgerent,
1424 1009 1619 1043 abstinerent
1650 1021 1665 1042 a
1695 1009 1819 1048 vetitis,

1071 1058 1212 1092 modeste
1228 1058 1319 1092 licitis
1333 1066 1512 1093 uterentur:
1529 1059 1639 1105 sicque
1655 1066 1819 1104 parentum

1070 1120 1199 1141 suorum
1229 1108 1337 1141 imitati
1367 1108 1508 1153 vestigia,
1542 1108 1665 1142 illorum
1691 1108 1821 1142 virtutes

1071 1157 1273 1199 excolerent,
1303 1169 1444 1191 normam
1468 1157 1648 1204 diligenter,
1668 1166 1822 1204 actusque

1072 1218 1127 1252 pro
1156 1206 1272 1240 rii-ihus
1300 1215 1447 1240 strenuos
1473 1215 1683 1245 sectarentur,
1706 1206 1821 1253 quibus

1070 1255 1173 1290 Deum
1198 1256 1346 1290 factorem
1370 1268 1464 1290 suum
1485 1257 1513 1290 iu
1542 1256 1691 1290 omuibus
1718 1264 1748 1290 et
1768 1269 1822 1303 per

1072 1305 1174 1339 omnia
1200 1305 1367 1351 diligentes
1389 1305 1478 1348 Eius,
1502 1305 1584 1339 velut
1608 1314 1736 1340 matrem
1765 1318 1822 1339 ve—

1075 1363 1259 1389 neiwarentui
1281 1354 1401 1388 Eccles
1377 1367 1467 1399 ⁰‚iam
1490 1355 1638 1403 illiusque
1667 1354 1822 1401 praelatos

1072 1404 1165 1450 digna
1199 1416 1255 1438 ceu
1293 1413 1396 1459 patres
1425 1382 1597 1439 reierentia
1622 1405 1822 1439 honorarent.

1073 1453 1149 1488 Nam
1175 1454 1299 1497 honor,
1327 1455 1379 1501 qui
1403 1454 1570 1489 exhibetur
1592 1454 1767 1493 ministris
1795 1455 1823 1488 ei

1073 1504 1162 1538 cuius
1186 1504 1318 1538 ministri
1347 1512 1445 1548 suut,
1474 1504 1580 1551 procul
1610 1504 1707 1538 dubio
1734 1503 1825 1539 exhi-

1076 1553 1176 1587 betur.

1122 1608 1137 1646 g
1162 1605 1194 1637 1.
1225 1602 1286 1637 Sed
1319 1603 1379 1637 heu
1414 1603 1557 1637 nonnulli
1587 1603 1710 1637 nobiles
1743 1604 1825 1638 cives

1076 1654 1207 1696 romani,
1229 1653 1344 1699 aliique
1367 1653 1434 1687 laici
1457 1661 1485 1686 et
1505 1653 1616 1687 viduae
1633 1653 1825 1688 habitatores

1077 1702 1180 1747 Urbis,
1192 1711 1281 1749 prout
1302 1703 1362 1736 fide
1384 1703 1551 1748 (lignorum
1573 1703 1663 1737 hahet
1683 1704 1824 1748 assertio,

1075 1753 1182 1799 stirpis
1221 1753 1430 1798 generositate
1475 1754 1636 1800 conspicui
1676 1757 1823 1796 (morum

1077 1803 1193 1836 utinam
1219 1802 1405 1848 indignitate
1427 1811 1531 1836 esseut
1556 1803 1825 1842 vacui,exinnata

1076 1852 1121 1886 eis
1156 1852 1289 1899 quadam
1319 1852 1505 1886 necessitate
1531 1852 1654 1887 dissulti
1672 1880 1680 1892 ‚
1707 1853 1781 1887 dum
1811 1866 1825 1886 a

1078 1902 1230 1936 maiorum
1268 1915 1297 1935 ιιι
1335 1902 1372 1936 iis
1400 1902 1512 1935 virtute
1534 1902 1725 1948 degenerant
1751 1915 1827 1937 suae

1077 1951 1311 1998 quodammodo
1353 1952 1547 1998 antiquitatis
1574 1951 1827 1993 obliti!);l1abet

1079 2013 1213 2048 namque
1240 2001 1370 2035 assertio
1398 2000 1579 2048 praelibata,
1611 2002 1694 2048 quod
1736 2014 1828 2049 prae—

1078 2051 1128 2084 fati
1145 2050 1268 2085 nobiles
1289 2059 1318 2084 et
1337 2051 1391 2084 alii
1417 2050 1485 2084 laici
1510 2063 1544 2085 ac
1573 2050 1684 2085 viduae
1715 2050 1827 2086 domos

1078 2108 1108 2134 et
1136 2100 1247 2148 palatia
1270 2100 1306 2134 ad
1335 2100 1445 2134 fratres
1473 2108 1596 2134 nostros
1618 2099 1752 2135 Sanctae
1768 2100 1831 2135 Ro-

1079 2162 1189 2184 manae
1212 2149 1372 2184 Ecclesiae
1404 2149 1578 2184 cardinales
1613 2149 1826 2185 Ecclesiarum

1079 2199 1180 2234 dictae
1211 2199 1303 2234 Urbis
1341 2200 1564 2233 intitulatarum
1589 2200 1633 2233 vel
1663 2212 1828 2235 commen-

1079 2250 1220 2284 datarum
1243 2249 1363 2284 eisdem
1391 2249 1510 2283 ratione
1531 2250 1720 2296 spectantia,
1747 2262 1830 2297 quo-

1081 2312 1149 2333 rum
1182 2300 1274 2334 etiam
1308 2299 1410 2346 aliqua
1449 2298 1540 2333 dictis
1575 2299 1722 2334 fratribus
1756 2308 1829 2334 sunt

1080 2350 1155 2383 alias
1182 2349 1220 2383 ab
1243 2349 1421 2395 Apostolica
1440 2347 1523 2382 Sede
1541 2360 1707 2393 concessa,
1731 2357 1829 2384 teme-

1082 2399 1169 2433 ritate
1194 2399 1315 2445 propria
1340 2398 1511 2437 introeunt,
1534 2408 1687 2445 occupant
1703 2408 1732 2434 et
1748 2399 1828 2433 inha-

1083 2448 1180 2482 bitant
1197 2448 1288 2482 iidem
1303 2447 1423 2482 nobiles
1437 2456 1467 2481 et
1482 2447 1550 2481 laici
1571 2460 1642 2481 cuin
1667 2448 1829 2491 uxoribus,

1082 2506 1111 2531 et
1140 2506 1200 2532 tam
1238 2498 1320 2544 ipsi,
1355 2509 1447 2543 quam
1476 2497 1577 2531 dictae
1618 2498 1728 2533 viduae
1757 2510 1828 2532 curn

1084 2554 1246 2598 utriusque
1269 2564 1362 2586 sexus
1385 2551 1511 2586 familiis
1533 2552 1717 2586 eorumdem
1747 2553 1831 2600 ipso·

1084 2619 1151 2640 ruin
1179 2606 1386 2641 cardinalium
1409 2618 1463 2641 seu
1489 2606 1674 2641 vicariorum
1695 2607 1740 2642 vel
1759 2620 1831 2654 pro-

1084 2669 1262 2695 curatorum
1292 2661 1473 2695 eorumdem
1504 2661 1533 2694 iu
1565 2661 1657 2696 dictis
1689 2661 1831 2697 ecelesiis

1865 922 1981 943 Exordium.

1852 1614 1955 1635 Ttiutaras
1975 1621 2023 1635 aar<

1839 1647 1937 1666 ritualium
1949 1647 2021 1667 domos

1839 1685 1850 1697 s
1866 1678 1932 1701 laicis,
1946 1677 2022 1697 tuemi-

1838 1710 1913 1735 ntsque
1929 1714 2022 1734 occupa-

1840 1743 1871 1760 [ιβ
1886 1740 1950 1759 fuisse
1973 1746 2024 1759 nor-

1840 1774 1879 1791 rat.
