2274 3265
265 288 313 314 An.
333 290 359 314 Γ..
383 289 448 315 ΙίιίΒ

515 278 585 310 674

462 341 655 385 cenda,1el
684 340 847 394 quodlibet
884 339 969 374 aliud
1008 341 1045 374 ad
1085 352 1210 374 causam

462 399 689 446 opportunum,
706 389 796 422 ctiam
822 401 876 434 p1o
900 388 1212 435 purificationemfa-

463 441 542 473 miae
565 438 756 481 licie,ndnm
771 438 810 471 sit
826 437 958 471 licitum.

516 490 567 521 14
581 487 624 521 11«
615 500 669 527 m
685 465 789 521 ntrtim
806 486 924 530 c1edat,
938 486 1020 532 quod
1039 486 1210 532 periurium

460 538 598 571 scienter
611 536 831 578 commissum,
847 548 883 569 ex
899 547 1100 582 quacumque
1116 547 1211 569 causa

461 586 505 619 vel
541 585 717 628 occasione,
759 597 813 631 pro
856 585 1092 619 conservatione
1135 584 1212 618 vitae

459 634 633 681 corporalis
662 635 805 680 Propriae
830 634 875 668 rel
897 634 1036 676 alterius,
1060 634 1150 667 etiam
1181 633 1210 665 in

461 685 596 717 l'av01em
622 683 708 726 fidei,
730 683 769 716 sit
799 693 960 729 peceatum
991 682 1130 717 mortale.

515 735 565 766 15.
581 732 671 771 Item,
690 740 793 766 utrum
808 732 923 771 credat,
940 731 1023 777 quod
1039 730 1211 765 deliberato

458 782 563 816 animo
585 790 792 816 contemnens
816 782 907 814 ritum
933 780 1096 820 Ecclesiae,
1109 791 1211 813 caere-

461 831 581 864 monias
603 830 769 865 exorcismi
798 838 826 863 et
856 829 1072 871 cathechismi,
1112 840 1210 874 aquae

460 879 654 925 baptismatis
670 887 881 918 consecratae,
902 886 1007 923 peccet
1027 877 1208 911 mortaliter

512 932 564 962 16.
594 928 684 968 Item,
719 937 820 961 utrum
861 927 985 970 credat,
1020 926 1104 972 quod
1141 935 1211 972 post

458 978 725 1012 consecrationem
750 975 922 1010 sacerdotis
949 976 977 1009 in
1005 975 1210 1010 Sacramento

458 1027 574 1060 Altaris
603 1025 663 1060 sub
687 1025 860 1059 velamento
884 1025 973 1071 panis
995 1033 1024 1058 et
1053 1024 1113 1057 vini
1147 1036 1208 1058 non

457 1075 496 1108 sit
519 1075 608 1121 panis
632 1074 800 1108 materialis
833 1081 863 1108 et
891 1076 998 1108 vinum
1037 1072 1209 1117 materiale,

457 1124 509 1157 sed
544 1123 627 1158 idem
653 1135 707 1170 per
729 1123 834 1157 omnia
857 1122 1014 1164 Christus,
1031 1122 1084 1169 qui
1107 1122 1164 1156 fuit
1179 1122 1208 1155 in

457 1184 551 1207 cruce
565 1181 727 1220 passus,et
749 1172 838 1207 sedet
859 1172 895 1206 ad
916 1172 1074 1206 dexteram
1095 1171 1208 1206 Patris.

508 1224 562 1255 17.
586 1222 676 1262 Item,
694 1229 797 1255 utrum
814 1221 921 1256 credat
935 1229 965 1255 et
979 1230 1106 1259 asserat,
1123 1221 1207 1267 quod

458 1271 535 1305 lacta
557 1271 793 1306 consecratione
831 1282 885 1317 per
907 1270 1114 1310 sacerdotem,
1149 1270 1208 1303 sub

457 1320 520 1353 sola
540 1321 645 1375 specie
668 1320 758 1374 panis
776 1327 908 1362 tantum,
936 1328 964 1353 et
990 1327 1112 1365 praeter
1133 1331 1208 1365 spe-

457 1382 502 1402 tt(
507 1381 535 1402 m
554 1370 628 1408 vini,
648 1370 689 1402 sit
713 1381 781 1402 vera
799 1381 871 1403 caio
887 1367 1004 1402 Clnisti
1023 1377 1053 1402 et
1067 1381 1206 1414 sanguis

457 1426 485 1450 ιι
505 1419 619 1461 anima,
641 1426 670 1451 et
689 1418 799 1455 deitas
822 1426 852 1451 et
875 1426 959 1451 totus
985 1396 1144 1460 Christus-⁹,
1172 1430 1207 1451 ac

457 1467 538 1500 idem
562 1479 678 1513 corpus
700 1466 853 1506 absolute,
868 1475 897 1500 et
916 1467 975 1500 sub
995 1479 1053 1501 una
1070 1467 1206 1513 qnalibet

457 1516 578 1550 illarum
601 1516 777 1562 specierum
797 1515 1007 1561 singulariter.

509 1566 562 1598 18.
589 1565 678 1604 Item,
704 1573 806 1598 utrum
826 1565 944 1605 credat,
967 1565 1052 1611 quod
1076 1577 1207 1599 consue-

455 1613 530 1648 tudo
552 1614 806 1648 communicandi
831 1626 979 1661 personas
1001 1614 1124 1648 laicales
1146 1613 1206 1648 sub

454 1664 560 1708 specie
583 1663 672 1709 panis
696 1671 829 1706 tantum,
851 1663 890 1697 ab
913 1663 1055 1697 Ecclesia
1078 1663 1205 1697 univer-

453 1711 508 1744 sali
531 1712 706 1751 observata,
741 1720 770 1745 et
800 1724 854 1758 per
880 1724 1003 1746 sacrum
1034 1711 1203 1746 concilium

453 1760 655 1795 Constantiae
682 1760 864 1807 approbata,
892 1762 932 1795 sit
966 1761 1138 1802 servanda,
1159 1762 1205 1795 sic

453 1809 539 1855 quod
561 1822 621 1844 non
645 1810 735 1844 liceat
759 1822 827 1844 cam
857 1810 1036 1857 reprobare,
1058 1819 1111 1844 aut
1137 1810 1204 1845 sine

452 1858 613 1893 Ecclesiae
634 1860 819 1893 auctoritate
840 1872 893 1905 pro
917 1859 1002 1894 libito
1026 1861 1202 1894 immutare.

452 1908 491 1941 Et
518 1908 600 1962 quod
629 1908 771 1943 dicentes
800 1909 999 1956 pertinaciter
1021 1909 1202 1955 oppositum

453 1958 892 2013 praemissor11n1,tamquam
919 1959 1066 1992 baeretici
1092 1958 1203 1992 velsa-

452 2007 574 2052 pientes
587 2007 742 2041 haeresim
759 2008 821 2041 sint
849 2007 975 2042 arcendi
991 2016 1019 2042 et
1037 2008 1201 2054 puniendi

504 2058 558 2089 19.
587 2056 681 2100 Item,
710 2065 815 2091 utrum
844 2057 967 2099 credat,
1004 2057 1087 2104 quod
1116 2057 1203 2091 cliri-

451 2113 571 2139 stianus
593 2115 801 2140 contemnens
829 2107 1063 2153 susceptionem
1095 2118 1202 2140 sacra-

452 2162 629 2189 mentorum
669 2154 927 2190 confirmationis
959 2157 1005 2189 vel
1035 2155 1201 2190 Extremae

450 2202 616 2238 Unctionis
642 2214 694 2238 aut
721 2205 989 2239 solemnizationis
1012 2205 1199 2239 Matrimonii

450 2261 558 2298 peccet
587 2254 769 2288 mortaliter.

498 2304 555 2335 20.
579 2302 677 2343 Item,
708 2312 811 2337 utrum
840 2304 965 2343 credate,
993 2304 1077 2350 qnod
1110 2304 1201 2338 chri—

449 2352 569 2386 stianus
598 2353 675 2387 ultra
699 2354 918 2387 contritionem
947 2354 1068 2393 cordis,
1098 2353 1200 2388 habita

448 2403 536 2447 copia
581 2402 751 2436 sacerdotis
784 2403 915 2447 idonei,
948 2403 1003 2437 soli
1047 2403 1198 2436 sacerdoti

448 2451 486 2485 de
522 2453 705 2486 necessitate
733 2452 843 2486 salutis
870 2452 1010 2486 confiteri
1048 2460 1200 2491 teneatur,

448 2508 476 2533 et
510 2513 571 2534 non
601 2501 678 2535 laico
704 2513 759 2535 seu
788 2501 874 2535 laicis
904 2509 1198 2548 quantumcumque

449 2549 538 2583 bonis
560 2558 590 2584 et
612 2549 743 2584 devotis.

497 2601 553 2631 21.
578 2598 667 2637 ltem,
687 2608 791 2633 utrum
817 2599 1032 2646 credat,‹·p1otl
1053 2599 1199 2633 sacerdos

450 2648 479 2680 in
508 2648 632 2683 casibus
665 2648 722 2682 sibi
757 2650 919 2695 permissis
954 2649 1051 2695 possit
1081 2660 1199 2695 pecca-

1049 287 1147 308 ssULLA
1153 286 1183 308 ttt
1191 286 1233 308 [tat
1260 284 1421 307 ROMANUM

1257 347 1354 372 torem
1383 337 1561 371 confessum
1584 344 1614 370 et
1636 337 1805 370 contritum
1833 349 1849 371 a
1874 339 2011 383 peccatis

1255 387 1416 421 absolvere
1443 395 1473 419 et
1495 384 1554 418 sibi
1584 385 1809 431 poenitentiam
1833 385 2007 432 iniungere.

1305 438 1362 469 22.
1399 434 1489 477 Item,
1522 441 1625 467 utrum
1655 433 1771 474 credat,
1795 434 1878 480 quod
1909 435 2010 469 malus

1255 485 1401 519 sacerdos
1415 495 1487 517 cum
1512 482 1615 517 debita
1644 483 1771 517 materia
1795 490 1825 516 et
1848 482 1960 526 forma,
1980 493 2009 517 et

1255 545 1327 567 cum
1356 532 1532 567 intentione
1560 530 1693 565 faciendi
1728 531 1812 578 qnod
1841 531 1914 566 facit
1948 531 2009 566 Ec-

1256 582 1363 621 clesia,
1393 594 1465 615 vere
1493 580 1650 620 conficiat,
1673 592 1744 614 vere
1766 580 1918 621 absolvat,
1939 593 2009 615 vere

1256 630 1392 677 baptizet
1414 638 1443 664 et
1465 641 1536 663 vere
1559 629 1698 663 conferat
1719 629 1776 663 alia
1799 638 2007 664 sacramenta.

1304 682 1361 713 23.
1385 679 1476 717 Item,
1501 686 1605 713 utrum
1629 678 1753 722 credat,
1776 678 1860 725 quod
1891 678 1926 712 B.
1953 678 2010 712 Pe-

1254 736 1320 762 trus
1344 729 1434 762 suerit
1466 727 1601 762 vicarius
1622 727 1752 768 Christi,
1781 727 1900 762 babens
1923 735 2010 774 pote-

1254 785 1365 811 statem
1390 777 1504 822 ligandi
1533 785 1562 810 et
1586 777 1727 811 solvendi
1759 789 1854 824 super
1881 785 2007 811 terram.

1304 829 1361 860 24.
1390 826 1480 867 Item,
1509 834 1612 860 utrum
1641 826 1766 870 credat,
1801 826 1885 873 quod
1923 825 2007 872 Papa

1253 876 1402 910 canonice
1424 875 1555 914 electus
1578 875 1632 929 qui
1657 888 1712 922 pro
1740 884 1880 922 tempore
1903 875 2008 916 fuerit,

1253 924 1323 958 eius
1351 925 1478 958 nomine
1510 936 1636 970 propito
1664 936 1832 971 expresso,
1860 925 1898 958 sit
1928 936 2009 959 suc-

1254 985 1362 1008 cessor
1383 973 1418 1007 B.
1444 973 1526 1007 Petri
1550 973 1668 1007 babens
1690 986 1871 1021 supremam
1896 983 2009 1008 aucto-

1254 1022 1374 1056 ritatem
1403 1023 1433 1056 in
1457 1022 1597 1057 Ecclesia
1619 1021 1689 1056 Dei.

1303 1073 1360 1105 25.
1389 1071 1479 1115 Item,
1516 1080 1620 1105 utrum
1654 1070 1762 1105 credat
1788 1071 2006 1106 auctoritatem

1253 1120 1482 1155 iurisdictionis
1502 1120 1618 1167 Papae,
1639 1120 1872 1167 archiepiscopi
1896 1130 1925 1155 et
1944 1121 2007 1168 epi·

1251 1170 1338 1216 scopi
1352 1170 1382 1203 in
1400 1170 1552 1205 solvendo
1568 1178 1597 1203 et
1616 1169 1755 1215 ligando,
1772 1182 1841 1204 esse
1856 1170 2005 1205 maiorem

1252 1219 1438 1253 auctoritate
1471 1219 1627 1266 simplicis
1662 1218 1855 1263 sacerdotis,
1883 1220 2005 1254 etiamsi

1251 1280 1357 1302 euram
1381 1271 1557 1302 animarum
1588 1267 1709 1302 babeat.

1300 1318 1358 1351 26.
1390 1317 1486 1356 Item,
1518 1325 1625 1351 utrum
1654 1316 1772 1357 credat,
1801 1317 1885 1363 quod
1922 1318 2006 1365 Papa

1250 1366 1399 1400 omnibus
1419 1367 1598 1401 christianis
1621 1378 1693 1400 vere
1715 1367 1858 1401 contritis
1881 1375 1911 1401 et
1934 1379 2008 1401 cou-

1250 1415 1352 1455 lessis,
1380 1428 1415 1449 ex
1444 1427 1537 1450 causa
1563 1417 1612 1462 pia
1641 1423 1670 1449 et
1699 1416 1777 1450 iusta
1802 1416 1900 1462 possit
1928 1428 2006 1451 con-

1250 1464 1363 1499 cedere
1388 1465 1600 1511 indulgentias
1629 1464 1659 1498 in
1684 1466 1902 1499 remissionem
1929 1477 2006 1513 pec-

1249 1522 1403 1557 catorum,
1426 1514 1563 1548 maxime
1587 1514 1635 1561 pia
1663 1513 1731 1548 loca
1755 1514 1952 1548 visitantibus
1975 1523 2004 1548 et

1251 1564 1328 1609 ipsis
1347 1575 1458 1597 manus
1480 1575 1552 1597 suas
1572 1563 1806 1610 porrigentibus
1821 1563 2002 1598 adiutrices.

1249 1612 1288 1646 Et
1317 1621 1421 1646 utrum
1450 1612 1572 1651 credat,
1604 1612 1689 1659 quod
1724 1624 1763 1646 ex
1791 1612 1843 1646 tali
1872 1625 2004 1648 conces-

1248 1662 1336 1695 sione
1361 1662 1520 1695 visitantes
1542 1661 1703 1696 Ecclesias
1726 1662 1809 1709 ipsas
1836 1670 1865 1696 et
1889 1674 2002 1697 manus

1248 1710 1416 1745 adiutrices
1438 1711 1484 1745 eis
1507 1710 1720 1757 porrigentes,
1744 1711 1924 1746 huiusmodi
1954 1712 2003 1746 in-

1247 1759 1425 1805 dulgentias
1452 1761 1604 1807 consequi
1634 1761 1766 1807 possint.

1297 1813 1354 1843 27.
1383 1808 1472 1848 Item,
1498 1817 1600 1843 utrum
1626 1810 1744 1854 credat,
1768 1810 1852 1856 quod
1881 1810 2000 1856 singuli

1246 1858 1387 1904 episcopi
1414 1859 1479 1892 suis
1505 1852 1651 1900 subditis,
1679 1860 1854 1893 secundum
1885 1859 2001 1894 limita-

1246 1908 1364 1941 tionem
1388 1920 1548 1942 sactorum
1566 1921 1738 1948 canonum,
1754 1908 1965 1943 huiusmodi
1957 1921 2000 1943 in

1247 1956 1426 2002 dulgentias
1448 1957 1625 1992 concedere
1650 1959 1780 2004 possint.

1294 2008 1352 2040 28.
1381 2005 1470 2047 Item,
1496 2015 1602 2041 utrum
1625 2007 1733 2041 credat
1759 2016 1789 2041 et
1808 2016 1939 2048 asserat,
1962 2007 2000 2042 li-

1246 2056 1342 2090 citum
1372 2068 1440 2090 esse
1478 2065 1657 2091 sanctorum
1691 2056 1839 2103 reliquias
1865 2066 1894 2091 et
1923 2057 2000 2092 ima-

1245 2105 1335 2150 gines
1363 2118 1377 2139 a
1403 2104 1675 2140 Cliristifidelibus
1698 2107 1852 2140 venerari.

1295 2156 1352 2189 29.
1377 2155 1466 2198 Item,
1503 2163 1606 2189 utrum
1643 2155 1760 2199 credat,
1795 2156 1878 2202 quod
1914 2155 1999 2203 Papa

1247 2203 1292 2237 iel
1332 2204 1413 2239 alius
1447 2205 1616 2250 ptaelatus,
1640 2205 1775 2251 propriis
1816 2205 1999 2240 nominibus

1245 2253 1347 2308 Papae
1364 2266 1420 2300 pro
1435 2262 1577 2300 tempore
1599 2255 1775 2301 expressis
1793 2255 1861 2289 vel
1856 2267 1996 2302 ipsorum

1246 2303 1368 2343 vicarii,
1397 2303 1518 2349 possint
1545 2316 1636 2338 suum
1667 2303 1829 2338 subditum
1853 2304 1999 2339 ecclesia-

1244 2353 1357 2386 sticum
1394 2353 1459 2387 sive
1486 2353 1699 2396 saecularem,
1734 2361 1861 2400 proptei
1885 2353 1997 2388 inobe—

1242 2402 1392 2436 dientiam
1421 2402 1485 2436 sive
1512 2403 1743 2437 contumaciam
1776 2404 1997 2438 excommuni-

1243 2463 1325 2493 care,
1359 2452 1396 2484 ita
1425 2452 1511 2498 quod
1540 2453 1610 2486 talis
1636 2464 1692 2499 pro
1719 2453 1997 2487 excommunicato

1242 2501 1281 2534 sit
1309 2500 1483 2535 habendus.

1294 2552 1348 2584 50.
1380 2550 1468 2593 ltem⁷
1493 2559 1598 2584 utrum
1624 2550 1742 2591 credat,
1769 2551 1854 2597 qnod
1884 2551 1996 2586 inobe-

1242 2598 1357 2633 dientia
1396 2599 1460 2633 sive
1499 2601 1696 2634 contumacia
1734 2600 1994 2635 excommunica-

1243 2656 1344 2682 torum
1371 2657 1544 2689 crescente,
1573 2650 1700 2695 praclati
1729 2650 1775 2684 vel
1809 2662 1919 2684 eorum
1949 2651 1994 2685 vi—

2025 285 2074 310 An.
2096 284 2125 309 C.
2142 283 2208 309 ΗΠΒ
