2274 3265
270 284 317 309 An.
337 284 365 310 C.
386 285 445 311 tsstt

274 986 388 1006 Mandatum
409 987 442 1011 (ilc

259 1024 298 1046 quo
313 1019 331 1037 in
343 1018 441 1043 rubrica).

513 272 583 305 0226

465 349 524 371 non
548 344 735 382 graventur,
762 337 904 384 quinimo
925 337 962 372 ad
990 337 1106 372 dictum
1130 337 1208 372 duo-

463 394 626 428 denarium
650 394 695 429 vel
718 394 811 429 alium
834 394 996 430 decentem
1020 396 1134 431 redacti
1154 408 1210 430 nu-

464 463 597 490 merum,
611 452 693 486 iuxta
709 453 881 488 decentiam
899 462 928 488 et
945 454 1205 488 consuetudinem

462 510 674 557 praelibatam,
690 511 855 547 commode
874 512 993 546 valeant
1016 512 1182 546 sustentari
1199 526 1206 551 3

460 568 704 610 considerantes,
726 569 810 617 quod
839 578 899 604 tam
914 570 1106 617 agendorum
1123 570 1208 605 mul-

461 627 613 674 tiplicium
636 628 802 676 qualitates
819 637 849 663 et
870 641 980 671 onera,
1003 640 1082 675 quac
1105 629 1206 663 varia—

460 698 526 720 rum
544 699 646 721 rerum
664 688 808 733 producit
824 687 1001 722 continuata
1022 687 1205 726 necessitas,

458 757 550 791 quam
579 745 733 781 dictorum
754 746 940 792 scriptorum
962 745 1130 779 multitudo
1151 758 1206 779 su-

459 804 574 851 perflua
606 813 635 838 te
671 817 732 839 non
761 804 873 844 latent,
901 803 953 838 sed
982 811 1011 838 te
1041 803 1105 850 ipsa
1132 803 1204 845 ,facti

460 864 518 897 iam
553 863 643 908 longa
678 863 869 909 experientia
904 861 1026 901 docuit,
1055 862 1138 909 quod
1174 863 1203 896 in

459 921 582 960 talibus,
597 921 771 955 secundum
786 920 884 954 dictae
903 920 996 955 Sedis
1018 920 1206 962 decentiam,

458 979 569 1014 debeat
587 979 766 1019 observari3
791 979 1011 1013 fraternitatem
1039 990 1124 1015 tuam
1149 983 1203 1023 (l),

457 1038 495 1072 de
518 1050 578 1085 qua
613 1038 642 1071 in
667 1039 703 1072 iis
724 1047 753 1071 et
773 1038 840 1072 aliis
855 1037 999 1072 fiduciam
1017 1038 1045 1072 in
1068 1038 1204 1073 Domino

455 1097 593 1143 gerimus
611 1096 792 1143 specialem,
816 1109 870 1142 per
897 1096 1066 1142 apostolica
1090 1098 1203 1144 scripta

454 1156 680 1190 committimus
699 1164 726 1190 et
753 1155 954 1193 mandamus,
976 1163 1150 1202 quatenns,
1178 1156 1202 1190 si

454 1214 638 1250 eorumdem
665 1214 852 1260 scriptorum
869 1214 1023 1259 officium,
1051 1214 1203 1249 conside-

455 1274 528 1308 ratis
543 1273 788 1308 circumstantiis
811 1273 977 1317 universis,
1000 1286 1079 1320 quae
1098 1273 1127 1307 in
1145 1273 1204 1307 boc

454 1331 566 1366 fuerint
601 1331 829 1371 attendendae,
858 1332 1014 1366 inveneris
1037 1332 1065 1365 in
1090 1331 1203 1366 liuius-

454 1391 535 1425 modi
568 1390 769 1424 multitudine
795 1398 1040 1437 praegravatum,
1063 1390 1201 1425 osticium

454 1450 556 1495 ipsum
586 1449 734 1483 reducere
764 1449 800 1482 ad
838 1450 940 1495 ipsum
974 1449 1201 1483 duodenarium

453 1507 499 1542 vel
527 1507 621 1542 alium
658 1516 778 1542 certum
811 1507 999 1554 scriptorum
1037 1520 1200 1541 numerum

452 1574 694 1613 competentem,
715 1566 797 1600 iuxta
813 1565 913 1600 datam
934 1566 988 1600 tibi
1008 1578 1023 1600 a
1042 1566 1108 1601 Deo
1125 1579 1203 1613 pru-

451 1625 611 1668 dentiam,
651 1632 741 1670 prout
780 1623 985 1658 consideratis
1021 1625 1202 1671 praemissis

451 1683 635 1728 cognoveris
669 1682 815 1730 expedire
832 1711 839 1722 ,
875 1683 1056 1717 auctoritate
1095 1691 1200 1718 nostra

451 1754 620 1787 procures:
652 1749 793 1775 statuens
822 1749 851 1775 et
879 1741 1041 1784 ordinans,
1064 1737 1201 1775 auctori-

455 1809 514 1834 tate
543 1799 712 1846 praedicta,
739 1799 822 1846 quod
846 1800 962 1833 dictum
991 1799 1127 1834 officium
1145 1799 1201 1834 de-

454 1857 562 1905 inceps
588 1858 746 1905 praedicto
776 1870 907 1892 numero
927 1858 967 1892 sit
994 1866 1199 1900 contentum,

452 1928 510 1951 nec
533 1917 571 1951 ad
596 1916 670 1951 illud
687 1917 725 1951 de
747 1925 869 1951 caetero
888 1917 999 1963 aliquis
1018 1917 1200 1952 admittatur

451 1987 617 2022 quousque
641 1976 678 2009 sit
695 1975 731 2009 ad
746 1975 937 2022 praedictum
960 1988 1124 2010 numerum
1146 1988 1200 2023 per

451 2041 479 2068 te
501 2034 700 2067 statuendum
725 2033 898 2076 redactum,
920 2042 950 2067 et
977 2033 1089 2081 aliquis
1111 2034 1199 2069 defe-

449 2092 525 2125 cerit
547 2092 585 2126 de
610 2092 739 2132 eodem,
774 2093 832 2126 nisi
863 2092 941 2126 sorte
975 2092 1196 2139 multiplicium

449 2150 642 2196 agendorum
668 2151 712 2185 vel
741 2150 867 2185 alterius
893 2162 1005 2185 causae
1029 2152 1198 2185 necessitas

450 2208 533 2243 aliud
552 2210 633 2244 circa
658 2210 733 2244 liaeo
753 2210 818 2256 geri
841 2218 871 2243 et
893 2209 984 2244 statui
1005 2209 1034 2244 in
1059 2209 1195 2244 futurum

452 2280 506 2314 per
540 2267 679 2302 eiusdem
713 2267 807 2303 Sedis
835 2268 1062 2315 providentiam
1087 2277 1198 2315 postu-

451 2327 538 2361 laret.

499 2385 614 2421 Datum
637 2386 665 2419 in
691 2387 826 2433 prioratu
851 2385 890 2420 de
912 2385 1077 2420 Grausello
1100 2398 1196 2433 prope

452 2444 660 2479 Malausanam
695 2443 862 2479 Vasionen.
901 2444 1047 2479 dioecesis
1087 2453 1197 2492 quarto

453 2515 550 2538 nonas
571 2503 771 2551 septembris,
789 2503 985 2550 pontificatus
1002 2503 1097 2537 nostri
1115 2515 1197 2537 anno

453 2571 550 2597 sexto.

474 2629 533 2659 Dat.
550 2630 596 2659 die
611 2630 629 2658 ⁶2
644 2630 818 2669 septembris
832 2631 917 2667 1311,
933 2630 1033 2669 pontis.
1050 2639 1125 2659 anno
1142 2638 1177 2658 vr.

490 2687 529 2723 (l)
545 2687 642 2714 Forsan
663 2688 712 2721 leg.
729 2688 900 2722 fraternitati
917 2692 985 2715 tuae.

1044 283 1227 306 nut.t,AtttUM
1252 284 1341 306 ROMA
1348 284 1412 306 Nntw

1583 337 1666 372 xtv.

1251 407 1419 440 Danmatio
1441 406 1575 439 militum
1600 407 1934 451 Templariorum,cum
1951 409 2001 442 bo-

1299 468 1408 489 norum
1443 457 1532 490 totius
1564 457 1631 489 ord.
1666 457 1872 501 applicatione
1899 457 2002 491 ordini

1298 507 1431 540 militum
1453 506 1805 550 Ilt'erosolymitaliorum
1834 507 1895 549 (l).

1517 574 1730 605 SUtttttatttUM

1249 632 1435 663 Prooemiuni.
1453 650 1492 657 -
1511 634 1536 663 1.
1556 633 1704 663 Sententia
1729 642 1780 671 per
1807 633 1882 663 viam
1906 634 2001 673 provi-

1288 674 1381 702 sionis
1408 679 1507 703 contra
1536 675 1614 703 hune
1647 674 1778 703 ordinem
1810 673 1886 703 data.
1912 690 1950 695 —
1971 674 2001 704 a.

1288 712 1425 742 Eiusdem
1442 713 1516 743 bona
1538 714 1682 744 militibus
1701 714 1855 753 hospitalis
1871 713 1900 743 S.
1916 713 2001 744 loan-

1289 752 1334 781 nis
1357 752 1549 792 Hierosolym.
1570 754 1723 792 applicata.
1746 771 1784 776 -
1800 753 1827 783 3.
1846 753 2001 792 Excipiun-

1288 796 1334 821 tur
1353 793 1426 822 bona
1450 793 1496 822 hic
1520 795 1693 829 enunciata,
1715 804 1789 834 quae
1812 794 1999 833 dispositioni

1288 831 1372 861 Sedis
1392 832 1490 871 Apost.
1509 839 1706 864 reservantur.
1725 851 1763 857 —-
1784 835 1812 864 4.
1832 832 1999 873 Occupato-

1287 872 1370 901 ribus
1401 873 1544 902 dictorum
1575 873 1719 904 bonorum
1757 875 1901 904 inflictum
1932 883 2000 904 ana-

1286 912 1381 942 thema
1410 929 1448 935 —
1470 912 1497 942 5.
1521 911 1687 944 Clausulae.

1309 979 1429 1008 Clemens
1448 980 1589 1015 episcopus
1613 987 1706 1010 servus
1725 988 1863 1010 servorum
1878 982 1933 1016 Dei,

1380 1030 1414 1057 ad
1441 1031 1601 1065 perpetuam
1630 1030 1670 1058 rei
1694 1030 1861 1060 memoriam.

1294 1093 1340 1127 Ad
1355 1094 1512 1139 providam
1530 1093 1646 1128 Christi
1659 1093 1773 1129 Vicarii
1790 1095 1995 1141 praesidentis

1246 1142 1274 1176 in
1307 1143 1432 1188 specula
1456 1144 1646 1189 apostolicae
1674 1144 1835 1190 dignitatis
1857 1145 1996 1180 circum-

1245 1193 1438 1238 spectionem
1469 1194 1612 1239 pertinet,
1649 1195 1733 1228 vices
1762 1206 1893 1240 pensare
1916 1203 1996 1229 tem-

1246 1255 1354 1288 porum
1384 1244 1626 1288 emergentium,
1650 1243 1855 1289 negociorum
1883 1256 1995 1279 causas

1245 1291 1414 1335 discutere,
1441 1304 1476 1327 ac
1499 1305 1702 1339 personarum
1732 1294 1892 1329 attendere
1920 1306 1997 1341 qua-

1245 1341 1360 1377 litates:
1395 1352 1425 1376 ut
1459 1341 1496 1376 ad
1531 1342 1651 1388 singula
1687 1342 1827 1377 debitum
1856 1343 1995 1390 dirigens

1245 1392 1436 1426 necessariae
1473 1392 1734 1427 considerationis
1776 1392 1925 1428 intuitum
1963 1403 1993 1428 et

1244 1451 1439 1488 opportunae
1463 1454 1589 1475 manum
1605 1442 1797 1489 operationis
1819 1455 1993 1489 apponens,

1244 1489 1282 1523 de
1316 1503 1390 1537 agro
1426 1490 1552 1524 Domini
1589 1492 1633 1525 sic
1674 1491 1818 1526 vitiorum
1859 1492 1993 1527 tribulos

1244 1549 1341 1578 eruat,
1366 1548 1397 1574 ut
1424 1541 1556 1575 virtutes
1583 1540 1772 1586 amplificet,
1802 1541 1847 1576 sic
1871 1554 1992 1588 praeva-

1245 1589 1409 1624 ricantium
1438 1590 1544 1636 spinas
1567 1590 1664 1634 tollat,
1693 1598 1725 1624 ut
1748 1590 1910 1626 evellendo
1923 1591 1993 1639 plus

1245 1637 1362 1684 plantet
1389 1651 1482 1686 quam
1507 1639 1658 1682 destruat,
1680 1647 1710 1674 et
1740 1639 1769 1674 in
1799 1640 1863 1675 loca
1897 1653 1991 1676 vacua

1245 1700 1298 1733 per
1326 1689 1567 1724 eradicationem
1593 1690 1774 1724 nocentium
1793 1690 1990 1735 tribulorum,

1243 1737 1352 1772 devota
1381 1738 1448 1773 Deo
1469 1739 1659 1785 plantamina
1684 1739 1899 1774 transferendo
1928 1752 1991 1786 po—

1244 1788 1353 1822 tiorem
1379 1787 1535 1835 praebeat,
1551 1788 1590 1822 de
1606 1789 1730 1835 provisa
1746 1798 1775 1822 et
1798 1789 1862 1823 utili
1880 1801 1988 1824 eorum

1243 1837 1382 1872 locorum
1412 1838 1528 1872 unione
1550 1847 1577 1871 et
1603 1838 1816 1882 translatione,
1831 1838 1990 1880 laetitiam,

1241 1899 1334 1934 quam
1363 1900 1432 1921 vera
1462 1888 1591 1927 iustitia,
1622 1900 1703 1935 quae
1736 1889 1989 1935 compassionem

1243 1937 1347 1976 habet,
1370 1937 1488 1971 doloris
1511 1937 1652 1972 intulerit
1679 1937 1904 1973 detrimentum
1919 1951 1990 1984 per-

1240 1998 1386 2021 sonarum
1416 1996 1445 2022 et
1469 1987 1607 2022 locorum
1632 1987 1813 2022 huiusmodi
1843 2001 1897 2035 per
1924 1988 1991 2022 rui-

1241 2048 1333 2070 nam:
1362 2037 1407 2070 sic
1442 2037 1527 2071 enim
1556 2036 1734 2072 sufferendo
1762 2037 1845 2084 quod
1874 2037 1988 2079 officit,

1240 2094 1269 2119 et
1305 2085 1508 2132 subrogando
1555 2086 1639 2133 quod
1676 2086 1810 2133 proficit,
1838 2087 1987 2122 virtutum

1240 2135 1399 2181 profectus
1420 2136 1603 2183 amplificat,
1626 2145 1653 2170 et
1677 2136 1797 2170 sublata
1821 2136 1859 2171 de
1883 2137 1987 2172 medio

1241 2185 1359 2219 meliori
1377 2185 1599 2231 subrogatione
1628 2194 1790 2221 restaurat.

1287 2238 1302 2277 ,ξ
1326 2237 1356 2268 1.
1385 2234 1512 2269 Dudum
1536 2235 1691 2282 siquidem
1709 2236 1851 2270 ordinem
1875 2235 1986 2271 domus

1239 2284 1365 2318 militiae
1400 2285 1507 2331 templi
1536 2284 1808 2333 Hierosolymitani
1825 2313 1834 2330 ,
1859 2295 1987 2333 propter

1240 2334 1420 2379 magistrum
1448 2344 1478 2369 et
1500 2335 1624 2377 fratres,
1647 2344 1849 2382 caeterasque.
1877 2348 1981 2383 perso-

1239 2395 1294 2417 nas
1326 2384 1398 2419 dicti
1429 2385 1549 2419 ordinis
1584 2386 1613 2420 in
1650 2385 1844 2433 quibuslibet
1875 2386 1983 2420 mundi

1240 2434 1379 2480 partibus
1392 2436 1610 2479 consistentes,
1626 2436 1715 2471 variis
1730 2444 1759 2470 et
1777 2435 1907 2470 diversis
1922 2448 1983 2470 non

1239 2491 1298 2518 tam
1315 2484 1469 2527 nefandis,
1491 2498 1584 2532 quam
1602 2486 1737 2520 infandis
1760 2486 1856 2532 (proli
1873 2485 1984 2530 dolor)

1239 2545 1379 2569 errorum
1396 2544 1424 2569 et
1442 2535 1596 2570 scelerum
1620 2535 1897 2574 obscoenitatibus,
1914 2548 1985 2583 pra-

1274 2607 1312 2642 tl)
1330 2606 1401 2633 Hanc
1418 2607 1597 2642 promulgavit.
1613 2608 1768 2635 sententiam
1795 2607 1842 2634 iste
1866 2607 1983 2635 Pontifex

1238 2650 1280 2681 (ut
1300 2647 1339 2673 liic
1359 2647 1443 2682 patet)
1464 2647 1487 2673 in
1505 2647 1619 2674 Concilio
1636 2647 1786 2679 Viennensi,
1803 2648 1874 2682 quod
1893 2648 1940 2674 hac
1959 2652 1985 2674 et

1238 2687 1293 2713 aliis
1312 2687 1345 2713 (le
1360 2687 1445 2713 causis
1461 2687 1544 2713 suerat
1566 2687 1702 2714 indictum.

2019 283 2067 311 An.
2086 284 2200 311 c.15t2

2037 1101 2168 1123 Praoemium.

2015 2246 2125 2266 Sententia
2148 2251 2185 2272 per

2002 2279 2053 2297 viam
2079 2277 2185 2303 provisin-

2001 2309 2033 2327 nis
2046 2310 2119 2328 contra
2130 2307 2184 2328 liunc

2001 2339 2094 2359 ordinem
2111 2340 2164 2359 dala.
