2274 3265
274 278 321 303 Αῐι.
342 277 368 303 C.
388 277 448 303 lwl

520 265 588 298 Υ112

469 331 584 365 bomo?
610 330 711 365 Cuius
737 330 850 364 viscera
877 343 939 365 ιιοιι
963 331 1135 367 inflammet
1162 345 1219 367 ca-

469 380 566 414 ritatis
591 379 700 414 ardore
736 379 784 426 pia
814 380 1022 416 consideratio
1050 381 1133 417 illius
1160 383 1220 418 liu-

468 429 608 464 uiilltatis
634 437 801 470 extremae,
822 429 850 463 iu
875 443 933 477 qua
962 430 1031 478 lpse
1055 431 1152 467 linctus
1174 440 1219 467 est

467 479 617 513 obediens
636 491 734 526 usque
753 479 789 513 ad
806 488 951 521 mortem,
973 480 1010 514 ad
1033 483 1218 528 exprobran-

468 537 544 562 tium
568 528 758 576 opprobria?
787 530 869 564 velut
891 543 990 576 agnus
1016 543 1119 566 eoram
1148 541 1219 567 tou-

467 578 559 613 deute
586 591 617 613 se
653 591 723 614 vere
759 579 843 613 mitis
870 580 1042 614 obmutuit.
1080 591 1109 616 et
1137 583 1219 616 sieut

467 628 532 662 ovis
570 628 606 662 ad
649 629 839 664 occisionem
876 628 1049 669 deductus,
1093 641 1220 678 propter

466 677 672 714 contumelias
705 688 735 714 et
763 686 913 722 ter-mres,
950 688 1019 734 post
1056 681 1163 727 spinas
1189 690 1219 716 et

466 735 573 782 sputa,
608 736 677 774 post
704 727 823 773 flagella
857 729 956 769 varia,
985 742 1138 765 innocens
1172 739 1218 765 est

465 778 533 811 sine
555 789 647 812 causa
676 777 853 821 damnatus
881 790 914 812 ae
943 756 1072 813 demum
1096 788 1217 815 satura-

465 836 514 861 tus
548 827 739 874 opprobriis,
776 806 871 862 clavis
907 827 1033 867 affixus,
1061 837 1148 864 aceto
1188 839 1218 864 et

465 875 534 910 l'elle
561 885 696 922 potatus,
717 877 746 911 iu
767 877 869 911 crucis
892 877 1031 923 patibulo
1052 886 1112 913 tam
1132 879 1216 914 dirae

465 925 572 959 mortis
583 925 679 960 subiit
691 926 881 972 passionem
896 927 1076 974 ιιι)51ιιι1ιιιιι
1094 937 1217 963 uestrae

462 974 703 1030 Redemptiouis
723 987 959 1019 consummans⁷
981 984 1049 1022 post
1070 978 1215 1012 [raditum

464 1025 555 1058 etiam
574 1024 719 1071 spiritum
742 1024 857 1059 lancese
877 1024 1021 1060 illusione
1040 1027 1214 1062 confossus.

463 1073 560 1113 Haec,
577 1073 643 1119 sitii,
657 1082 686 1108 et
715 1074 954 1109 innumerabilia
990 1075 1138 1121 largitatis
1165 1077 1215 1112 di-

463 1123 552 1157 sinae
581 1123 680 1158 clu-ui
670 1133 764 1158 emata
794 1125 824 1157 in
850 1124 944 1158 Terra
975 1125 1130 1171 praedicta
1159 1127 1214 1172 ipsi

463 1172 601 1207 liumauo
630 1174 771 1228 impensa
793 1175 915 1229 generi,
945 1174 983 1208 ab
1009 1175 1120 1210 eodtm
1150 1177 1216 1211 Re—

462 1221 625 1269 demptor-e
662 1236 822 1270 piissimo,
860 1223 884 1258 si
920 1223 1099 1270 frequenter
1137 1227 1214 1261 ἰιιιιιι

461 1273 595 1307 claustra
636 1274 771 1319 pectoris
792 1281 907 1307 attenta
936 1273 1140 1310 meditatione
1164 1289 1213 1310 re-

463 1321 595 1366 volvitis,
617 1324 656 1366 si,
678 1335 739 1369 qua
762 1322 848 1358 decet
870 1324 1042 1358 attentione
1067 1325 1214 1371 pensatis,

461 1371 533 1418 quis
566 1380 703 1407 vestrum
739 1384 800 1407 nou
837 1372 968 1407 fervebit
1003 1375 1104 1416 intus,
1142 1375 1215 1410 soris

461 1420 602 1460 ebulliet
630 1422 815 1456 exclamabit
837 1430 867 1456 et
889 1421 988 1457 dicet:
1016 1422 1100 1465 Quid
1124 1425 1214 1459 Γιι1ι1ἡ

462 1470 553 1504 buain
572 1470 710 1506 Domino
729 1484 785 1519 pio
802 1471 908 1506 omuil
916 1485 951 1506 us
973 1485 1052 1519 quae
1070 1474 1198 1509 retribui
1206 1484 1213 1509 ι

462 1518 560 1554 milii.
593 1530 623 1556 et
656 1533 718 1555 non
755 1530 917 1568 expectato
952 1522 1132 1567 monitoris,
1167 1525 1212 1559 iel

460 1569 670 1605 sollicitatoris
702 1570 817 1612 officio,
843 1571 1014 1618 subiunget
1032 1552 1210 1608 ιι1ιιοι1ριι5ῑ

459 1618 599 1655 Calicem
637 1620 783 1656 salutaris
820 1621 990 1668 accipiam,
1028 1632 1058 1658 et
1098 1636 1211 1658 nomeu

459 1668 586 1704 Domini
612 1669 752 1705 vocabo?

509 1719 529 1767 g
558 1722 588 1754 1.
610 1719 692 1762 Quis
713 1720 781 1755 sine
803 1721 974 1756 acutissimi
1003 1721 1119 1756 doloris
1141 1734 1213 1757 aeu-

356 1786 360 1798 ι
409 1768 518 1803 ·-‹-leis
539 1770 740 1805 considerare
775 1779 888 1818 potest,
923 1784 984 1806 non
1021 1771 1123 1806 solum
1161 1785 1210 1807 ve-

263 1817 306 1831 tum
324 1811 431 1830 saunitas.

462 1819 599 1854 ueranda
627 1829 656 1854 et
680 1820 819 1867 piissima
843 1820 908 1855 loca
934 1821 997 1861 illa,
1022 1822 1051 1856 iu
1073 1826 1208 1869 'quorum

460 1869 557 1903 altero
581 1870 686 1904 oriens
714 1883 751 1905 ex
773 1870 835 1905 alto
858 1883 913 1917 pro
936 1871 1026 1906 nobis
1048 1872 1131 1906 nasci
1155 1872 1211 1906 di-

460 1927 574 1964 guatus
614 1928 661 1954 est
697 1919 869 1963 humiliter,
907 1921 936 1955 in
976 1922 1096 1968 reliquo
1131 1923 1208 1956 niori

460 1968 630 2004 crudeliter
657 1982 718 2004 uon
747 1969 883 2017 exparit,
911 1970 964 2004 sed
987 1971 1079 2005 etiam
1114 1980 1207 2006 totam

460 2018 548 2065 quasi
573 2018 632 2053 iam
663 2027 774 2054 terram
810 2021 966 2059 eamdem,
1006 2032 1099 2067 quam
1144 2022 1208 2067 ipse

460 2068 542 2102 idem
565 2080 621 2103 sua
644 2068 807 2104 illustravit
838 2069 992 2117 corporali
1021 2071 1208 2117 praeseutia,

460 2118 620 2153 miraculis
641 2118 1008 2160 clarificavitimmensis,
1032 2128 1057 2153 et
1084 2120 1206 2155 tandem

459 2166 613 2203 effusione
636 2169 684 2203 sui
711 2169 837 2215 pretiosi
862 2169 1024 2214 sanguinis
1041 2170 1069 2204 iu
1086 2179 1208 2205 nostrae

458 2217 569 2251 salutis
594 2218 683 2253 effusi
713 2219 845 2265 pretium
870 2221 1075 2264 consecrarit,
1112 2233 1209 2254 oecu-

459 2276 528 2313 pata
550 2281 605 2314 per
627 2267 870 2303 nefandissimos
900 2269 1087 2310 Saracenos,
1123 2270 1208 2316 ipso-

460 2329 528 2351 rum
553 2317 754 2353 immunditia
795 2318 903 2365 pollui,
945 2318 1090 2353 foedari⁹
1128 2319 1207 2361 Quis

458 2366 576 2415 absque
602 2367 811 2403 amaritudine
834 2381 954 2403 summa
979 2378 1207 2404 commemoret

460 2426 502 2451 tot
529 2418 770 2453 christianorum
795 2427 907 2459 castra,
930 2419 1068 2454 civitates
1090 2428 1120 2454 et
1149 2420 1205 2454 alia

460 2467 525 2502 loca
548 2468 697 2503 solemnia
720 2469 878 2503 destructa
912 2469 1049 2515 penitus,
1079 2469 1116 2504 ad
1158 2470 1207 2503 ni-

461 2516 623 2565 uilumque
646 2518 782 2560 redacta,
810 2526 970 2554 eteorum
1001 2519 1119 2555 incolas
1153 2532 1207 2554 eo-

461 2580 595 2614 rumque
621 2567 848 2604 Saracenorum
872 2569 1064 2604 immanitate
1088 2581 1208 2616 perem-

461 2618 545 2662 ptos?
566 2617 649 2652 Proh
673 2617 775 2663 dolor,
798 2618 851 2674 qui
876 2619 1021 2654 novitatis
1044 2621 1205 2667 (quoniam

461 2664 624 2711 deplorare
660 2667 731 2701 libet
772 2669 887 2714 potius⁷
922 2682 1015 2716 quam
1058 2672 1205 2711 narrare)

1057 278 1155 300 uum
1163 278 1242 301 {timi
1271 278 1359 299 ttmu
1366 277 1429 299 Ns„

1260 332 1358 366 solers
1384 343 1507 371 censor,
1530 339 1558 364 et
1581 330 1811 375 discriminum,
1834 343 1912 378 quae
1926 343 2006 367 coin·

1262 381 1371 416 minari
1398 380 1531 416 smitletur
1561 379 1723 415 discussor
1755 388 1916 422 attentus,
1953 393 2008 429 per

1261 439 1383 465 noctem
1412 439 1440 464 et
1469 430 1565 468 ditm
1594 430 1681 476 quasi
1706 437 1875 465 torrentem
1907 409 2007 467 iacu-

1262 492 1327 514 mas
1350 493 1409 514 non
1434 470 1597 514 deducit?
1619 480 1707 514 cuius
1730 480 1847 526 pupilla
1878 481 2007 515 tacebit?
2034 499 2097 512 ..ιι-ιι·
2115 499 2185 513 ιιοιι...

2021 530 2042 543 sa
2046 530 2083 543 va
2113 526 2205 545 crudeti-

1259 530 1350 565 cuius
1374 530 1508 577 pectoris
1544 530 1701 577 penetrale
1738 530 1911 564 continebit
1935 543 2007 565 sus-
2032 563 2054 575 „³

1261 580 1337 624 piria
1387 579 1431 614 vel
1467 580 1662 626 singultuum
1700 580 1905 627 frequentiam
1946 593 2005 616 nou

1259 638 1416 676 erumpet,
1439 629 1560 676 lugubri
1595 629 1862 677 contemplatione
1900 643 2007 666 recen-

1259 691 1343 719 sens,
1362 679 1458 726 qnod,
1480 686 1774 726 quantumcumque
1807 688 1905 714 mater
1940 681 2007 715 Ec-

1259 727 1351 762 clesia
1372 741 1478 763 casum
1496 729 1641 764 eumdem
1667 731 1852 777 praevenire
1875 731 2008 765 studue-

1261 777 1309 817 rit,
1335 777 1446 812 incolis
1474 778 1595 813 illarum
1641 781 1776 826 partium
1817 780 1847 814 in
1885 779 2007 826 galeis,

1260 826 1443 862 bellatorum
1485 829 1686 863 multitudine
1724 841 1759 863 ac
1798 829 2006 864 subventione

1260 877 1452 922 pecuniaria·⁷
1475 877 1556 912 iuxta
1597 890 1778 924 persuasam
1801 879 1840 913 ab
1868 879 1913 913 eis
1951 880 2007 914 (le-

1259 927 1425 960 nuueiatae
1439 927 1634 962 necessitatis
1656 927 1857 974 exigentiam,
1880 937 1907 962 et
1925 928 2007 963 obla-

1259 983 1306 1009 tae
1329 988 1424 1022 super
1445 975 1506 1010 hoc
1530 977 1688 1023 petitionis
1711 977 1906 1022 instantiam,
1929 991 2006 1013 suc—

1257 1025 1425 1066 currendo3
1449 1025 1654 1061 nibilominus
1677 1034 1777 1060 tamen
1801 1028 1909 1062 civitas
1924 1029 2005 1062 Aca—

1256 1087 1316 1109 one
1338 1075 1381 1109 sic
1409 1074 1549 1111 eiusdem
1579 1075 1686 1110 matris
1712 1075 1872 1110 Ecclesiae
1900 1078 2005 1112 studio

1258 1125 1448 1159 communita
1475 1125 1679 1171 quadraginta
1708 1133 1738 1159 et
1764 1134 1900 1172 quatuor
1931 1126 2004 1161 die-

1258 1173 1316 1207 bus
1337 1175 1508 1209 arctissima
1532 1175 1735 1223 babylonicae
1766 1177 1923 1220 potentiae
1945 1176 2004 1210 ob-

1256 1223 1377 1258 sidione
1405 1224 1609 1269 circumdata,
1631 1223 1824 1259 terribilibus
1851 1225 2006 1261 machinis

1257 1273 1309 1307 diu
1336 1282 1492 1321 noctuque
1516 1281 1633 1318 vexata,
1657 1273 1806 1321 impedita
1835 1275 1954 1310 crebris
1975 1288 2005 1310 et

1256 1323 1333 1358 diris
1366 1324 1545 1364 insultibus,
1583 1323 1735 1358 membris
1772 1323 1864 1358 etiam
1907 1325 2006 1371 ipsius

1257 1385 1312 1420 per
1339 1373 1504 1408 cuniculos
1525 1373 1662 1408 arietatis
1685 1374 1836 1413 occultos,
1867 1374 2004 1421 quadra-

1256 1424 1377 1467 gesimo
1404 1433 1515 1470 quarto
1543 1423 1603 1465 die⁷
1636 1423 1848 1458 obsidentium
1887 1424 2005 1459 viribus

1256 1472 1323 1515 (Dei
1354 1474 1560 1518 permissione
1588 1472 1762 1507 admirabili
1786 1481 1815 1508 et
1837 1473 2004 1520 stupenda)

1254 1506 1433 1556 succubuit
1459 1531 1547 1569 capta
1573 1535 1627 1568 per
1654 1535 1720 1561 eos,
1748 1531 1778 1556 et
1800 1522 1862 1568 igni
1900 1536 2003 1570 expo—

1253 1572 1322 1616 sita,
1346 1572 1533 1607 christicolis
1561 1572 1637 1606 inibi
1665 1572 1872 1606 existentibus
1905 1574 2005 1608 caesis

1255 1622 1440 1661 innumeris
1469 1631 1495 1655 et
1521 1622 1728 1678 caete1i57qui
1757 1621 1871 1656 babere
1896 1623 2005 1677 nequi-

1255 1680 1363 1706 xerunt
1390 1672 1426 1705 ad
1456 1672 1609 1706 maritima
1633 1684 1703 1706 vasa
1742 1683 1929 1713 recursum,
1972 1686 2002 1706 ιιι

1253 1721 1462 1768 captivitatem
1486 1721 1638 1761 abductis
1661 1729 1695 1755 ut
1720 1733 1774 1768 per
1796 1721 1904 1768 iugum
1937 1721 2005 1757 har-

1252 1770 1374 1806 baricae
1402 1772 1560 1806 servitutis
1579 1770 1740 1811 horribile,
1763 1771 1934 1817 dispendiis
1957 1773 2003 1806 ci-

1253 1820 1320 1855 vilis
1348 1822 1456 1855 mortis
1477 1821 1618 1864 adducti,
1643 1821 1773 1855 naturali
1798 1822 1888 1855 etiam
1925 1822 2003 1856 diu-

1253 1872 1315 1905 tius
1338 1870 1533 1905 moriautur?
1566 1881 1594 1905 et
1630 1871 1668 1905 de
1700 1870 1841 1906 Tireusis
1868 1871 2002 1906 civitatis

1251 1920 1408 1955 deditione
1435 1923 1568 1955 secuta?

1298 1970 1317 2016 g
1342 1972 1374 2004 ⁶2.
1403 1970 1482 2012 Quis
1505 1970 1599 2016 igitur
1627 1970 1665 2004 de
1687 1978 1811 2004 caetero
1849 1969 2000 2004 marcebit

1249 2020 1335 2053 oeio‘?
1360 2021 1430 2066 quis
1453 2032 1514 2054 nou
1543 2018 1686 2066 exurget?
1707 2020 1780 2066 quis
1807 2019 1844 2053 ad
1872 2032 2000 2066 recupe-

1250 2069 1401 2103 rationem
1425 2069 1540 2104 Terrae
1581 2070 1757 2116 praedictae
1799 2082 1859 2104 ιιοιι
1895 2082 1999 2117 prom-

1251 2127 1321 2164 ptus
1350 2120 1468 2153 exilior?
1510 2120 1581 2166 quis
1616 2119 1762 2153 taradibit‘?
1798 2131 1891 2166 quem
1937 2132 1997 2153 nou

1250 2168 1379 2214 pudebit
1407 2168 1638 2211 ingratitudinis
1665 2169 1768 2214 argui?
1794 2182 1869 2217 quin
1896 2169 1999 2215 potius

1249 2219 1352 2272 quasi.
1361 2219 1398 2252 de
1438 2204 1619 2252 infidelitate
1648 2220 1759 2259 notari
1802 2233 1825 2254 si
1855 2217 1995 2253 Creatori

1250 2267 1387 2314 proprio
1420 2277 1479 2302 ι·ιιιι
1521 2268 1660 2303 beuelico
1700 2247 1836 2304 Doinino
1875 2269 1912 2302 ad
1950 2280 1998 2302 re—

1248 2317 1463 2365 demptionem
1504 2318 1618 2353 Terrae
1662 2318 1769 2363 iltius,
1801 2331 1894 2366 quam
1933 2319 1997 2364 ipsa

1247 2367 1342 2402 Sacra
1370 2368 1533 2415 Scriptura
1558 2377 1686 2402 testatur
1721 2370 1862 2403 oninium
1891 2369 1998 2402 cario—

1249 2431 1325 2456 rem,
1353 2431 1411 2466 qua
1437 2427 1538 2465 potest
1561 2419 1808 2465 promptitudine
1837 2431 1898 2452 non
1925 2418 1996 2452 assi-

1247 2467 1322 2502 stat?
1344 2481 1414 2502 cum
1438 2469 1530 2503 etiam
1554 2468 1729 2503 secuudum
1757 2469 1833 2503 iuris
1869 2468 1995 2502 liumaui

1248 2530 1410 2552 censuram
1435 2518 1580 2553 subditos
1601 2520 1667 2553 suis
1703 2519 1850 2559 dominis,
1888 2527 1918 2553 et
1957 2519 1994 2553 ad

1249 2568 1375 2612 tuenda,
1402 2582 1482 2615 quae
1510 2569 1683 2616 possident,
1716 2578 1747 2604 et
1786 2569 1822 2603 ad
1864 2581 1996 2616 recupe-

1249 2619 1343 2653 rauda
1372 2619 1486 2653 iniuste
1507 2618 1676 2660 subtracta,
1699 2618 1839 2654 (1ι1ι11υιιι
1864 2619 1995 2654 fidelita-

1248 2669 1285 2702 tis
1308 2668 1434 2702 adstriu
1429 2668 1495 2709 fat?
1521 2669 1599 2710 Quis·
1627 2669 1664 2703 ile
1701 2676 1741 2702 toi
1781 2669 1850 2703 lidci
1888 2669 1994 2703 oilbo—

2023 278 2070 304 Αη.
2090 279 2118 304 c.
2138 270 2198 305 1ιοί

2030 1978 2118 2000 lteram>
2131 1980 2198 2006 Papae

2015 2011 2133 2031 adhortatio
2180 2021 2184 2030 ι

2015 2044 2198 2068 recuperationem

2014 2071 2091 2092 Terrae
2100 2072 2189 2092 Sanctae
