2274 3265
214 281 263 307 An.
283 280 311 306 C.
334 279 398 306 t572

224 1812 290 1834 Locus
300 1813 391 1839 collegit.

219 2059 348 2081 Sebolarium
360 2065 396 2079 nu-

212 2096 288 2111 merus.

248 2407 307 2427 uibus
333 2408 398 2428 disci-

215 2438 277 2463 plinis
294 2438 397 2458 imbuendi

465 267 534 299 544

413 332 517 377 regina
536 330 696 367 vii-,tntum
709 328 762 361 lux
777 328 844 374 sple
838 328 950 362 ¹{uleus
964 338 993 362 et
1008 330 1052 362 iia
1070 330 1118 361 tit
1122 342 1147 361 w
1153 356 1160 370 ,

411 381 508 425 ligura
527 379 584 413 Dei
615 387 644 411 et
672 376 833 421 cingulum
861 377 990 419 Christi,
1015 390 1069 424 pet
1091 385 1161 410 stu-

409 429 494 463 dium
519 427 662 462 lectionis
683 427 800 471 agnita,
815 425 941 459 colitur.
956 426 1041 461 Haec
1065 427 1160 472 siqui-

408 478 479 512 dem
500 478 578 515 iura,
595 477 682 523 quasi
701 475 765 509 duo
780 487 891 521 magna
917 475 946 509 in
964 476 1160 509 firmamento

409 526 586 564 luminaria,
615 525 788 560 certissima
824 532 896 558 sunt
925 525 1081 558 humanat¹
1105 537 1161 557 na-

409 584 496 610 turae
522 575 644 618 solatia,
667 575 862 608 infirmorum
892 574 1018 611 auxilia,
1048 581 1161 620 poten-

408 626 486 659 tium
515 624 640 664 si·acna;
665 624 747 657 unde
769 623 921 657 securitas
935 624 1019 656 venit
1041 631 1071 656 vt
1090 635 1161 656 con-

407 675 538 709 scientia
563 673 708 720 prolicit:
737 673 806 706 sine
833 671 949 718 quibus
968 672 997 705 in
1019 671 1159 705 Ecclesia

407 733 459 758 aut
487 723 676 758 laboriosius
703 730 756 756 aut
777 721 932 755 inutiliter
952 721 1114 758 militatur,
1131 729 1159 755 et

407 772 582 820 respublica
606 784 666 806 non
695 779 852 805 censetur.
873 770 919 804 Ad
950 770 1102 804 honoiem
1131 779 1159 804 et

406 822 537 867 gloriam
560 821 694 856 Sanctae
721 830 749 854 et
778 819 962 854 Indixiduae
983 819 1160 860 trinitans,

408 871 533 905 laudem
563 871 741 917 praecelsae
763 869 904 915 Virginis
927 877 956 903 et
986 869 1081 903 totius
1099 868 1162 903 Cu-

408 921 471 955 riae
494 920 732 967 triumphantis,
756 931 811 975 pro
828 926 1007 953 nostiorum
1031 931 1160 965 quoque

407 970 593 1004 remissione
632 970 864 1015 petcaminum
898 976 994 1014 utque
1017 968 1047 1001 iu
1071 968 1160 1002 horto

406 1019 441 1053 S.
458 1018 566 1053 Matris
586 1026 657 1052 tuae
679 1020 742 1061 (l),
767 1025 894 1052 auctore
915 1016 1063 1060 Domino,
1090 1017 1159 1052 licet

407 1068 566 1107 immeriti,
587 1067 807 1114 praesidemus
832 1067 1005 1110 Ecclesiae,
1029 1066 1159 1113 virgulta

406 1130 444 1152 ex
466 1117 629 1164 generosis
656 1116 858 1151 facultatibus
881 1116 997 1150 iurium
1030 1127 1160 1150 eorum-

406 1168 489 1208 dem,
504 1179 586 1214 quae
602 1166 667 1201 sive
692 1166 854 1200 hominnm
873 1165 1078 1204 hebetudine,
1094 1167 1159 1201 sive

406 1216 581 1251 animarum
602 1215 812 1262 malignitate,
826 1216 890 1249 sive
906 1217 1158 1249 necessariorum

406 1266 646 1312 carentia,quae
663 1277 795 1300 noverca
808 1272 854 1299 est
872 1264 1071 1310 disciplinae,
1085 1265 1160 1299 satis

407 1314 541 1349 deficere
571 1323 808 1349 concernuntur
836 1316 880 1357 (2)
906 1313 1027 1348 fructus
1047 1313 1160 1349 uberes

408 1363 537 1410 Deoque
570 1363 719 1398 amabiles
743 1363 947 1410 productura,
975 1363 1005 1396 in
1034 1364 1160 1397 civitate

409 1422 512 1448 nostra
544 1412 752 1453 Bononiensi,
780 1412 883 1455 leoum
907 1412 1031 1446 alumna
1069 1425 1160 1458 prae-

408 1463 512 1517 cipua
534 1474 628 1509 quam
657 1474 793 1516 superna
818 1462 948 1505 lustitia,
972 1462 1065 1495 veluti
1094 1462 1159 1496 cla-

409 1512 569 1546 rissimum
593 1511 728 1545 lume'n
723 1512 837 1545 uirium
863 1511 976 1557 insigni
995 1510 1107 1545 Studio
1122 1511 1160 1545 il-

409 1561 544 1604 lustrat,
574 1569 604 1595 et
640 1572 719 1607 quae
748 1560 866 1594 imbuta
904 1560 1071 1594 virtutibus
1100 1560 1159 1595 fide

409 1609 563 1644 indefessa
598 1609 773 1644 Ecclesiam
802 1608 858 1643 Dei
888 1609 1008 1653 colens,
1038 1622 1094 1643 uos
1121 1611 1157 1644 ad

407 1671 562 1693 summam
576 1659 625 1693 sui
648 1659 862 1700 dilectionem,
878 1659 1009 1704 gloriam
1024 1667 1053 1692 et
1068 1660 1159 1693 exul-

408 1709 554 1743 tationem
577 1708 753 1748 attraxit,in
764 1708 858 1743 domo
874 1716 992 1749 nostra,
1007 1709 1036 1742 in
1053 1717 1159 1743 nostro

408 1758 534 1792 nomine
556 1767 665 1805 erupta
692 1759 734 1802 (5)
760 1758 789 1792 in
813 1766 953 1792 contrata
983 1770 1040 1792 seu
1065 1766 1158 1792 strata

407 1807 592 1842 Castilionis
613 1808 670 1841 sita
708 1807 737 1840 in
772 1807 929 1854 parochiis
968 1807 1157 1842 Sanctarum

408 1856 524 1891 Mariae
545 1865 576 1890 et
611 1856 752 1903 Agathae
775 1869 810 1891 ac
846 1856 953 1891 Sancti
982 1856 1158 1904 Stephani,

408 1918 489 1952 quae
511 1905 568 1941 fuit
595 1905 765 1940 haeredum
789 1906 947 1952 quondam
971 1905 1098 1940 loannis
1121 1907 1159 1940 (le

409 1954 540 2002 Pepulis
567 1955 674 1989 militis
695 1955 919 1995 Bononiensis,
937 1968 1034 1990 unum
1060 1956 1159 1990 colle·

409 2005 495 2050 gium
538 2005 698 2051 perpetuis
737 2005 933 2052 temporibus
971 2005 1158 2039 duraturum

411 2054 536 2099 triginta
557 2054 747 2089 scholarium
764 2066 951 2101 pauperum,
970 2067 1023 2089 sex
1040 2056 1159 2101 cappel

410 2102 553 2138 lauorum
577 2111 607 2137 et
629 2103 813 2151 quindecim
843 2104 1042 2138 familiarium
1076 2117 1159 2138 con—

410 2152 572 2187 stituimus
589 2153 829 2196 otor-dinamus,
851 2165 887 2187 ac
909 2152 1037 2187 domum
1062 2154 1158 2200 ipsam

410 2214 464 2235 seu
488 2202 636 2248 palatium
660 2214 731 2237 cum
755 2202 902 2237 omnibus
922 2202 1162 2249 iun-it›11s,perti-

412 2252 526 2285 nentiis
552 2259 582 2285 et
604 2251 699 2286 rebus
722 2251 893 2286 mobilibus
922 2251 997 2286 inibi
1021 2253 1162 2286 existen-

411 2300 495 2335 tibus
521 2312 558 2335 ex
578 2312 661 2336 nunc
685 2301 822 2348 praefato
845 2301 978 2347 collegio
1001 2301 1099 2336 libere
1114 2314 1160 2336 as-

411 2350 587 2395 signamus,
601 2362 635 2384 ac
655 2360 819 2397 perpetuo,
835 2360 913 2385 etex
931 2359 1013 2385 certa
1030 2351 1160 2385 scientia

415 2411 469 2444 pro
491 2399 681 2434 scholarium
707 2400 815 2434 usibus
841 2413 875 2434 ex
901 2413 985 2434 nunc
1001 2400 1161 2435 donamus

413 2456 443 2481 et
468 2448 560 2482 etiam
585 2449 776 2495 deputamus
793 2477 802 2492 ,
830 2451 988 2493 seientes,
1011 2449 1095 2496 quod
1124 2462 1161 2483 ex

413 2497 531 2532 eisdem
575 2499 701 2544 triginta
738 2498 934 2534 scholaribus
979 2499 1160 2545 quindecim

413 2546 475 2581 sint
490 2546 654 2582 studentes
668 2548 696 2582 in
719 2549 785 2583 iure
799 2549 964 2588 canonico,
983 2557 1014 2582 et
1032 2548 1160 2583 totidem

449 2617 487 2650 (t)
508 2617 566 2650 Leg.
593 2617 609 2643 f.
637 2620 679 2643 eui
699 2618 755 2645 loco
782 2622 851 2644 tuae.
891 2619 930 2653 (9)
947 2619 1046 2646 Forsan
1063 2623 1161 2651 empta.

448 2656 487 2691 (3)
504 2656 562 2691 Leg.
581 2657 667 2684 forsan
683 2663 843 2684 cernuntur.

1009 276 1066 297 uttt
1070 275 1086 297 1
1091 275 1192 296 Altlllu
1217 273 1378 295 ttonaxtm

1204 329 1231 360 iu
1265 327 1331 360 inre
1355 326 1452 365 ‹·ivili;
1471 322 1539 359 *uec
1561 326 1664 372 aliqua
1693 339 1785 360 mamt
1812 327 1856 361 vel
1882 339 1955 362 casu

1203 375 1385 409 huiusmodi
1431 376 1543 408 virium
1581 374 1745 409 facultates
1789 376 1956 411 turbentur

1201 438 1255 458 seu
1276 424 1491 462 destruantur,
1515 424 1569 457 sed
1600 437 1672 458 cum
1697 424 1878 469 egredietur
1901 437 1955 460 ca-

1204 474 1338 512 nonista,
1350 473 1541 518 subrogetur
1555 473 1633 507 alti-r
1647 474 1821 512 canonista,
1832 481 1861 507 et
1873 474 1954 508 idem

1202 523 1240 556 de
1257 523 1387 568 legistis,
1405 535 1442 556 ne
1458 523 1616 568 contingat
1635 523 1664 556 in
1682 523 1821 558 futurum
1843 535 1955 557 omues

1202 572 1367 606 studentes
1395 571 1538 606 eiusdem
1563 573 1696 606 existere
1720 572 1887 607 facultatis.

1251 621 1271 667 g
1297 625 1330 655 ⁶2.
1355 620 1510 655 Volumus
1538 621 1668 667 insuper
1689 629 1720 656 et
1743 621 1931 655 mandamus
1946 649 1954 665 ‚

1202 732 1271 753 esse
1286 719 1366 753 debe
1360 732 1403 754 ¹re
1423 720 1452 754 in
1468 720 1715 774 praenominatis
1729 720 1848 754 artibus
1864 732 1954 766 prae-

1201 770 1293 816 cipue
1314 770 1342 802 in
1371 769 1575 815 grammatica
1598 770 1776 803 sufficiente
1781 783 1793 802 r
1815 779 1843 802 et
1863 782 1891 803 tn
1910 770 1956 803 lo-

1201 819 1268 863 oie-1
1294 819 1404 852 saltem
1433 826 1651 865 competentir
1678 818 1864 852 instructos:
1899 819 1955 852 de-

1202 867 1381 911 clarantes,
1411 867 1496 915 quod
1526 867 1651 907 nullus
1679 868 1731 915 qui
1768 868 1954 910 xiuesimum

1202 918 1312 951 aetatis
1324 930 1400 952 snae
1415 929 1533 951 annum
1546 895 1765 964 compleverit,
1782 917 1838 950 nisi
1871 918 1956 964 prius

1203 967 1268 1001 iura
1305 979 1359 1013 per
1394 979 1512 1000 aunum
1548 966 1657 1000 saltem
1695 966 1869 1006 audiverit,
1898 979 1954 1000 uec

1202 1017 1295 1050 etiam
1319 1015 1444 1062 aliquis,
1473 1016 1544 1049 licet
1566 1015 1642 1050 alias
1665 1015 1821 1050 audiverit
1838 1024 1866 1050 et
1883 1028 1956 1062 pro-

1203 1074 1309 1100 vectus
1332 1066 1368 1098 sit
1385 1093 1392 1104 ,
1416 1064 1470 1112 qui
1493 1077 1612 1098 annum
1641 1065 1837 1109 trigesimum
1861 1077 1956 1099 com—

1203 1115 1347 1162 pleverit,
1371 1115 1400 1148 in
1424 1113 1557 1160 collegio
1585 1115 1747 1161 praedicto
1775 1115 1954 1161 recipiatur.

1250 1165 1270 1211 S
1305 1166 1337 1198 5.
1378 1163 1562 1198 praedictos
1594 1172 1698 1197 autem
1729 1163 1891 1198 scholares
1924 1165 1954 1198 in

1201 1214 1285 1248 dicto
1298 1213 1431 1259 collegio
1442 1213 1622 1259 subscripto
1634 1213 1728 1247 modo
1752 1213 1847 1260 recipi
1865 1212 1954 1247 volu-

1203 1276 1273 1297 mus
1287 1263 1464 1297 etassumi:
1489 1263 1650 1301 videlicet,
1668 1262 1753 1309 quod
1776 1264 1955 1297 successivo

1202 1321 1342 1358 tempore
1379 1321 1584 1347 assumantur
1613 1321 1657 1347 tot
1690 1312 1955 1351 Lemovicenses,

1201 1362 1464 1406 dedioecesibns,
1479 1362 1611 1397 scilicet
1620 1361 1823 1396 Lemovicen.
1839 1370 1867 1396 et
1883 1361 1957 1396 Tul-

1202 1411 1281 1445 len:
1310 1412 1395 1458 quod
1417 1413 1480 1446 sint
1510 1412 1540 1444 in
1569 1411 1650 1444 dicta
1675 1411 1771 1445 domo
1801 1419 1954 1458 perpetuo

1203 1461 1310 1507 viginti
1335 1473 1478 1500 numero
1500 1461 1550 1494 alii
1575 1472 1650 1494 vero
1668 1461 1777 1494 decem
1802 1461 1841 1495 de
1864 1461 1954 1495 tetris

1202 1510 1361 1544 Ecclesiae
1387 1510 1570 1548 Romanae
1599 1511 1627 1543 in
1653 1509 1738 1544 ltalia
1768 1510 1878 1555 positis
1904 1510 1954 1544 in-

1200 1559 1390 1602 differenter,
1409 1569 1627 1607 praeterquam
1651 1559 1689 1593 ‹le
1710 1559 1852 1593 Bononia
1873 1559 1954 1594 reci-

1202 1616 1338 1655 piantur.

1250 1658 1269 1704 S
1293 1662 1325 1692 4.
1352 1657 1483 1692 Proviso
1511 1657 1595 1704 qnod
1617 1657 1721 1692 dictus
1742 1670 1893 1692 numerus
1922 1657 1952 1692 in

1201 1707 1289 1741 nullo
1317 1708 1464 1748 varietur,
1487 1707 1542 1741 sed
1571 1708 1673 1754 quoad
1699 1707 1873 1751 facultates,
1896 1719 1954 1741 na—

1202 1757 1305 1791 tiones
1332 1765 1362 1791 et
1388 1757 1445 1791 alia
1476 1757 1602 1802 penitus
1631 1756 1829 1792 observetur.
1857 1756 1952 1799 Quod

1200 1807 1225 1840 si
1254 1807 1415 1852 contingat
1438 1807 1467 1840 in
1491 1806 1631 1841 futurum
1654 1807 1761 1853 augeri
1786 1819 1952 1841 numerum

1200 1855 1390 1890 scholarium
1436 1864 1563 1902 propter
1607 1857 1954 1903 superes-crescentiam

1202 1905 1356 1939 bonorum
1380 1905 1502 1952 collegii
1529 1905 1702 1952 praelibati,
1731 1906 1878 1940 volumus
1899 1918 1955 1940 sn-

1203 1963 1479 2009 perexcrescentes
1501 1956 1594 1990 etiam
1624 1955 1662 1990 de
1695 1955 1911 1990 Lemovicinio
1926 1963 1955 1989 et

1201 2003 1240 2038 de
1256 2005 1348 2038 terris
1371 2004 1546 2045 Ecclesiae,
1569 2012 1603 2038 ut
1625 2004 1810 2051 praefctQtur
1826 2005 1957 2047 assumi,

1202 2054 1242 2087 ita
1266 2053 1425 2094 videlicet,
1448 2054 1532 2101 quod
1555 2066 1682 2101 semper
1703 2054 1784 2089 duae
1801 2063 1903 2101 partes
1919 2054 1957 2089 de

1202 2102 1427 2144 Lemoxicinis,
1451 2104 1540 2138 tertia
1566 2116 1638 2137 vero
1661 2103 1700 2138 de
1729 2104 1818 2138 terris
1846 2103 1958 2139 Eccle-

1202 2152 1275 2192 siae,
1289 2160 1444 2199 utsupra,
1468 2153 1660 2200 rtcipiautur
1678 2162 1707 2187 et
1736 2153 1956 2188 instituantur.

1202 2201 1299 2246 salvo,
1319 2202 1404 2249 quod
1428 2204 1453 2237 si
1471 2211 1593 2250 praeter
1617 2203 1692 2238 haec
1716 2203 1879 2249 contingat
1900 2204 1957 2237 im-

1204 2260 1363 2298 posterum
1388 2264 1444 2298 per
1471 2264 1528 2286 nos
1551 2264 1700 2299 expresse
1727 2253 1832 2299 augeri
1849 2265 1956 2287 nimie-

1204 2313 1271 2335 rum
1294 2301 1504 2342 scholarium,
1522 2301 1668 2336 volumus
1688 2302 1774 2349 ipsos
1787 2302 1957 2336 instituen-

1204 2349 1261 2384 dos
1292 2363 1347 2397 per
1375 2363 1432 2386 uos
1466 2351 1543 2386 ultra
1582 2364 1749 2386 numerum
1781 2351 1954 2397 praefatum

1205 2399 1431 2447 undecumque
1459 2401 1598 2440 assumi,
1627 2410 1656 2434 et
1692 2413 1747 2448 per
1773 2401 1953 2436 Romanum

1203 2448 1388 2483 Pontificem
1419 2459 1560 2485 nostrum
1583 2463 1814 2494 successorem,
1829 2451 1883 2498 qui
1900 2463 1956 2497 pro

1204 2507 1345 2545 tempore
1382 2500 1496 2544 l'uerit,
1530 2500 1658 2534 eosdem
1694 2500 1833 2540 insnum
1861 2512 1954 2547 quem

1204 2560 1298 2594 super
1327 2549 1362 2582 iis
1399 2557 1564 2596 patronum
1602 2550 1836 2591 constituimus,
1865 2558 1956 2596 prout

1207 2597 1236 2630 in
1273 2597 1369 2631 literis
1397 2600 1579 2644 apostolicis
1605 2611 1701 2646 super
1722 2599 1782 2633 hoe
1805 2598 1956 2634 confectis

1205 2646 1296 2681 latius
1323 2648 1512 2681 continetur.

1977 272 2025 299 An.
2044 274 2070 298 (ἶ.
2091 273 2156 299 1572

1983 632 2102 658 Qun-litates
2135 635 2154 652 tu

1203 670 1404 717 recipiendos
1438 671 1475 704 ad
1510 670 1584 704 dicti
1623 670 1746 725 collegii
1785 665 2156 714 numerum‘ffss'fssiss'dffi'm‘

1983 1178 2062 1204 Quibus
2079 1186 2102 1198 cx
2131 1184 2156 1198 o-

1970 1210 2000 1228 cis
2016 1210 2128 1234 seligendi.

1981 1671 2153 1698 Superereseen-

1968 1703 2024 1722 tibus
2037 1701 2153 1722 redditibus

1997 1740 2008 1752 a
2053 1733 2153 1752 methodo

1968 1763 2095 1784 scholarium
2113 1769 2155 1782 uu—

1969 1800 2039 1815 merus
2081 1800 2120 1814 κω
2148 1795 2154 1814 i

1970 1826 2053 1846 debeat.
