2274 3265
86 266 134 292 An.
153 266 181 292 C.
204 265 268 292 1:358
879 264 1073 288 nENEntcros
1097 266 1142 287 xit
1168 266 1214 287 rr.
1714 256 1781 289 417
1850 267 1930 291 ,tum
1964 266 2028 291 ¹335

333 320 353 365 ᾖ
393 323 425 354 4.
465 320 669 355 correctores
709 320 838 367 iusuper
878 320 1036 355 literarum
1080 332 1176 367 super
1203 320 1319 366 quibus
1343 321 1419 355 soret
1443 322 1543 355 maior
1565 321 1831 357 poenitentiarius

86 369 383 421 „¹:2²¹n‘1}⁴i³l¹·'i¹·¹s⁰¹gj‹lictae
420 369 707 414 Poeniteiitiariae,
751 369 790 404 dc
834 369 1038 417 scriptoribus
1079 369 1319 414 consulendus,
1347 383 1398 404 eas
1434 371 1596 416 sTgillatori
1622 372 1831 412 utauualiter,

85 417 247 456 g1iii.«‹.r.·‚‹›ic'.
283 419 423 453 eiusdem
447 418 539 454 officii
568 419 669 465 magis
691 419 830 465 expertis
857 427 886 454 et
915 419 1038 453 idoneis
1082 419 1126 453 vel
1164 419 1223 453 sub
1255 419 1357 465 sigillo
1396 433 1452 453 suo
1490 433 1543 466 per
1577 421 1724 455 nuntium
1759 435 1832 468 pro-

284 480 338 514 per
360 468 478 503 dictum
504 469 654 503 maiorem
690 468 970 503 l'ocniteutiarium
999 468 1035 502 ad
1082 468 1183 514 prium
1209 469 1343 503 iuratum
1373 469 1495 504 tradere
1520 478 1679 505 tencatur:
1709 480 1738 504 et
1770 480 1830 504 tam

283 519 510 553 correctionem
534 517 715 552 huiusmodi
748 517 955 564 deputemur,
983 517 1036 564 qui
1080 517 1200 561 doctor,
1236 529 1328 565 quam
1370 531 1501 565 persona
1540 519 1576 553 ad
1615 520 1830 566 recipiendum
1880 540 1882 548 ν
1914 537 1977 550 ιιιωιι
1996 537 2006 549 1·

283 566 332 600 die
369 567 507 614 qualibet
548 567 584 601 ad
624 576 743 602 certum
781 567 883 601 locum
912 566 949 600 ad
978 566 1038 601 hoc

283 615 461 651 ordinatum
504 615 549 650 vel
583 616 793 650 ordinandum
824 628 878 662 per
917 616 1035 650 dictum

284 665 432 700 maiorem
463 665 757 705 l'oenitentiarinm,
793 665 874 700 iusto
902 665 1038 712 impedi—

284 723 390 748 mento
420 723 581 757 cessante,
626 714 700 749 liora
729 713 853 749 Primae
895 714 940 749 vel
978 714 1035 749 alia

283 765 474 810 competenti
496 764 603 798 venire
627 763 833 810 personaliter
855 772 1034 798 teneantur:

284 811 390 859 ibique
417 825 528 847 omnes
562 820 592 846 et
626 812 768 858 singulas
804 813 908 847 literas
935 812 1036 847 dietae

283 861 548 896 Poenitentiariae
564 862 744 895 examinent
763 861 940 907 diligenter,
967 874 1038 896 eas-

283 922 344 956 que
366 911 525 956 corrigant
547 919 576 944 et
605 910 791 945 reforment:
828 919 858 945 et
885 911 930 946 sic
957 923 1037 946 exa-

285 959 417 994 minatas
433 968 461 994 et
486 967 654 1003 correctas,
678 960 747 1006 ipsi,
771 960 816 994 vel
836 960 914 995 alter
926 973 1034 995 eornm

283 1008 446 1055 sigillatori
469 1008 542 1043 dicti
567 1008 692 1043 maioris
716 1008 966 1050 Poenitentiarii,
984 1009 1036 1056 qui

285 1069 340 1104 pro
356 1065 497 1104 tempore
513 1058 617 1099 fucrit,
632 1058 779 1092 manibus
796 1059 931 1105 propriis
941 1071 1038 1105 quan-

284 1106 386 1141 tocius
398 1107 545 1142 studeant
560 1107 735 1153 assignare;
756 1107 800 1141 vel
818 1120 873 1154 pro
895 1108 1035 1142 celeriori

284 1156 485 1202 expeditione
516 1156 669 1191 dictarum
695 1156 852 1190 literarum
877 1168 931 1202 per
964 1168 1034 1191 eos—

283 1204 353 1239 dem
391 1214 583 1240 correctores
616 1205 662 1239 vel
697 1206 828 1239 alterum
852 1205 1035 1239 eorumdem

284 1263 442 1301 ponantur
480 1254 509 1288 in
552 1267 611 1288 una
645 1254 736 1288 art-lia
774 1255 802 1287 in
831 1254 926 1288 domo
961 1254 1035 1288 dicti

284 1304 410 1337 maioris
432 1303 668 1338 Poenitentiarii
703 1303 741 1337 ad
779 1303 837 1337 lioc
859 1303 1038 1349 specialiter

284 1352 472 1399 deputanda,
496 1364 576 1399 quae
599 1351 723 1386 duabus
744 1352 965 1387 consimilibus
979 1353 1038 1386 cla-

284 1401 374 1436 vibus
401 1410 538 1436 seretur:
574 1414 708 1448 quarum
741 1413 802 1435 una
830 1401 1036 1447 sigillatoris,

283 1458 313 1484 et
339 1451 433 1485 altera
471 1451 564 1485 tinius
601 1462 638 1485 ex
677 1450 770 1485 dictis
803 1450 1038 1485 correctoribus

283 1499 443 1534 custodiae
461 1499 710 1543 committantur,
733 1512 771 1534 ex
789 1513 823 1535 ea
845 1512 898 1546 per
917 1500 1036 1534 dictum

283 1549 486 1595 sigillatorem
510 1548 683 1584 sumendae
719 1557 748 1583 ct
783 1549 968 1595 sigillandae
1003 1561 1038 1583 ac

285 1598 519 1639 restituendae,
548 1608 639 1645 prout
667 1598 758 1633 fuerit
782 1599 932 1633 liactenus
966 1611 1039 1632 con-

283 1656 421 1682 suetum.
447 1648 557 1682 Dictae
585 1647 846 1694 quoqueliterae,
871 1656 1036 1695 postquam

284 1697 399 1731 fuerint
420 1697 586 1744 sigillatae,
609 1697 711 1732 donec
733 1698 782 1742 iis,
796 1710 931 1745 quorum
952 1705 1037 1736 sunt,

285 1746 399 1781 fuerint
421 1748 594 1787 restitutae,
618 1759 673 1794 per
695 1747 811 1782 dictum
835 1746 1036 1793 sigillatoretn

285 1804 441 1843 ponantur
464 1798 494 1831 in
532 1795 624 1830 arclia
656 1796 692 1831 ad
720 1809 827 1831 earum
862 1795 1036 1831 custodiam

284 1845 481 1892 deputanda:
510 1857 592 1892 quae
614 1845 744 1892 quidem
767 1845 861 1880 arclia
891 1846 919 1879 in
944 1845 1038 1879 domo

284 1894 358 1928 dicti
383 1895 509 1929 maioris
544 1894 786 1929 Poenitentiarii
817 1902 1038 1933 conservetur,

285 1951 315 1977 et
342 1943 453 1978 lrabeat
495 1943 575 1978 duas
607 1943 710 1978 claves
743 1943 936 1987 consimiles,
958 1954 1039 1990 qua-

286 2005 356 2026 rnm
381 2005 439 2027 una
463 2005 518 2039 per
539 1992 780 2028 distributorem
816 1992 972 2027 dictarum
1002 1992 1040 2025 li-

286 2050 443 2082 terarnm,
477 2050 507 2076 et
542 2041 635 2076 altera
677 2055 732 2088 per
762 2051 878 2077 certam
914 2041 1037 2076 fidelem

287 2103 474 2137 personam,
507 2103 601 2138 quam
640 2091 677 2125 ad
718 2091 777 2125 lioc
810 2090 914 2125 dictus
943 2090 1041 2124 maior

286 2140 555 2175 poenitentiarius
581 2140 705 2174 duxerit
733 2140 960 2186 deputandam,
982 2139 1040 2173 de—

286 2189 380 2223 beant
406 2189 571 2231 custodiri,
599 2197 633 2223 ut
660 2189 704 2223 sic
732 2189 853 2223 facilius
882 2188 1041 2236 expeditio

287 2250 476 2286 pauperum,
503 2247 533 2273 et
554 2238 736 2273 earumdem
764 2238 925 2273 literarum
951 2238 1042 2272 resti-

287 2289 365 2321 tutio
390 2289 638 2335 subsequantur.

335 2337 355 2383 g
377 2341 409 2372 5.
433 2337 664 2372 Declaratorias
681 2349 765 2377 vero,
788 2345 817 2372 et
832 2336 909 2371 alias
938 2336 1042 2371 literas

287 2398 379 2421 casus
406 2386 570 2432 ambiguos
603 2386 815 2430 continentes,
837 2386 909 2420 dicti
933 2398 1041 2421 corre-

287 2445 390 2471 ctores
419 2436 558 2483 praefato
585 2435 705 2470 doctori
745 2435 971 2470 examinandas
1012 2443 1042 2470 et

289 2485 504 2520 reformandas
533 2485 720 2531 assignent,
761 2492 904 2519 cessante
935 2496 1040 2519 morae

288 2535 457 2570 cuiuslibet
476 2534 629 2569 tarditate.
653 2533 739 2568 ldem
767 2546 894 2581 quoque
921 2534 1042 2578 doctor,

290 2592 456 2632 postquam
491 2596 547 2631 per
580 2596 654 2619 eum
694 2584 887 2618 examinatae
927 2582 1043 2618 luerint

288 2642 319 2668 et
341 2641 510 2673 correctae,
534 2633 592 2667 nisi
627 2640 826 2667 occurrerent
855 2632 914 2666 sihi
936 2632 1042 2676 dubia,

369 2690 443 2721 Ball.
468 2690 543 2720 Rom.
566 2690 621 2720 t'ol.
642 2690 689 2719 1t’.
868 2688 905 2718 53

1081 567 1260 613 petitiones,
1280 575 1310 601 nt
1329 568 1548 614 praemittitur,
1564 568 1722 614 deputata,
1738 582 1831 615 quarm
1848 570 1879 610 ff,
1907 569 1954 611 ,,“,’,’
2014 606 2015 609 ¹

1079 616 1171 650 etiam
1203 627 1400 652 correctores
1426 626 1454 651 et
1492 617 1644 663 sigillator
1682 618 1832 664 praefati,
1854 630 1937 643 wvrn·
1965 629 2016 641 ¹¹·

1080 666 1283 712 singulariter
1304 665 1419 712 singuli
1449 667 1478 700 iu
1516 667 1662 701 manilius
1689 667 1831 701 eiusdem
1848 660 1889 703 iii*
1925 662 1961 673 'm
2006 664 2015 671 Η

1080 715 1206 749 maioris
1239 715 1477 750 Poenitentiarii
1514 716 1552 750 de
1581 717 1618 750 iis
1641 728 1695 763 per
1717 728 1772 750 eos
1795 718 1833 750 ti-

1080 764 1190 799 deliter
1213 765 1398 800 exercendis
1427 765 1631 812 praestabunt
1658 765 1760 799 debita
1785 766 1834 799 iu-

1081 822 1218 848 ramenta
1242 815 1325 849 iuxta
1352 815 1477 855 formas,
1501 827 1581 861 quae
1604 813 1737 849 iuferius
1756 827 1833 849 con-

1081 871 1230 897 tutentur.

1128 913 1148 959 g
1175 916 1206 946 6.
1223 912 1611 960 Supplicationesautem,
1634 925 1715 959 qnae
1731 912 1832 953 nobis,
1879 931 1882 939 ι

1081 961 1126 995 vel
1149 961 1387 996 successoribus
1416 962 1531 996 nostris
1553 962 1706 996 Romanis
1729 961 1833 996 Ponti-
1856 960 1950 1006 '‘tisim''f„
1971 955 1988 971 '¹
2008 961 2029 972 ⁵²

1081 1010 1192 1045 ficibus
1231 1020 1303 1045 sunt
1348 1011 1520 1056 legendae,
1565 1024 1620 1058 per
1661 1011 1831 1057 praestitum

1079 1059 1239 1094 doctorem
1260 1073 1331 1095 cum
1355 1061 1516 1107 diligentia
1542 1060 1747 1107 recipiantur,
1782 1073 1834 1094 or-

1080 1109 1229 1143 dinentur
1250 1118 1279 1144 et
1320 1118 1564 1144 conserventur:
1596 1109 1741 1156 nullaque
1778 1121 1834 1156 po-

1081 1166 1171 1192 natur
1194 1159 1223 1192 in
1242 1171 1374 1193 numero
1398 1158 1601 1205 legendarum
1618 1159 1687 1191 sine
1703 1167 1785 1192 certat
1805 1167 1835 1192 et

1079 1219 1226 1254 expressa
1261 1208 1391 1242 scientia
1433 1208 1559 1242 maioris
1598 1207 1832 1242 Poenitentiarii

1081 1256 1262 1297 memorati,
1290 1265 1319 1290 et
1348 1256 1429 1297 illae,
1452 1269 1532 1303 quae
1557 1256 1755 1303 recipiendae
1772 1256 1836 1290 fue-

1081 1314 1140 1339 rmt
1158 1333 1166 1349 ,
1190 1306 1250 1339 cito
1273 1306 1467 1352 recipiantur
1494 1314 1524 1339 et
1546 1307 1782 1340 examinentur:
1806 1313 1835 1338 et

1081 1354 1206 1388 indilate
1235 1362 1400 1401 postquam
1430 1354 1546 1389 suerint
1573 1355 1751 1401 expeditae,
1787 1367 1836 1388 re-

1080 1404 1253 1438 stituantur
1276 1404 1348 1446 illis,
1371 1416 1505 1450 qnorum
1536 1412 1620 1443 sunt,
1651 1404 1696 1437 rel
1726 1415 1837 1450 procu-

1082 1452 1240 1487 ratoribus
1267 1453 1464 1488 eorumdem.

1129 1502 1149 1549 g
1177 1504 1208 1536 7.
1232 1502 1301 1536 Hoc
1325 1502 1404 1537 idem
1428 1502 1509 1536 cinca
1533 1501 1667 1536 celerem
1687 1502 1836 1548 receptio-

1083 1601 1311 1635 restitutionem
1352 1601 1432 1635 circa
1477 1601 1553 1635 alias
1584 1601 1834 1647 supplicationes

1081 1650 1155 1684 dicti
1179 1649 1271 1684 officii
1295 1650 1496 1686 observetur:
1522 1662 1578 1697 pro
1612 1650 1730 1696 quibus
1759 1649 1835 1684 nihil

1080 1700 1211 1734 omnino
1234 1700 1347 1747 quovis
1370 1699 1463 1734 modo
1486 1708 1558 1734 ante
1583 1700 1628 1733 vel
1659 1708 1725 1746 post
1751 1711 1837 1733 rece-

1082 1749 1219 1796 ptionem
1237 1777 1246 1793 ,
1269 1749 1502 1797 expeditionem
1543 1757 1572 1783 et
1605 1750 1835 1783 restitutionem

1083 1799 1252 1846 recipiatur
1273 1811 1330 1833 seu
1353 1799 1455 1833 detur.

1130 1848 1149 1894 S
1177 1850 1209 1882 8.
1233 1847 1412 1883 Statuimus
1427 1848 1569 1893 insuper,
1592 1856 1622 1882 et
1644 1847 1736 1881 etiam
1753 1846 1837 1881 ord}-

1083 1909 1218 1942 namus,
1245 1897 1328 1944 quod
1352 1909 1463 1931 omnes
1490 1905 1520 1930 et
1547 1896 1663 1942 singuli
1698 1897 1837 1930 minores
1852 1922 1862 1934 ῃ

1084 1946 1317 1981 Paenitentiarii
1332 1947 1467 1992 singulis
1486 1945 1611 1985 diebus,
1634 1945 1751 1992 quibus
1766 1957 1838 1980 con-
1941 1952 1945 1964 ¹

1082 2004 1208 2030 suetum
1227 2008 1271 2031 est
1292 2009 1346 2030 eos
1361 1997 1397 2030 ad
1428 1995 1644 2030 consessiones
1667 1994 1838 2029 audiendas

1084 2045 1113 2079 in
1136 2044 1278 2079 Ecclesia
1313 2045 1461 2083 residere,
1489 2044 1627 2090 quolibet
1659 2056 1762 2084 mane,
1792 2045 1838 2077 vi-

1083 2093 1195 2128 delicet
1219 2094 1306 2138 liora,
1334 2107 1393 2141 qna
1419 2095 1561 2140 pulsatur
1583 2092 1620 2127 ad
1646 2092 1783 2127 Primam
1809 2092 1837 2126 in

1083 2147 1224 2182 Ecclesia
1259 2148 1368 2182 maiori
1411 2147 1544 2181 civitatis
1595 2145 1640 2180 vel
1680 2146 1738 2180 loci
1785 2145 1836 2179 nbi

1083 2200 1177 2235 Curia
1209 2201 1369 2241 residebit,
1408 2200 1560 2235 accedant
1595 2200 1632 2233 ad
1661 2199 1836 2233 Ecclesiam

1083 2267 1137 2289 seu
1173 2256 1277 2289 locum
1314 2255 1499 2302 deputatum
1536 2253 1581 2287 vel
1619 2253 1837 2299 deputandum

1085 2321 1141 2355 pro
1157 2309 1324 2343 audiendis
1345 2308 1613 2347 confessionibus,
1636 2316 1666 2340 et
1681 2307 1749 2341 aliis
1764 2320 1839 2342 exe-

1084 2364 1232 2410 quendis,
1260 2376 1340 2410 qnae
1368 2371 1511 2409 spectant
1546 2361 1583 2396 ad
1616 2361 1754 2395 officium
1778 2373 1838 2394 eo—

1086 2417 1241 2452 rumdem.
1280 2413 1437 2462 Quodque
1474 2415 1546 2449 inibi
1576 2423 1838 2454 commorentur,

1085 2483 1251 2518 quousque
1274 2471 1431 2518 pulsatum
1456 2469 1549 2503 suerit
1575 2468 1611 2502 ad
1635 2468 1772 2502 Tertiam
1808 2468 1837 2501 in

1086 2526 1219 2560 ecclesia
1256 2525 1363 2559 maiori
1403 2524 1574 2571 praedicta,
1612 2523 1668 2556 nisi
1710 2522 1837 2556 eosdem

1086 2579 1364 2623 poenitentiarios,
1392 2578 1436 2612 vel
1460 2577 1598 2624 aliquem
1630 2588 1687 2610 seu
1716 2576 1838 2622 aliquos

1086 2633 1271 2668 corumdem
1296 2645 1388 2668 cansa
1413 2631 1606 2667 rationabilis
1629 2629 1838 2677 praepediret,

1865 1512 1919 1531 >nillil
1937 1518 1972 1537 pit·
1989 1511 2036 1530 lite·

1852 1549 1879 1563 ris
1905 1542 1975 1561 taliter
1998 1548 2022 1561 ex

1082 1564 1151 1585 nem
1175 1560 1205 1585 et
1224 1551 1345 1587 facilem
1360 1551 1607 1598 expeditionem,
1622 1560 1652 1586 et
1675 1551 1834 1585 indilatam
1880 1581 1898 1593 U
