2274 3265
73 287 122 313 Αιι.
144 286 170 312 C.
188 285 254 311 1289

86 692 144 713 LGYis
161 694 255 719 appellat-

71 725 100 743 tlu
125 725 243 750 prohilw'ni

87 844 176 871 'legulae
185 846 203 866 s,
217 846 242 866 lle

71 876 149 895 uenient
181 876 256 896 ohser—

72 910 141 928 vanna
152 913 192 928 nou
206 914 258 934 pru·-

72 942 207 959 terminata..

86 1180 141 1201 Haec
158 1180 209 1200 refut
217 1186 258 1199 ina-

73 1214 102 1233 tio
117 1212 141 1233 ab
161 1212 258 1231 omnihus
275 1225 280 1230 .

74 1244 197 1263 observetur

891 285 1006 308 NtCOLA
1013 285 1047 306 US
1074 285 1107 306 ΙΨ
1137 285 1183 307 ΙΨ.

271 341 313 375 vel
338 341 531 387 prioratuum
559 340 768 386 appellantem
796 339 1018 373 excommuni-

267 401 338 423 care
361 389 407 423 vel
431 389 624 424 incarcerare
657 401 711 423 seu
744 388 885 422 detincre
923 400 1017 432 prae-

268 446 380 472 sumat.
396 438 489 479 Quod
513 438 537 472 si
561 438 751 472 contrarium
774 436 887 471 sactum
913 436 1016 478 fuerit,

268 487 557 526 excommunicans,
581 487 777 520 incarcerans
792 486 837 520 vel
861 485 1016 521 detinens.

269 548 399 582 poenam
424 535 645 583 suspensionis
679 535 789 570 merito
813 534 923 582 poterit
954 534 1018 568 sor—

269 586 399 620 midaie.

318 635 338 682 g
361 636 417 669 52.
446 633 633 668 Inhibemus
657 641 784 677 tamen,
819 646 858 667 ne
894 632 1016 668 monaci

272 685 387 738 passim
411 692 440 718 et
471 695 526 730 pro
548 683 653 717 causis
677 682 800 717 levibus
821 692 929 718 contra
943 695 1019 717 suos

270 745 450 780 superiores
471 732 639 779 appellent.

320 783 340 829 g
367 784 423 816 55.
446 781 585 824 Etcum,
608 781 784 816 secundum
808 782 1018 827 evangelicam

246 832 446 871 -veritateui,
474 831 527 877 qui
550 830 695 864 mandata
723 830 781 865 Dei
805 840 931 877 propter
957 840 1020 865 tra-

272 880 409 915 ditiones
432 879 705 925 transgrediuntur
730 880 894 920 humanas,
917 893 932 914 a
955 880 1021 914 Do-

272 930 358 964 mino
384 938 566 975 arguantur:
590 929 766 964 arctissime
794 929 1021 973 interdicimus,

272 991 310 1013 ne
339 988 468 1026 propter
491 986 613 1013 nostras
643 978 826 1013 traditiones
860 979 904 1012 vel
943 991 1022 1013 con—

270 1028 463 1072 stitutiones,
485 1028 641 1074 regularia
664 1027 700 1061 B.
725 1027 886 1062 Benedicti
910 1035 1021 1062 statuta

271 1077 470 1124 aliquatenus
492 1077 686 1111 omittantur.

320 1126 340 1173 S
368 1129 424 1161 54.
453 1125 495 1161 Ut
517 1126 610 1171 igitur
633 1126 814 1160 huiusmodi
839 1125 1021 1161 mandatum

272 1175 399 1210 lucerna
423 1175 463 1210 sit
497 1175 597 1214 vobis,
638 1175 698 1215 lex,
737 1174 802 1215 lux,
839 1175 884 1208 via
922 1176 1024 1214 ritae,

274 1225 447 1271 increpatio
469 1224 668 1270 disciplinae,
702 1224 936 1258 universitatem
971 1236 1025 1258 ve-

273 1283 368 1308 stram
392 1285 560 1308 monemus
586 1282 617 1307 et
645 1273 809 1307 hortamur
826 1280 955 1317 attente,
971 1285 1026 1320 per

272 1322 443 1370 apostolica
471 1322 559 1356 vobis
581 1323 695 1368 scripta
726 1322 754 1356 in
796 1322 908 1356 virtute
945 1335 1025 1356 san—

273 1382 340 1406 ctae
372 1371 571 1406 obedieutiae
608 1370 753 1405 districte
799 1371 1025 1417 praecipiendo

273 1420 471 1459 mandantes,
494 1428 651 1467 quatenus
674 1429 798 1454 mentes
837 1429 956 1454 vestras
995 1428 1025 1453 et

273 1470 408 1509 animos,
432 1477 591 1516 tamquam
615 1469 792 1503 devotionis
828 1469 1026 1503 obedientiae

274 1518 341 1563 lilii,
364 1519 402 1553 ad
432 1530 540 1565 pacem
569 1526 597 1552 et
621 1519 759 1565 quietem
798 1526 932 1552 vestram
973 1530 1027 1552 so-

275 1568 359 1602 licite
381 1567 567 1614 dirigentes,
596 1568 786 1614 praescripta
814 1576 925 1601 statuta
961 1575 1027 1601 stu-

274 1617 373 1652 deatis
399 1616 619 1651 inviolabiliter
656 1616 846 1660 observare,
885 1616 922 1651 ad
960 1616 1027 1650 sru-

275 1678 345 1711 gem
375 1666 514 1700 melioris
537 1666 615 1700 vitae
638 1667 795 1710 conversi,
831 1666 1028 1700 ascensioni-

276 1715 333 1750 bus
356 1717 385 1750 in
409 1715 504 1750 eorde
525 1715 701 1762 dispositis,
722 1715 761 1749 de
783 1715 879 1761 gratia
903 1715 932 1748 in
961 1727 1029 1761 gra-

277 1765 362 1805 tiam,
382 1773 412 1799 et
439 1764 478 1799 de
502 1765 615 1799 vii-tute
637 1765 837 1812 proficientes
860 1764 1028 1799 salubriter

277 1815 306 1848 in
330 1815 490 1854 virtutem,
518 1814 621 1849 bonus
644 1815 673 1848 in
701 1815 786 1849 omni
811 1814 879 1848 loco
908 1813 1028 1848 ellicia-

277 1863 351 1897 mini
374 1864 452 1898 odor
473 1862 606 1898 Christi:
630 1876 750 1909 nosque
774 1865 803 1898 in
827 1863 939 1897 vestris
956 1875 1027 1897 me—

277 1913 346 1947 ritis
372 1912 531 1951 delectati,
558 1913 594 1947 ad
625 1912 784 1959 profectus
812 1921 931 1946 vestros
960 1924 1028 1946 me-

278 1962 336 1996 rito
361 1961 523 1996 intendere
553 1962 723 1996 valeamus.

324 2011 440 2045 Datum
468 2009 566 2045 Reate
594 2023 616 2045 ιι
647 2011 717 2044 idus
739 2010 908 2057 septemb,
940 2018 1026 2056 pout.

277 2061 372 2095 nostri
402 2072 485 2095 anno
506 2071 542 2094 lt.

295 2117 355 2146 Dat.
373 2117 419 2146 die
436 2117 472 2145 49
489 2116 666 2156 septembris
683 2116 768 2153 1289,
788 2121 864 2155 pont.
882 2125 958 2145 anno
980 2125 1007 2145 ιι.

638 2243 689 2278 vi.

280 2318 372 2358 Quod
409 2327 564 2361 processus
605 2316 704 2349 habiti
735 2326 793 2360 per
835 2315 1028 2359 inquisitores

326 2372 434 2399 contra
473 2366 636 2399 haereticos
682 2366 773 2398 etiam
813 2372 881 2409 post
914 2364 1030 2397 obitum

329 2416 446 2459 Papae,
473 2426 492 2448 α
514 2427 573 2459 quo
595 2415 734 2459 deputati
759 2415 893 2457 fuerant,
932 2413 1030 2446 validi

327 2465 497 2498 habeantur
518 2466 572 2506 (1).

546 2527 759 2558 SUMMARIUM

278 2592 389 2621 Causae
407 2592 527 2621 decreti.
543 2608 581 2612 —
600 2590 761 2619 Decretum.

315 2656 354 2691 (1)
370 2657 409 2684 Ex
427 2658 532 2691 Regest.
550 2656 634 2682 Vatic.

1698 273 1763 305 103

1058 341 1182 370 Nicotaus
1205 343 1347 377 episcopus
1377 349 1472 370 servus
1503 348 1643 370 sorvorum
1684 341 1742 376 Dei,
1773 341 1812 369 ‹ti-

1103 391 1183 419 tectis
1216 391 1281 419 filiis
1300 390 1439 419 fratribus
1460 391 1562 419 ordinis
1593 390 1815 419 Praedicatorum

1103 439 1314 475 inquisitoribus
1333 440 1489 468 haereticae
1512 441 1666 475 pravitatis
1693 440 1815 468 auctori-

1104 489 1163 516 tate
1183 489 1257 517 sedis
1276 488 1447 524 apostoticae
1466 490 1621 524 deputatis,
1643 491 1672 517 ot
1682 489 1814 524 imposto-

1102 543 1163 565 rum
1182 537 1355 573 deputandis,
1380 538 1500 566 satutem
1516 539 1544 567 et
1565 538 1743 573 apostoticam
1768 537 1815 565 be-

1101 586 1289 615 nedictionam.

1108 651 1154 686 Ne
1182 651 1276 698 aliqui
1313 651 1543 686 dubitationem
1586 652 1689 686 forsan
1727 653 1814 688 solli·

1060 701 1151 735 eitam
1176 702 1358 740 excitantes,
1401 701 1430 735 in
1466 701 1600 735 dubium
1640 710 1814 747 revocent,

1060 763 1098 785 an
1129 762 1296 797 processus
1319 762 1373 796 per
1412 762 1479 795 VOS,
1519 750 1637 797 quibus
1674 751 1812 797 inquisi—

1062 800 1156 834 tionis
1184 799 1321 834 officium
1346 808 1454 834 contra
1478 811 1640 846 respersos
1660 800 1816 834 haeretica

1062 850 1212 896 praxitate
1236 849 1312 883 infra
1346 858 1449 884 certos
1493 849 1609 883 limites
1642 849 1743 883 extitit
1778 849 1817 884 ab

1062 898 1245 945 Apostolica
1274 898 1358 933 Sede
1380 898 1603 938 commissum
1626 898 1655 931 in
1693 898 1819 932 casibus

1062 947 1227 994 aliquibus
1254 947 1362 987 habiti
1390 947 1443 1002 qui
1470 955 1540 994 post
1567 946 1701 981 Romani
1727 946 1819 981 Pon-

1063 997 1156 1032 tilicis
1193 997 1329 1039 obitum,
1372 996 1465 1031 cuius
1502 996 1688 1031 auctoritate
1732 996 1819 1030 vobis

1064 1046 1145 1081 idem
1170 1054 1217 1080 est
1251 1047 1457 1080 commissum
1494 1045 1646 1088 officium,
1680 1057 1820 1079 emerse—

1065 1103 1150 1136 runt,
1177 1103 1208 1128 et
1235 1095 1265 1129 in
1291 1095 1449 1129 nonnullis
1475 1095 1557 1136 aliis,
1587 1095 1617 1128 in
1641 1094 1758 1141 quibus
1779 1094 1821 1128 li-

1065 1153 1114 1179 cet
1140 1151 1228 1178 antea
1252 1144 1467 1186 emersissent,
1489 1144 1612 1178 vivente
1637 1151 1740 1178 tamen
1765 1155 1820 1177 eo—

1065 1193 1135 1228 dem
1164 1191 1309 1227 Romauo
1332 1193 1498 1237 pontifice,
1521 1205 1577 1239 per
1593 1204 1648 1226 vos
1671 1192 1716 1226 vel
1740 1192 1820 1226 alios

1066 1242 1269 1288 inquisitores
1292 1242 1469 1289 praedictos
1492 1254 1553 1276 non
1577 1241 1678 1275 fuerat
1712 1241 1819 1288 aliquo

1066 1291 1161 1325 modo
1191 1303 1387 1337 processum,
1409 1290 1506 1325 robur
1532 1290 1694 1325 obtineant
1721 1290 1820 1324 tirmi-

1067 1340 1147 1379 tatis
1177 1348 1284 1374 tenore
1308 1340 1521 1387 praesentium
1546 1340 1575 1373 in
1606 1338 1742 1373 favorem
1782 1338 1821 1372 fi-

1067 1389 1115 1424 dei
1140 1388 1351 1429 decimamus,
1369 1388 1572 1422 decernimus
1593 1396 1622 1421 et
1645 1388 1738 1422 etiam
1756 1395 1820 1422 sta-

1067 1439 1197 1480 tuimus,
1221 1437 1403 1472 huiusmodi
1444 1437 1644 1483 piocessibus
1685 1449 1740 1483 per
1766 1447 1821 1470 vos

1067 1495 1119 1520 aut
1141 1487 1218 1520 alios
1262 1487 1465 1533 inquisitores
1503 1485 1680 1532 praedictos
1720 1484 1821 1519 taliter

1068 1536 1181 1570 habitis
1205 1547 1404 1582 nequaquam
1445 1535 1581 1573 obstare,
1619 1534 1703 1581 quod
1741 1542 1821 1568 tem-

1069 1598 1144 1631 pore
1168 1585 1302 1619 Romani
1322 1584 1496 1623 Pontificis,
1520 1585 1612 1617 cuius
1633 1583 1821 1618 auctoritate

1069 1634 1251 1669 huiusmodi
1275 1633 1366 1668 officii
1404 1641 1471 1668 erat
1511 1633 1587 1667 sacta
1624 1632 1820 1675 commissio,

1069 1695 1131 1718 uon
1160 1684 1275 1718 suerint
1297 1683 1447 1718 inchoati.

1117 1733 1156 1767 Et
1180 1745 1218 1766 ne
1241 1732 1279 1766 de
1292 1740 1415 1767 caetero
1433 1731 1567 1766 similem
1591 1730 1818 1765 dubitationem

1069 1784 1184 1817 moveri
1208 1782 1381 1827 contingat,
1409 1781 1469 1815 hoc
1497 1781 1578 1814 idem
1609 1782 1638 1813 in
1662 1779 1819 1814 similibus

1070 1831 1272 1878 processibus
1298 1830 1452 1865 habendis
1480 1831 1688 1877 imposterum
1728 1840 1822 1875 prae-

1070 1889 1152 1915 textu
1185 1880 1446 1915 commissionum
1485 1880 1635 1913 factarum
1669 1878 1821 1912 hactenus

1069 1939 1097 1964 et
1126 1930 1340 1964 faciendarum
1368 1941 1384 1963 a
1409 1928 1499 1963 nobis
1528 1927 1573 1961 vel
1602 1928 1717 1962 nostris
1752 1939 1821 1961 suc-

1070 1979 1250 2013 cessoribus
1277 1979 1480 2012 decernimus
1501 1985 1531 2011 et
1562 1977 1731 2011 statuimus
1768 1976 1821 2009 ol)—

1069 2029 1197 2062 servari.
1222 2027 1305 2061 Nulli
1331 2040 1404 2072 ergo
1427 2027 1555 2060 omuino
1584 2025 1747 2059 hominum
1781 2024 1821 2058 ti-

1069 2085 1135 2111 ceat
1160 2077 1239 2111 hanc
1260 2077 1403 2123 paginam
1428 2083 1606 2109 nostrorum
1629 2073 1820 2108 declaratio-

1070 2127 1131 2170 nis,
1145 2126 1379 2160 constitutionis
1394 2133 1424 2159 et
1437 2124 1553 2159 decreti
1584 2123 1754 2169 infringere
1766 2130 1819 2155 etc,

1119 2175 1235 2209 Datum
1259 2174 1341 2220 apud
1377 2173 1494 2208 Urbem
1537 2172 1683 2207 Veterem
1728 2171 1820 2205 tertio

1070 2224 1221 2268 kalendas
1244 2224 1321 2263 iulii,
1346 2222 1547 2270 pontificatus
1562 2221 1660 2256 nostri
1675 2231 1819 2254 annoni.

1120 2281 1181 2311 Dat.
1206 2282 1252 2311 die
1268 2281 1305 2310 -29
1322 2281 1395 2310 iunii
1414 2279 1498 2316 1290,
1515 2278 1615 2318 pontis.
1634 2286 1710 2308 anno
1728 2285 1768 2306 ni.

1415 2407 1482 2442 Vll.

1071 2482 1273 2527 Confirmatio
1294 2481 1449 2514 ermeccioms
1474 2477 1728 2523 Ulyxepponensis
1741 2478 1822 2510 Aca-

1119 2532 1252 2568 demiae,
1288 2541 1365 2573 quae
1404 2529 1498 2562 variis
1537 2534 1667 2561 ornatui
1691 2526 1826 2571 privile*

1121 2581 1207 2624 leqiis
1234 2581 1259 2619 (1
1269 2584 1289 2621 ).

1106 2655 1144 2686 (1)
1162 2654 1199 2679 Ex
1217 2652 1353 2687 Raynaldo
1370 2651 1400 2676 ad
1417 2659 1477 2677 ann>
1502 2651 1580 2678 1290.
1601 2650 1616 2684 S
1638 2650 1679 2675 5⁹2.

1837 283 1885 308 An.
1919 282 2010 307 (7129

1835 663 1914 683 Causae
1927 664 1974 682 deci
1981 667 2018 682 eti.

1865 1742 1984 1762 [Decretum.
