2274 3265
252 260 297 285 An.
315 261 340 285 (1.
364 262 426 287 ΜΞΝ

248 327 286 342 nne
303 326 374 342 contra
389 322 430 341 lim-

248 353 324 372 renem

254 1162 369 1189 Eurinuqne.
379 1164 423 1183 Ι,ιι1-

242 1199 302 1214 toras
328 1198 360 1213 etr

245 2406 371 2431 [tutiusque
381 2412 401 2425 n
403 2412 421 2425 ιιι

241 2440 329 2457 vitantes

504 248 569 280 too

448 324 553 346 versos
581 311 767 350 haereticos,
801 309 965 353 catharos,
989 309 1194 353 Patlntrenos

448 361 606 407 Panperes
627 360 666 394 de
694 359 861 405 lnigdtino,
883 359 1082 406 passaginos,
1103 359 1193 395 lose-

446 412 549 455 pinos,
579 409 785 449 Arnaldistas,
822 407 1021 455 Speronistas
1060 418 1089 444 et
1116 410 1194 444 alios

443 459 697 505 quibuscumque
722 458 903 493 nominibus
925 467 1126 501 censeamur,
1155 459 1195 492 fa-

442 510 506 542 cies
529 509 656 555 quidem
682 508 833 543 habentes
855 508 1014 551 diversas7
1037 509 1090 542 sed
1117 521 1193 543 cau-

441 557 496 592 das
518 560 554 592 ad
581 559 714 592 inme-11
738 558 915 604 colligatas,
943 559 1015 605 qnia
1039 557 1078 592 de
1100 558 1193 592 vani-

441 616 502 642 tate
517 608 709 642 conveniunt
734 608 762 642 in
784 607 932 655 idipsum.
962 607 1106 641 Damnati
1123 620 1193 641 vero

441 669 497 704 per
536 657 711 692 Ecclesiam
748 657 898 691 saeculari
940 656 1055 691 iudicio
1098 656 1192 690 relin-

440 716 576 754 quantur
598 707 869 741 animadversione
897 705 1000 740 debita
1029 706 1191 752 puniendi

440 757 562 791 clericis
587 757 673 804 prius
695 769 709 790 a
730 756 794 790 suis
816 756 980 790 ordinibus
1003 755 1191 801 degradatis

439 805 472 840 Si
501 806 570 853 quis
597 815 700 841 autem
735 806 774 840 de
807 805 989 853 praedictis,
1027 813 1190 852 postquam

440 855 554 889 fuerint
590 855 795 902 deprehensi,
823 854 923 889 redire
962 853 1116 890 voluerint
1153 854 1190 890 ad

439 905 591 951 agendam
639 905 827 951 condignam
875 904 1119 950 poenitentiam,
1160 904 1189 939 iu

440 963 591 1001 perpetuo
625 966 748 989 carcerc
776 953 998 987 detrudantur:
1027 954 1191 988 credentes

438 1012 542 1038 autem
577 1017 685 1038 eornm
722 1003 880 1038 erroribus
907 1002 1052 1037 similiter
1080 1003 1192 1038 liaere-

440 1054 517 1088 tit-os
545 1053 733 1088 iudicamus.

487 1107 501 1146 ἓ
531 1105 561 1136 1.
599 1103 673 1137 ltem
701 1110 921 1149 receptatores,
957 1101 1139 1137 defensores
1161 1112 1189 1138 et

439 1153 576 1187 lautores
598 1152 827 1187 haereticorum
853 1152 1190 1186 excommunicationis

438 1203 611 1237 sententiae
633 1202 831 1237 decernimus
854 1202 1035 1236 subiacere:
1061 1201 1191 1236 firmiter

439 1260 632 1293 statuentes
667 1261 698 1286 ut
733 1252 757 1286 si
787 1260 952 1298 postquim
981 1251 1113 1298 quilibet
1143 1260 1190 1285 ta-

439 1302 513 1336 lium
538 1302 629 1337 suerit
654 1301 983 1336 excommunicatione
1005 1309 1141 1345 notatus,
1163 1301 1188 1335 si

438 1351 615 1386 satisfacere
638 1351 862 1397 contempserit
885 1351 962 1384 iulia
991 1362 1125 1395 annum,
1153 1363 1188 1385 ex

439 1410 512 1435 tnnc
535 1401 603 1447 ipso
629 1401 695 1435 iure
718 1401 755 1435 sit
784 1400 883 1434 factus
912 1399 1046 1440 infamis,
1072 1413 1129 1435 nec
1151 1400 1187 1434 ad

440 1451 564 1497 publica
593 1450 695 1485 officia
722 1462 776 1485 seu
808 1449 959 1489 consilia,
988 1462 1045 1484 nec
1071 1449 1108 1484 ad
1132 1450 1190 1484 eli-

437 1500 557 1545 gendos
592 1500 715 1547 aliquos
749 1498 786 1534 ad
819 1498 1015 1538 huiusmodi,
1056 1511 1112 1533 nec
1150 1500 1187 1534 ad

439 1551 653 1584 testimonium
681 1550 880 1584 admittatur:
916 1549 957 1583 sit
988 1548 1079 1583 etiam
1109 1549 1189 1583 inte-

437 1599 570 1643 stabilis,
595 1613 651 1634 nec
668 1599 843 1634 testamenti
873 1598 983 1632 lrabeat
1011 1597 1188 1643 factionem,

437 1662 494 1684 nec
515 1650 552 1684 ad
577 1649 777 1684 haereditatis
792 1649 1026 1683 successionem
1051 1648 1187 1683 accedat.

436 1698 549 1734 Nullus
581 1708 739 1746 praeterea
769 1699 826 1745 ipsi
862 1711 958 1745 snper
984 1710 1188 1745 quocumque

437 1749 579 1795 negotio.
615 1749 669 1783 sed
706 1749 774 1795 ipse
809 1748 877 1781 aliis
910 1747 1102 1795 respondere
1135 1760 1187 1782 co-

436 1808 537 1844 gatur.
560 1798 652 1840 Quod
677 1798 702 1831 si
732 1798 810 1832 sorte
830 1799 923 1832 iudex
946 1797 1098 1842 extiterit,
1121 1798 1188 1832 eius

436 1850 590 1883 sententia
615 1848 732 1882 nullam
756 1847 894 1881 obtineat
917 1847 1107 1888 firmitatem,
1131 1860 1189 1882 nec

437 1910 548 1933 causae
575 1897 698 1945 aliaque
726 1897 762 1931 ad
800 1898 867 1931 cius
902 1897 1094 1932 audientiam
1125 1910 1190 1943 per-

437 1947 584 1982 ferantur.
611 1947 643 1982 Si
672 1947 764 1981 suerit
791 1946 971 1984 advocatus,
994 1948 1063 1980 eius
1091 1956 1187 1992 patro-

437 1997 553 2031 cinium
577 1997 756 2031 nullatenus
778 1995 969 2030 admittatur.
993 1997 1025 2030 Si
1050 1995 1187 2036 tabellio,

438 2047 646 2082 instrumenta
673 2046 813 2081 confecta
845 2059 899 2093 per
933 2046 1035 2092 ipsum
1074 2046 1188 2081 nullius

437 2097 563 2143 penitus
585 2097 646 2131 sint
677 2096 842 2130 momenti:
878 2096 932 2129 sed
966 2108 1037 2130 cum
1061 2104 1187 2130 auctore

436 2149 583 2181 (launnato
606 2146 805 2189 damnentur,
828 2146 901 2179 etin
918 2145 1075 2179 similibus
1105 2145 1186 2179 idem

438 2196 648 2243 praecipimus
680 2195 855 2230 observari:
892 2195 917 2229 si
947 2208 1018 2229 vero
1054 2195 1188 2229 clericus

437 2246 540 2289 fuerit,
574 2246 612 2280 ab
639 2246 724 2280 omni
761 2245 863 2279 officio
897 2253 924 2279 et
955 2245 1109 2279 beneficio
1132 2245 1187 2279 de-

437 2305 579 2343 ponatur.

484 2350 541 2389 §⁹2
548 2346 614 2381 .Si
642 2346 694 2392 qui
724 2353 827 2379 autem
857 2344 932 2379 tales
962 2352 1126 2392 postquam
1149 2344 1187 2379 al)

437 2373 575 2430 Ecclesia
598 2395 712 2429 fuerint
734 2394 884 2439 denotati,
911 2396 1028 2429 evitare
1052 2402 1187 2429 contem-

438 2446 565 2491 pscrint
586 2422 924 2480 excominuuicatioiiis
946 2444 1100 2479 sententia
1122 2456 1188 2490 pet-

436 2496 612 2536 cellantnr3
653 2495 729 2530 alias
769 2494 1040 2529 animadversione
1081 2493 1185 2528 debita

297 2567 319 2579 St
342 2568 369 2579 ιη
439 2545 603 2600 puniendi.
631 2544 692 2586 Qui
718 2554 820 2579 autem
845 2544 960 2579 inventi
985 2543 1099 2579 fuerint
1120 2543 1186 2578 sola

437 2595 614 2649 suspicione
643 2595 807 2636 notabiles,
833 2594 892 2628 nisi
927 2594 1009 2628 iuxta
1039 2593 1186 2628 conside-

439 2645 588 2678 rationem
612 2645 819 2690 suspicionis
848 2643 1095 2690 qualitatemque
1115 2656 1186 2690 pct-

1043 255 1140 278 uuna
1147 256 1228 278 tuum
1257 255 1415 278 ttOMANUM

1235 323 1330 344 sollae
1355 322 1511 357 PP'OPURU]
1530 309 1738 343 innocentiam
1759 321 1896 355 congrua
1916 322 1987 357 pul*-

1234 359 1358 404 gatione
1379 357 1629 399 monstraverint,
1651 357 1861 393 anathematis
1881 358 1986 405 gladio

1236 409 1397 453 feriantur,
1424 416 1455 443 ct
1479 419 1577 455 usque
1595 407 1632 442 ad
1656 406 1898 443 satisfactionem
1915 420 1988 443 con-

1234 458 1358 504 dignam
1382 458 1422 493 ab
1443 457 1592 492 omnibus
1619 457 1794 491 evitentur:
1832 457 1871 492 ita
1901 457 1986 505 quod

1234 508 1258 541 si
1289 520 1343 553 per
1366 520 1485 542 anuum
1511 508 1540 541 in
1564 506 1892 542 excommunicatione
1916 519 1988 553 per·

1235 557 1393 597 stiterint,
1430 567 1504 592 tunc
1540 557 1624 592 velut
1660 556 1805 591 haeretici
1834 555 1987 591 condem-

1235 616 1358 640 nentur.
1400 606 1475 641 ltem
1505 606 1766 653 proclamationes
1789 613 1842 640 aut
1875 607 1987 660 appel-

1235 656 1363 691 latrones
1398 656 1579 691 huiusmodi
1616 668 1822 703 personarum
1856 655 1986 691 minime

1233 705 1412 739 audiantur.

1238 783 1247 791 .
1282 759 1296 798 ἓ
1326 758 1356 789 5.
1384 754 1462 789 Item
1491 755 1630 796 iudices,
1658 755 1797 790 advocati
1820 763 1850 789 et
1874 755 1984 790 notarii

1234 804 1310 838 nulli
1346 817 1455 839 eorum
1491 805 1628 839 officium
1661 817 1754 839 suum
1784 804 1984 852 impendant,

1232 853 1371 900 alioquin
1396 854 1507 888 eodem
1531 854 1634 888 officio
1661 863 1816 902 perpetuo
1843 855 1905 890 sint
1922 855 1984 902 pri-

1234 904 1302 937 vati.
1332 903 1407 937 Item
1438 903 1541 937 clerici
1580 917 1640 938 non
1671 904 1841 939 exhibeant
1871 904 1984 939 liuius-

1233 953 1316 987 modi
1358 952 1578 1000 pestilentibus
1623 954 1832 988 ecclesiastica
1877 966 1983 989 sacra-

1233 1010 1349 1043 menta
1374 1014 1430 1037 nec
1466 1001 1683 1049 eleemosynas
1721 1011 1774 1037 aut
1807 1002 1983 1038 oblationes

1232 1064 1341 1086 forum
1378 1052 1537 1098 recipiant
1582 1051 1735 1087 Similiter
1762 1052 1983 1099 Hospitalarii‚

1231 1110 1285 1136 aut
1299 1101 1551 1148 Templarii,aut
1564 1101 1697 1149 quilibet
1719 1102 1890 1148 regulares,
1913 1102 1984 1137 alio-

1231 1152 1307 1198 quin
1331 1163 1388 1186 suo
1412 1151 1574 1198 priventur
1597 1151 1717 1193 offici03
1740 1151 1777 1186 ad
1800 1151 1884 1198 quod
1908 1164 1985 1186 nun-

1231 1214 1324 1247 quam
1355 1201 1565 1235 restituantur
1592 1201 1712 1249 alisque
1747 1200 1869 1235 indulto
1891 1200 1983 1236 Sedis

1231 1250 1432 1297 Apostolicae
1455 1251 1596 1298 speciali.

1279 1304 1294 1343 ξ
1321 1303 1353 1334 4.
1382 1299 1458 1335 Item
1492 1301 1683 1347 quicumque
1715 1300 1792 1335 tales
1820 1312 1983 1348 praesum-

1232 1351 1351 1396 pserint
1378 1349 1608 1384 ecclesiasticae
1632 1349 1755 1385 tradere
1782 1350 1982 1397 sepulturae⁷

1233 1411 1331 1446 usque
1353 1399 1390 1433 ad
1418 1398 1661 1434 satisfactionem
1682 1399 1827 1434 idoneam
1852 1411 1982 1434 excom-

1232 1448 1453 1484 municationis
1479 1450 1654 1483 sententiae
1681 1461 1715 1484 se
1742 1449 1887 1484 noverint
1905 1449 1982 1484 sub-

1232 1499 1349 1543 iacere,
1377 1511 1434 1533 nec
1457 1498 1667 1533 absolutionis
1702 1498 1889 1533 beneficium
1914 1510 1982 1533 me-

1232 1556 1373 1589 reantur,
1416 1549 1474 1582 nisi
1510 1549 1645 1603 propriis
1678 1548 1822 1583 manibus
1857 1547 1982 1596 publice

1230 1599 1429 1632 extumulent
1456 1606 1486 1631 et
1516 1598 1680 1644 proiiciant
1703 1598 1882 1633 huiusmodi
1911 1609 1982 1632 cor-

1232 1659 1304 1693 pora
1328 1648 1559 1688 damnatoiQum
1582 1655 1614 1698 et
1634 1648 1721 1682 locus
1750 1647 1802 1683 ille
1829 1656 1981 1695 perpetua

1230 1705 1331 1731 careat
1353 1697 1525 1744 sepultura

1278 1751 1294 1789 ἓ
1316 1748 1349 1781 5.
1372 1746 1448 1782 Item
1477 1746 1609 1781 firmiter
1635 1746 1828 1786 inhibemus
1851 1758 1891 1781 ne
1917 1746 1981 1782 cui·

1230 1809 1323 1843 quam
1348 1797 1443 1831 laicae
1467 1808 1619 1843 personae
1653 1796 1741 1831 lictat
1772 1795 1898 1844 publice
1933 1796 1978 1830 vel

1232 1846 1373 1893 privatim
1397 1849 1435 1881 de
1458 1846 1518 1880 fide
1545 1847 1696 1881 catholica
1720 1846 1895 1894 disputare:
1925 1845 1978 1893 qui

1232 1907 1302 1930 vero
1323 1896 1553 1938 contrafecerit,
1576 1896 1914 1931 excommunicationis
1942 1896 1981 1929 la—

1229 1958 1312 1993 queo
1335 1945 1516 1980 innodetur.

1278 2000 1293 2039 §
1320 1999 1352 2030 6.
1382 1995 1458 2030 Item
1487 1995 1512 2029 si
1542 1996 1614 2042 quis
1640 1995 1816 2030 haereticos
1837 1995 1980 2039 sciverit,

1231 2044 1277 2079 vel
1317 2046 1438 2092 aliquos
1477 2045 1599 2080 occulta
1636 2044 1853 2080 conventicula
1896 2044 1980 2079 cele-

1230 2094 1375 2139 brantes,
1412 2107 1467 2129 seu
1503 2107 1518 2129 a
1546 2095 1707 2130 communi
1744 2094 1981 2129 conversatione

1231 2144 1369 2178 fidelium
1400 2145 1459 2179 vita
1482 2153 1511 2177 et
1536 2144 1674 2179 moribus
1701 2144 1903 2188 dissidentes,
1926 2155 1980 2178 eos

1229 2194 1352 2229 studeat
1385 2194 1522 2228 indicare
1554 2194 1725 2228 confessori
1752 2206 1831 2233 suo,
1860 2194 1905 2228 vel
1928 2193 1979 2228 alii

1231 2256 1285 2290 per
1322 2255 1415 2290 quem
1450 2244 1555 2278 credat
1578 2244 1614 2278 ad
1646 2244 1772 2291 praelati
1804 2244 1851 2278 sui
1874 2252 1904 2278 et
1932 2243 1980 2277 in-

1229 2293 1416 2340 quisitorum
1445 2293 1618 2329 haereticae
1652 2293 1812 2340 pravitatis
1838 2293 1978 2328 notitiam

1231 2344 1410 2389 pervenire:
1461 2343 1596 2390 alioquin
1641 2343 1979 2379 excommunicationis

1229 2394 1381 2427 sententia
1405 2393 1601 2439 percellatur.
1627 2392 1785 2429 Haeretici
1814 2402 1916 2428 autem
1948 2401 1979 2427 et

1230 2451 1457 2490 receptatoi·cS,
1492 2443 1674 2478 defensores
1703 2453 1733 2479 et
1760 2443 1897 2478 fautores
1929 2453 1980 2477 eo-

1230 2505 1314 2538 rum,
1343 2493 1548 2540 ipsorumque
1577 2493 1629 2528 filii
1659 2506 1757 2540 usque
1791 2493 1828 2528 ad
1863 2503 1978 2527 secun-

1228 2542 1298 2577 dam
1330 2544 1566 2589 generationem
1602 2543 1639 2577 ad
1675 2543 1797 2578 nullum
1825 2541 1977 2578 ecclesia-

1227 2593 1340 2627 sticum
1370 2592 1559 2628 beneficium
1600 2606 1656 2628 scu
1691 2593 1827 2628 officium
1864 2592 1977 2626 admit-

1267 2656 1305 2690 (ι)
1325 2656 1388 2682 Vide
1409 2657 1519 2683 Constit.
1539 2664 1597 2682 xxv
1618 2656 1760 2683 innocentii
1779 2655 1822 2681 Ill.

2002 257 2049 283 An.
2069 257 2097 284 C.
2118 257 2180 283 ΗΜ

2013 762 2070 782 Atiae
2094 756 2182 789 [mena‘e.

2016 1311 2166 1332 neeleamites

1997 1343 2091 1369 privandi
2108 1344 2180 1369 sepul-

1997 1377 2042 1394 tura

2008 1751 2075 1772 Laicis
2093 1753 2180 1773 ιιιιει-ιιι-

1994 1786 2069 1804 cuntur
2093 1784 2118 1804 de
2140 1783 2178 1804 fid·

1994 1818 2082 1835 controv
2107 1815 2145 1841 (l)

2008 2004 2037 2024 B
2028 2011 2058 2025 et
2066 2007 2105 2025 etit
2097 2007 2114 2026 ιι
2139 2012 2178 2032 pu—

1994 2037 2035 2058 biit
2039 2039 2084 2059 andi
