2274 3265
114 247 162 272 An.
184 247 296 273 C.1556

909 246 1057 267 {insumet
1070 247 1103 267 rs
1127 245 1168 266 xii
1201 245 1248 266 rr».
1740 232 1808 263 finti

362 301 382 345 ,ξ
409 303 465 334 21.
494 301 618 347 Singuli
639 314 763 347 quoque
787 300 918 334 ministri
943 300 1065 346 provin-

177 363 187 374 ν
211 362 297 376 *ww
314 349 420 388 ciales,
450 350 491 384 illi
517 350 681 394 videlicet,
710 351 760 396 qui
791 362 899 396 parvas
930 350 1064 395 siugulis

205 393 235 406 Μ’
256 394 288 437 “,“.’“
313 399 417 443 arinis,
439 400 491 445 qui
514 412 584 434 vcro
605 412 733 445 maguus·
753 399 866 433 liabent
891 399 1065 445 provincias

314 449 352 483 dc
377 449 510 483 triennio
540 450 569 483 iu
595 449 766 483 triennium
791 448 827 482 ad
853 450 959 482 miuus
987 460 1065 482 con-

316 506 426 533 ventus
448 507 479 532 ct
500 498 557 532 alia
582 498 646 532 loca
681 511 808 532 suarum
834 497 1063 542 provinciarum

316 548 442 582 visitare
483 556 511 582 et
546 547 707 594 complere
740 547 768 581 in
802 547 847 581 eis
881 546 1065 581 visitationis

315 597 452 631 officium
482 605 661 631 teneantur:
693 596 776 643 qnod
817 596 856 640 si,
891 595 1064 630 rationabili

315 659 408 681 causa
434 654 594 690 cessante,
623 658 683 680 non
714 645 855 685 l'ecerint,
883 657 898 679 a
926 646 991 680 suis
1007 645 1066 679 mi-

317 696 455 730 nisteriis
477 695 611 729 debeant
634 696 784 730 amoveri.
808 694 970 729 Praesatus
992 707 1068 740 quo-

315 758 377 791 que
399 744 556 791 generalis
582 744 725 778 minister
757 753 899 779 teneatur
935 744 1067 779 fideliter

316 795 418 829 lacere
441 793 622 828 relationem
650 793 679 827 in
703 794 841 840 capitulo
863 794 1000 839 gotterali
1029 793 1067 827 de

315 852 398 878 statu
417 842 660 890 provinciarum,
683 855 764 889 qnae
781 856 834 889 per
856 855 927 877 eum
954 843 1067 877 suerint

317 893 472 932 visitatae;
495 900 525 926 et
546 892 679 938 quilibet
703 892 904 939 provincialis
927 893 1068 926 minister

317 943 347 976 iu
375 941 487 975 eodem
512 941 650 988 capitulo
673 941 812 986 generali
839 941 897 975 boc
917 941 997 975 idem
1022 941 1068 976 fa-

316 1004 387 1026 cere
420 999 561 1025 teneatur
589 990 627 1024 de
666 999 747 1024 statu
790 990 967 1037 provinciae
1007 990 1067 1025 sibi

317 1040 527 1080 commissam
550 1047 578 1074 ct
594 1040 790 1086 quicumque
813 1040 880 1078 alit,
904 1039 956 1087 qui
990 1052 1069 1086 pro-

318 1090 435 1125 vincias
463 1088 645 1123 visitabunt.

367 1140 386 1186 g
413 1142 470 1173 22.
503 1138 584 1180 Quia
616 1150 688 1172 vero
715 1139 797 1172 cirea
824 1138 1011 1173 electionem
1041 1145 1071 1172 et

211 1201 233 1213 ¹¹
254 1200 300 1212 *0¹¹¹
320 1188 547 1222 institutionem
586 1187 801 1221 ministrorum
827 1188 1068 1232 provincialium

195 1263 209 1275 ι,
225 1230 302 1273 ’-”’»“.Ῐ“.ἶ
319 1247 363 1272 est
389 1249 445 1284 per
467 1237 725 1271 constitutionem
752 1236 849 1269 felicis
875 1236 1071 1271 recordatio-

227 1294 231 1305 ¹
266 1291 302 1305 ¹⁰*
319 1288 367 1321 nis
389 1286 563 1322 Clementis
578 1286 679 1332 Papae
696 1285 796 1332 quinti
822 1285 1072 1331 praedecessoris

320 1337 415 1371 nostri
450 1335 645 1370 sufficienter
668 1335 828 1381 provisum
845 1361 853 1376 ,
879 1335 953 1368 nibil
977 1347 1073 1381 super

320 1387 378 1421 boc
401 1385 554 1419 duximus
578 1383 805 1418 innovandum
833 1383 895 1418 Sed
925 1397 995 1418 cum
1019 1396 1073 1418 ea-

319 1435 390 1470 dem
411 1434 595 1469 constitutio
614 1434 644 1467 in
665 1433 871 1467 destitutione
887 1433 1071 1468 eorumdem

320 1485 535 1519 ministrorum
562 1482 801 1529 provincialium
826 1483 975 1517 reservari
1012 1495 1073 1517 vo-

320 1534 423 1573 luerit,
446 1532 530 1580 quod
556 1533 708 1567 hactenus
731 1533 760 1566 iu
786 1532 853 1578 ipso
877 1532 986 1566 ordine
1015 1545 1070 1566 ex·

320 1584 380 1617 titit
399 1583 612 1626 observatum,
636 1581 866 1616 observantiam
888 1581 1073 1616 huiusmodi

319 1645 390 1668 cum
405 1631 596 1679 quibusdam
614 1632 730 1665 nostris
759 1630 975 1666 additionibus
993 1632 1074 1665 dein-

319 1694 394 1729 ceps
417 1681 564 1716 volumus
587 1681 681 1715 modo
700 1680 882 1727 subscripto
906 1681 936 1715 in
964 1680 1075 1715 ordine

322 1731 471 1778 praedicto
502 1731 619 1765 teneri:
644 1729 804 1770 videlicet,
827 1730 912 1777 quod
942 1730 970 1764 in
995 1730 1076 1777 capi-

322 1782 386 1815 tulo
405 1780 542 1827 generali
564 1780 772 1827 provinciales
786 1779 919 1814 ministri
933 1792 1075 1826 semper,

320 1831 344 1865 si
358 1839 538 1878 praesentes
553 1830 680 1869 luerint,
705 1841 808 1875 perse
833 1829 1012 1864 renuntiare
1036 1837 1077 1864 te·

321 1888 465 1919 tremitur,
490 1879 535 1914 vel
560 1891 613 1926 per
636 1879 754 1923 literas7
777 1879 802 1913 si
820 1878 978 1923 absentes,
1001 1892 1077 1926 quo-

321 1942 390 1964 rum
416 1929 611 1963 renunciatio
635 1941 649 1962 a
673 1928 811 1975 generali
842 1928 1001 1971 ministro,
1030 1929 1075 1963 vel

321 1979 359 2014 ab
387 1978 444 2023 eis,
469 1979 521 2025 qui
538 1978 691 2012 tenebunt
713 1977 886 2025 capitulum
909 1977 976 2012 loco
995 1978 1076 2017 eius,

321 2041 392 2063 cnm
415 2040 545 2063 assensu
569 2027 723 2074 generalis
753 2027 880 2074 capituli
920 2040 974 2062 seu
1005 2041 1078 2062 ma—

322 2079 396 2112 ioris
420 2078 514 2124 partis
538 2091 670 2112 numero
688 2077 844 2117 eiusdem,
867 2077 891 2111 si
910 2076 1077 2118 videbitur,

322 2127 518 2162 admittatur.
545 2127 578 2161 In
603 2127 741 2173 capitulo
765 2134 867 2161 autem
893 2126 1076 2173 provinciali

323 2190 394 2211 cum
420 2177 611 2211 destituendi
635 2176 765 2221 suerint7
788 2176 1002 2211 destituantur
1025 2188 1079 2223 per

323 2227 441 2261 dictum
470 2226 648 2273 generalem
667 2254 674 2266 ‚
717 2226 761 2260 vel
798 2238 852 2272 per
888 2226 1077 2260 visitatorem

323 2288 420 2323 snper
448 2275 506 2310 boc
526 2275 563 2309 ab
600 2289 637 2309 eo
672 2275 848 2322 specialiter
876 2275 1077 2322 deputatum,

324 2326 362 2359 de
395 2337 552 2360 consensu
590 2325 690 2371 ipsius
719 2325 917 2371 provincialis
949 2325 1077 2371 capituli

325 2388 379 2409 seu
398 2375 524 2410 maioris
542 2375 635 2420 partis
658 2387 789 2408 numero
805 2374 958 2408 eiusdem.
983 2374 1077 2409 Extra

326 2437 398 2458 vero
422 2424 557 2471 capitula
590 2424 746 2470 praedicta
770 2436 830 2457 non
855 2423 1078 2465 destituantur,

327 2474 384 2508 nisi
411 2487 467 2520 pro
498 2474 581 2520 gravi
605 2474 738 2508 crimine
762 2474 897 2512 notorio,
925 2473 1078 2508 evidentia

327 2524 384 2565 rei7
414 2524 458 2557 vel
489 2523 626 2570 legitime
652 2522 782 2569 probato
803 2536 858 2557 seu
883 2523 1078 2564 coul'essato,

327 2574 391 2607 sive
415 2585 470 2619 pro
492 2572 712 2607 insufficientia
740 2572 914 2611 manifesta,
948 2573 994 2606 vel
1025 2586 1080 2619 pro

327 2623 375 2658 sni
399 2622 562 2669 regiminis
590 2622 755 2656 inutilitate
780 2622 925 2668 probat33
948 2630 978 2656 et
1006 2630 1080 2657 tunc

1876 242 1912 266 ‚tn
1938 241 1965 265 (Η
1988 239 2053 264 1336

1106 302 1157 333 liat
1174 312 1228 345 pcr
1250 299 1368 332 dictum
1393 298 1570 343 generalem
1586 310 1640 332 seu
1662 310 1716 344 per
1738 296 1856 331 dictum

1107 349 1295 383 visitatorem
1319 359 1390 382 cum
1420 347 1553 382 consilio
1575 356 1605 382 et
1627 358 1758 382 assensu
1782 345 1858 381 duo-

1105 398 1206 432 decim
1237 397 1407 443 proborum
1431 403 1460 430 et
1482 396 1689 432 discretorum
1727 395 1856 430 fratrum

1108 447 1151 482 vel
1175 446 1300 481 maioris
1324 446 1420 492 partis
1443 458 1575 481 numero
1601 445 1799 484 eorumdem,
1829 452 1859 479 et

1108 496 1290 543 praesertim
1329 494 1498 529 custodum
1538 495 1727 542 provinciae,
1767 494 1860 528 cuius

1106 546 1164 580 erit
1183 545 1351 583 minister,
1379 544 1403 578 si
1429 544 1596 579 commode
1620 543 1726 578 baberi
1745 543 1856 589 poterit

1108 595 1282 642 praesentia
1306 593 1488 628 eorumdem
1512 593 1695 635 custodum,
1722 600 1752 627 et
1780 593 1860 627 veri-

1106 645 1250 679 similiter
1264 643 1357 678 iidem
1375 642 1525 678 custodes
1539 655 1601 677 non
1619 649 1860 689 praesumantur

1107 694 1258 741 suspecti.
1287 692 1381 735 Quod
1404 692 1430 727 si
1465 692 1538 738 quis
1577 692 1734 726 dictorum
1766 691 1861 724 mini-

1107 752 1244 778 strorum
1273 751 1358 778 extra
1382 741 1578 789 praedictum
1606 740 1780 787 capitulum
1804 753 1861 786 ge-

1109 793 1214 828 ncrale
1236 800 1349 839 sponte
1372 791 1552 826 renuntiare
1568 789 1718 829 volucrit,
1746 797 1861 824 etcum

1109 842 1254 877 instautIa
1280 842 1404 889 petierit
1426 853 1459 875 sc
1481 840 1618 884 absolvi,
1642 838 1740 886 possit
1765 851 1863 885 gene-

1110 892 1182 926 ralis
1210 891 1352 926 minister
1380 889 1650 925 renunciationem
1679 887 1862 923 huiusmodi

1109 942 1286 981 admittere,
1310 940 1335 975 si
1359 940 1385 975 ei
1406 939 1548 975 videatur
1564 937 1792 974 rationabiliter
1807 937 1863 972 ad-

1111 990 1273 1026 mittenda.

1159 1045 1173 1083 ξ
1201 1042 1258 1074 25.
1286 1038 1430 1081 Quilibet
1455 1039 1547 1073 etiam
1575 1037 1774 1086 provincialis
1804 1038 1864 1072 mi·
1894 1048 1920 1068 n„
1945 1049 2023 1068 famum
2044 1052 2062 1065 υ

1112 1090 1209 1124 nister
1248 1089 1286 1123 de
1318 1088 1452 1123 consilio
1490 1087 1690 1135 provincialis
1735 1087 1863 1133 capituli
1880 1085 1980 1104 ‘'ww'‘
2014 1085 2064 1103 '¹¹⁰⁴

1881 1110 2000 1130 vincialinm
2023 1116 2063 1128 mi-

1113 1151 1210 1173 unum
1234 1138 1354 1172 socium
1379 1137 1543 1184 providum
1566 1146 1596 1172 et
1623 1137 1795 1171 discretum
1814 1149 1864 1171 as·
1880 1142 2064 1191 ’τίψῡιυᾞῑηῖ

1112 1195 1232 1227 sumat3
1262 1200 1356 1234 quem
1380 1187 1405 1221 si
1434 1187 1512 1221 mori
1540 1195 1593 1221 aut
1621 1185 1764 1232 impediri
1788 1198 1866 1220 con·
1880 1175 1980 1229 issico?
1998 1177 2036 1190 (ω
2056 1177 2065 1189 ³

1113 1237 1222 1283 tingat,
1249 1236 1345 1270 alium
1373 1243 1518 1281 surroget
1540 1236 1578 1270 de
1598 1236 1732 1270 consilio
1753 1234 1869 1269 discre-

1114 1295 1227 1320 torum.
1257 1285 1296 1319 Et
1319 1285 1526 1319 nibilominus
1550 1285 1660 1319 babeat
1682 1297 1781 1318 unum
1806 1284 1867 1318 l'ra-

1114 1343 1191 1369 trcm
1208 1335 1395 1382 scriptorem
1408 1334 1533 1368 fidelem
1544 1341 1574 1368 et
1588 1346 1688 1368 unum
1699 1333 1866 1368 honestum

1115 1384 1278 1423 famulum,
1295 1393 1326 1418 ct
1344 1384 1390 1418 eis
1413 1391 1533 1418 tantum
1554 1383 1665 1417 debeat
1681 1382 1867 1417 contentari:

1114 1433 1229 1481 quibus
1253 1433 1281 1467 in
1312 1432 1556 1468 necessitatibus
1578 1433 1646 1467 suis
1670 1431 1870 1479 provideatur

1116 1495 1170 1530 per
1190 1491 1367 1517 conventus
1389 1494 1464 1517 suae
1487 1481 1678 1529 provinciae.
1707 1481 1778 1528 Ipse
1799 1493 1871 1515 vero

1116 1532 1317 1579 provincialis
1352 1544 1408 1580 pro
1449 1544 1483 1566 se
1519 1540 1549 1566 et
1578 1531 1639 1572 iis,
1674 1531 1727 1578 qui
1761 1542 1869 1565 secum

1115 1589 1219 1621 erunt,
1243 1594 1304 1616 non
1323 1582 1493 1629 permittat,
1510 1581 1607 1615 immo
1621 1580 1686 1615 lieri
1708 1579 1872 1627 prohibeat

1116 1631 1293 1666 excessivas
1315 1643 1483 1678 expensas.
1514 1630 1558 1665 De
1581 1630 1618 1664 iis
1645 1638 1763 1670 autem,
1791 1642 1873 1676 quac

1115 1681 1175 1715 sibi
1201 1681 1320 1715 ratione
1344 1692 1498 1727 personae
1522 1679 1567 1714 vel
1591 1679 1684 1714 officii
1713 1678 1803 1719 dari,
1828 1678 1873 1714 lc-

1116 1731 1179 1777 gari
1218 1729 1263 1764 vel
1298 1729 1401 1765 offerri
1427 1729 1651 1775 undecumque
1687 1727 1874 1774 continget,

1118 1781 1147 1814 in
1172 1780 1310 1827 capitulo
1333 1778 1514 1826 provinciali
1538 1779 1647 1813 reddat
1669 1777 1803 1813 fideliter
1831 1790 1874 1812 ra-

1118 1831 1247 1865 tionem.
1274 1829 1355 1864 Cum
1391 1836 1495 1864 autem
1531 1827 1681 1875 praedicti
1717 1827 1875 1874 generalis

1117 1888 1148 1915 et
1176 1879 1383 1927 provinciales
1411 1878 1545 1913 ministri
1575 1877 1613 1912 de
1653 1877 1722 1911 loco
1757 1876 1795 1911 ad
1827 1876 1876 1911 lo-

1118 1942 1189 1964 cum
1213 1929 1432 1965 conducentur
1454 1941 1470 1963 a
1493 1927 1653 1967 fratribus,
1677 1926 1875 1974 provideant,

1119 1992 1157 2014 ne
1186 1979 1215 2013 in
1239 1978 1422 2014 huiusmodi
1446 1977 1604 2012 conductu
1635 1976 1709 2010 liant
1735 1975 1766 2010 in
1797 1976 1875 2011 cibis

1120 2029 1165 2064 vel
1194 2029 1270 2063 alias
1296 2028 1474 2074 superfluae
1501 2039 1556 2062 seu
1583 2025 1809 2061 immoderatae
1826 2038 1874 2060 ex-

1120 2091 1253 2126 pensae:
1282 2087 1312 2113 et
1339 2077 1475 2112 babeant
1503 2090 1517 2110 a
1541 2082 1698 2111 conventu
1722 2074 1804 2110 duos
1819 2075 1876 2109 lra-

1121 2142 1194 2173 tres,
1216 2133 1269 2180 qui
1298 2144 1352 2167 eos
1385 2130 1583 2170 conducant,
1627 2141 1683 2176 pro
1725 2129 1875 2176 expensis

1119 2187 1301 2222 huiusmodi
1326 2185 1489 2221 faciendis.

1169 2242 1188 2289 S
1215 2244 1272 2275 ΕΜ.
1296 2240 1475 2275 Statuimus
1499 2239 1641 2285 insuper,
1670 2245 1703 2272 nt
1724 2237 1875 2285 deinceps
1904 2250 1930 2270 ne
1964 2252 2072 2284 emmaum

1119 2295 1281 2343 guardiani
1307 2295 1335 2328 in
1359 2293 1492 2340 singulis
1516 2293 1591 2327 locis
1613 2291 1875 2327 conventualibus
1890 2282 2074 2332 fssmg'ffi‘edfflssg

1120 2350 1193 2385 dicti
1229 2348 1360 2384 Ordinis
1403 2347 1561 2395 eligantur
1610 2358 1665 2392 per
1699 2354 1875 2380 conventus
1890 2343 2075 2394 {gwnffimfflffi

1120 2404 1291 2439 eortmdem
1316 2402 1474 2446 locorum,
1503 2401 1552 2436 dic
1579 2401 1616 2435 ad
1648 2399 1873 2435 celebrandum

1121 2458 1306 2493 electionem
1324 2455 1504 2491 huiusmodi
1521 2467 1576 2502 per
1591 2453 1776 2490 eorumdem
1803 2466 1876 2489 con-

1122 2522 1270 2547 ventuum
1312 2511 1444 2545 vicarios
1478 2510 1649 2556 assignata:
1685 2508 1713 2542 in
1737 2521 1873 2555 quorum

1121 2567 1274 2602 electione
1306 2565 1412 2599 nullus
1434 2576 1543 2599 vocem
1567 2563 1696 2607 habeat,
1725 2563 1783 2597 nisi
1820 2562 1873 2610 qui

1122 2621 1230 2655 saltem
1262 2620 1448 2666 vigesimum
1472 2618 1620 2665 quintum
1652 2629 1770 2652 annum
1799 2628 1874 2651 suae
