2274 3265
232 261 279 288 An.
298 261 326 287 C.
340 260 408 287 ¹525

239 1405 364 1424 munituna
377 1404 411 1429 [dc

231 1437 299 1461 quain
310 1435 410 1457 rut-rica).

474 251 543 283 312

426 315 530 349 vitulis
562 314 662 348 officio
685 322 863 354 teneamur,
893 313 1084 348 venerabiles
1119 322 1166 348 ta-

425 377 507 404 men,
541 363 683 410 famaque
717 362 857 398 celebres
884 362 978 397 Urbis
1006 363 1166 398 Romanae

425 413 656 459 patriarchales,
681 420 711 447 ct
738 411 885 448 fratribus
908 412 1020 447 nostris
1041 422 1165 447 sanetae

423 462 582 497 Romanae
618 461 779 497 Ecclesiae
815 461 1024 497 cardinalibus
1058 462 1166 496 intitu-

424 513 499 547 latas
522 511 569 547 vel
591 512 826 547 commendatas
841 519 870 546 ct
893 512 966 546 alias
988 511 1166 558 collegiatas

422 561 561 597 eiusdem
586 561 680 597 Urbis
706 561 875 603 Ecclesiam,
901 574 957 595 nec
973 574 1033 595 non
1057 560 1167 595 basili-

423 623 489 646 cam
516 610 623 647 Sancti
651 611 811 646 Laurentii
846 612 875 646 in
904 611 1018 659 palatio
1041 610 1167 645 Latera—

424 660 524 703 nensi,
546 673 626 709 quae
648 662 763 696 Sancta
789 661 976 696 Sanctorum
1001 660 1168 706 vulgariter

424 719 637 759 nuncupatur,
668 720 697 746 et
716 711 849 758 capellas
863 710 961 745 dictae
975 710 1082 753 Urbis,
1107 720 1166 746 tam

423 760 513 795 nobis
540 760 738 802 immediate,
773 772 866 807 qnam
901 759 1041 795 eiusdem
1065 761 1168 796 cardi-

424 809 544 845 nalibus
571 811 689 846 ratione
725 810 886 844 titulorum
916 809 962 844 vel
990 810 1167 845 cardinala-

423 868 511 894 tuum
550 872 680 895 suornm
717 859 762 894 vel
798 859 1088 894 commendatarum
1124 860 1169 894 eis

424 908 648 953 Ecclesiarum,
675 908 846 952 subiectas,
881 921 918 943 eo
945 909 1113 955 specialius
1139 917 1169 944 et

424 958 601 1004 vigilantius
622 958 809 1005 opportunis
831 957 987 993 favoribus
1010 958 1168 1006 prosequi,

423 1016 451 1041 et
476 1008 687 1055 praerogativa
717 1016 860 1042 tenemur
882 1007 1023 1043 attollere
1041 1008 1168 1055 priiile-

423 1057 463 1103 gii
490 1057 677 1104 singularis;
711 1070 774 1104 quo
802 1056 919 1092 eaedem
949 1057 1169 1104 patriarchales

423 1114 452 1140 et
478 1106 555 1142 aliae
585 1105 740 1154 praelatae
767 1106 863 1142 Urbis
891 1107 1054 1142 Ecclesiae
1077 1107 1171 1142 maio-

424 1168 493 1191 rum
532 1156 688 1191 donorum
734 1157 917 1192 excellentia
952 1165 1169 1197 coruscantes,

424 1206 593 1241 multorum
643 1205 831 1241 Sanctorum
873 1214 946 1240 sunt
995 1206 1168 1242 rubricatae

425 1255 591 1303 martyriis,
616 1263 768 1292 eteorum
791 1255 936 1302 gloriosis
959 1255 1098 1303 reliqniis
1120 1256 1171 1292 de-

424 1313 557 1340 coratae.

473 1354 493 1402 S
517 1357 547 1389 1.
581 1354 624 1389 Ut
651 1354 745 1402 igitur
769 1355 798 1389 in
833 1354 951 1389 eisdem
976 1355 1169 1402 patriarcha-

427 1404 508 1439 libus
534 1413 564 1439 et
585 1404 655 1439 aliis
677 1404 822 1451 praefatis
843 1404 985 1439 eiusdem
1009 1404 1102 1439 Urbis
1114 1404 1173 1439 Ee-

426 1453 530 1489 clesiis
566 1465 602 1489 ac
641 1454 766 1489 basilica
802 1453 909 1489 Sancti
945 1453 1107 1489 Laurentii
1142 1463 1171 1489 et

426 1503 556 1551 capellis
578 1503 756 1551 praedictis,
779 1503 925 1538 devotius
947 1513 976 1538 et
998 1503 1172 1538 solemnius

426 1553 543 1588 divinis
570 1552 718 1589 laudibus
745 1553 917 1597 insistatur,
952 1566 1010 1588 nee
1043 1566 1099 1601 per
1122 1554 1173 1587 in-

426 1603 604 1649 dulgentias
619 1603 896 1650 praedecessorum
919 1610 1095 1638 nostrorum
1114 1602 1174 1637 Ro-

427 1665 589 1687 manorum
606 1652 810 1697 Pontificum,
832 1660 926 1699 atque
943 1660 1076 1694 nostras,
1096 1653 1173 1687 mul-

427 1703 465 1737 tis
489 1714 667 1747 concessas,
695 1702 734 1738 de
762 1702 977 1750 percipiendis
1005 1702 1034 1736 in
1063 1715 1172 1737 eornm

425 1752 564 1787 absentia
593 1752 745 1788 fructibus
768 1752 994 1787 beneficiorum
1023 1765 1150 1787 suorum
1166 1780 1174 1796 ,

427 1801 702 1837 distributionibus
727 1801 920 1850 quotidianis
942 1802 1104 1837 dumtaxat
1125 1815 1176 1837 ex-

427 1852 542 1899 ceptis,
580 1851 686 1887 cultus
712 1852 838 1887 divinus
866 1852 1026 1887 minuatur
1064 1852 1093 1886 in
1117 1853 1174 1893 eis,

428 1901 474 1936 vel
497 1900 574 1937 alias
589 1901 707 1937 eaedem
734 1900 895 1937 Ecclesiae
919 1910 1175 1949 praegraventur,

428 1951 611 1986 auctoritate
632 1951 801 1999 apostolica
825 1951 863 1986 de
892 1951 1020 1986 fratrum
1051 1959 1176 1986 nostro-

431 2013 498 2036 rum
523 2000 656 2036 eonsilio
679 2001 860 2036 ordinamus
883 2008 975 2048 atque
994 2002 1176 2045 statuimus,

429 2049 514 2098 qnod
536 2050 687 2098 deinceps
710 2063 821 2086 omnes
848 2058 878 2085 et
904 2051 1046 2097 singulae
1069 2050 1177 2085 indul-

429 2099 552 2146 gentiae
580 2100 733 2136 dictorum
758 2100 1049 2148 praedecessorum,
1072 2108 1102 2134 et
1126 2113 1178 2135 no-

430 2158 524 2191 strae,
547 2150 611 2185 sive
636 2149 847 2185 cardinalibus
868 2158 993 2185 sanctae
1017 2150 1178 2185 Romanae

430 2199 605 2244 Ecclesiae,
628 2212 682 2235 seu
703 2199 829 2246 regibus
851 2208 881 2235 et
903 2199 1099 2247 principibus
1124 2211 1178 2247 pro

431 2249 554 2285 clericis
588 2249 768 2285 domesticis
807 2249 1012 2284 familiaribus
1053 2261 1180 2284 eornm-

432 2300 525 2340 ‹lem,
552 2299 616 2334 sive
645 2299 786 2347 personis
813 2299 881 2334 aliis
907 2299 1179 2347 quibuscumque,

436 2349 478 2383 vel
507 2349 706 2395 generalibus
732 2348 875 2393 Studiis,
909 2349 1045 2396 generali
1076 2357 1178 2383 tamen

433 2398 545 2434 Studio
567 2398 728 2434 Romanae
746 2398 840 2434 Urbis
855 2399 1017 2434 dumtaxat
1037 2407 1180 2446 excepto,

434 2449 524 2484 cuius
547 2461 601 2497 per
623 2449 683 2484 hoc
706 2449 878 2497 privilegiis
912 2461 968 2484 sen
995 2448 1122 2483 indultis
1154 2449 1180 2483 ei

435 2498 473 2533 ab
494 2499 602 2534 eadem
638 2498 722 2534 Sede
757 2499 928 2540 concessis,
964 2499 1114 2534 nolumus
1150 2499 1180 2533 in

435 2548 539 2596 aliquo
565 2549 720 2596 derogari,
745 2558 897 2597 perpetuo
920 2549 966 2585 vel
991 2549 1029 2584 ad
1059 2557 1183 2596 tempus

436 2611 604 2634 ‹oneessae
644 2598 688 2633 vel
729 2599 935 2647 imposterum
964 2598 1183 2634 concedendae

438 2654 531 2695 super
566 2649 778 2695 percipiendis
810 2649 962 2684 fructibus
990 2649 1019 2683 in
1044 2649 1182 2683 absentia

1015 259 1111 281 Ruunt
1119 260 1135 281 R
1142 260 1148 280 Ι
1155 260 1197 282 UM
1227 259 1292 280 ROM
1299 259 1314 279 Α
1321 258 1384 279 Num

1454 311 1549 345 Curia
1578 311 1622 345 vel
1656 311 1716 345 alio
1749 319 1833 345 certo
1867 310 1953 349 loco,

1209 363 1253 396 vel
1278 363 1371 397 ctiam
1396 361 1587 407 ubicumque
1609 359 1646 393 ad
1672 359 1893 407 patriarchales
1906 360 1953 395 vel

1208 412 1283 447 alias
1312 410 1452 446 eiusdem
1481 409 1593 454 Urbis,
1620 421 1700 457 quae
1728 408 1954 457 presbyterales

1211 462 1255 496 vel
1282 461 1460 496 diaconales
1486 459 1697 494 cardinalatus
1723 459 1874 503 existunt,
1898 472 1954 494 nec

1210 524 1271 545 non
1304 510 1481 555 collegiatas
1516 509 1694 553 EcclesiaS,
1731 508 1890 544 basilicam
1926 517 1956 544 et

1209 560 1343 607 capellas
1379 559 1562 607 praedictas,
1587 558 1767 594 nullatenus
1789 559 1956 594 extendan-

1209 618 1271 644 tur:
1296 622 1407 645 omnes
1429 621 1595 656 processus
1620 609 1678 643 iam
1702 608 1824 643 habitos
1838 617 1868 643 et
1886 621 1958 643 sen-

1210 660 1324 694 tentias
1350 659 1703 698 excommunicationis,
1739 659 1957 705 suspensionis

1210 718 1239 744 et
1267 709 1435 749 interdicti,
1464 708 1591 743 forsitan
1616 709 1674 743 iam
1693 708 1828 755 prolatas
1850 716 1956 743 contra

1211 758 1440 793 ordinationem
1487 766 1517 793 et
1562 766 1709 793 statutum
1752 758 1932 793 huiusmodi
1949 786 1956 800 ,

1210 809 1377 855 apostolica
1406 807 1452 842 vel
1476 808 1533 842 alia
1555 808 1665 855 quavis
1692 809 1893 849 auctoritate,
1926 808 1956 843 in

1210 866 1363 904 quantum
1394 869 1560 904 processus
1598 857 1778 892 huiusmodi
1813 866 1843 892 et
1878 870 1958 892 sen-

1212 907 1344 949 tentiae,
1380 906 1482 954 quoad
1518 919 1610 941 suum
1638 907 1844 942 obtinendum
1880 908 1958 942 effe-

1211 965 1308 997 etum,
1332 956 1471 991 futurum
1496 965 1618 1003 tempus
1632 957 1862 1004 respiciuntvel
1878 970 1957 1005 quos

1211 1007 1415 1054 imposterum
1445 1006 1550 1041 haberi
1578 1018 1634 1041 seu
1664 1006 1793 1053 proferri
1816 1007 1957 1053 contige-

1213 1056 1261 1100 rit,
1291 1056 1498 1091 decernentes
1520 1055 1626 1090 irritos
1647 1063 1676 1090 et
1699 1056 1818 1091 inanes.

1209 314 1236 347 in
1279 313 1417 347 Romana

1260 1106 1333 1153 §2-
1353 1105 1555 1141 Praesentem
1571 1113 1674 1140 antem
1700 1105 1956 1140 constitutionem
1986 1115 2015 1135 Ab
2044 1114 2068 1134 ¹¹·

1972 1121 2091 1166 cardinales
2118 1150 2158 1165 ex-

1211 1155 1335 1190 extendi
1362 1156 1509 1191 nolumus
1530 1155 1567 1190 ad
1593 1154 1808 1201 indulgentias
1827 1155 1875 1190 vel
1899 1155 1957 1190 alia
1973 1182 2005 1202 m„
2009 1177 2086 1196 mnu„

1213 1206 1297 1246 iura,
1332 1218 1412 1252 quae
1449 1206 1477 1239 in
1506 1204 1626 1240 eisdem
1650 1204 1908 1251 patriarchalibus
1929 1212 1960 1240 et

1211 1255 1281 1290 aliis
1305 1255 1448 1302 praefatis
1477 1254 1571 1290 Urbis
1598 1254 1749 1289 Ecclesiis
1775 1267 1811 1290 ac
1833 1254 1960 1290 basilica

1212 1305 1317 1340 Sancti
1356 1305 1515 1340 Laurentii
1551 1312 1581 1340 et
1614 1303 1743 1351 capellis
1779 1304 1958 1351 praedictis,

1213 1366 1363 1402 personas
1385 1355 1576 1401 contingunt
1612 1354 1657 1388 vel
1688 1353 1861 1399 respiciunt
1892 1366 1961 1388 car-

1213 1404 1364 1439 dinalium
1391 1404 1642 1451 praedictorum,
1674 1403 1790 1450 quibus
1821 1404 1850 1438 in
1875 1403 1961 1438 nullo

1215 1466 1269 1501 per
1308 1454 1567 1489 constitutionem
1603 1458 1820 1500 praesentem,
1858 1453 1960 1500 quoad

1215 1505 1282 1538 iura
1305 1503 1350 1538 eis
1372 1505 1582 1550 competentia
1606 1515 1642 1537 ex
1677 1502 1800 1549 speciali
1834 1503 1963 1549 privile-

1216 1553 1279 1599 gio,
1306 1553 1557 1597 consuetudine,
1583 1564 1638 1587 seu
1662 1552 1722 1587 alio
1751 1553 1865 1599 quovis
1884 1552 1962 1597 iure,

1216 1602 1361 1637 volumus
1389 1602 1543 1650 derogari.

1264 1652 1346 1687 Nulli
1381 1665 1455 1699 ergo
1499 1652 1627 1688 omnino
1671 1651 1831 1686 homiuum
1876 1651 1965 1686 liceat

1215 1702 1296 1737 hane
1335 1703 1478 1750 paginam
1522 1710 1700 1737 nostrornm
1739 1701 1964 1746 ordinationis,

1216 1752 1346 1797 statuti,
1381 1752 1616 1787 constitutionis
1651 1760 1682 1787 et
1709 1752 1879 1787 voluntatis
1916 1752 1964 1786 iu-

1217 1802 1352 1848 fringere
1376 1810 1429 1836 etc.

1268 1852 1382 1887 Datum
1407 1851 1565 1887 Avenioni
1599 1852 1691 1887 nouis
1715 1851 1810 1892 iunii,
1841 1850 1968 1899 pontifi-

1218 1910 1305 1937 catus
1329 1909 1426 1936 nostri
1455 1914 1537 1937 anno
1560 1914 1605 1936 rx.

1274 1964 1334 1994 Dat.
1354 1964 1401 1994 die
1420 1965 1438 1994 ἱ)
1461 1965 1533 1995 iunii
1554 1964 1638 2001 1325,
1657 1964 1759 2004 pontif.
1779 1973 1854 1993 anno
1876 1973 1914 1994 rx.

1522 2139 1667 2174 XXXlX.

1221 2216 1343 2249 Erectio
1369 2216 1556 2260 episcopatus
1587 2216 1744 2251 Corconen.
1773 2218 1806 2250 in
1843 2218 1973 2252 Ecclesia

1271 2266 1382 2299 Sancti
1422 2266 1570 2299 Vinccmii
1596 2267 1726 2300 eiusdem
1751 2268 1882 2300 civitatis
1908 2280 1976 2302 cum

1271 2316 1457 2360 exemptione
1475 2328 1493 2349 a
1510 2317 1719 2350 iurisdictione
1739 2318 1888 2351 Ecclesiae
1904 2320 1977 2352 Are-

1273 2366 1353 2398 tinae
1381 2366 1442 2407 (l).

1482 2440 1696 2472 SUMMARlUM

1226 2500 1392 2531 l'xordium.
1419 2520 1457 2525 —
1491 2504 1513 2532 l.
1548 2502 1660 2533 Causae
1690 2504 1813 2534 huiusce
1848 2505 1979 2543 erigendi

1266 2549 1460 2588 episcopatus.
1478 2566 1517 2571 --
1535 2549 1623 2579 'l'erra
1648 2549 1804 2580 tlortonen.
1829 2560 1843 2580 a
1861 2550 1980 2580 subiec—

1266 2594 1341 2622 tione
1381 2594 1512 2634 episcopi
1547 2595 1657 2624 Aretini
1697 2594 1856 2630 liberatur,
1889 2600 1914 2624 et
1951 2595 1980 2625 in

1260 2662 1299 2694 (l)
1317 2661 1352 2687 Ex
1375 2661 1533 2697 {togost.[iii
1555 2662 1661 2688 Archiv.
1682 2662 1761 2688 Vatic.

1969 254 2019 281 Au.
2040 253 2067 279 C.
2084 253 2149 279 ¹325

2111 1114 2158 1140 lege
