2274 3265
110 2453 213 2474 ilenltales

111 2518 168 2536 eidus
172 2522 196 2536 ΕΠ

111 2554 132 2567 ra
136 2554 168 2568 [¹5¹3

95 278 142 303 An.
160 273 188 300 C.
208 274 275 300 1510

108 585 230 604 ΕαΝ1ειιι*
233 585 275 603 «itt-

164 616 267 641 aowvril

124 2419 183 2440 Lte
186 2426 203 2440 ie
244 2425 292 2471 c1¹<e

926 273 1070 296 CLEMENS
1093 274 1111 295 V
1135 274 1182 297 ΡΙ).

291 326 364 363 dicti
395 327 571 363 communis
598 328 704 376 populi
727 327 828 364 (lictae
855 335 977 369 terrae,
1006 328 1035 362 in

293 378 467 425 praesentia
495 377 681 413 venerabilis
708 378 802 425 patris
833 378 950 412 domini
971 378 1038 412 Ar-

293 427 376 462 naldi
406 428 508 463 divina
540 427 733 475 providentia
760 427 894 463 Sanctae
922 427 1038 462 Mariae

293 478 322 511 in
347 477 472 513 Porticu
496 477 619 513 diaconi
639 477 819 532 cardinalis,
840 476 1038 524 Apostolicae

292 527 385 563 Sedis
420 528 523 573 legati,
551 527 707 574 praedicta
734 527 840 561 omnia
862 535 891 561 et
917 527 1038 573 singula

293 578 439 624 superius
457 577 614 617 adnotata,
637 576 831 617 confirmata,
858 576 1038 623 approbata

292 628 502 669 corroborata,
525 635 555 662 et
573 628 611 661 de
635 639 715 661 novo
739 626 814 661 facta
839 626 963 660 suerunt
986 638 1040 674 per

294 678 468 726 praedictos
495 686 691 724 potestatem,
714 677 965 724 praeconsulem,
994 688 1041 710 ve-

294 728 477 773 xilliferum,
500 727 642 762 antianos
664 735 693 761 et
733 726 913 762 universnm
939 738 1040 774 popu-

293 780 370 821 lum,
391 779 559 814 existentes
582 778 709 822 ibidem,
723 777 760 812 ad
784 777 931 811 maiorem
958 788 1042 823 prae—

292 830 445 865 dictorum
469 829 612 863 omnium
637 836 819 875 perpetuam
848 827 1041 868 firmitatem,

295 878 510 926 praesentibus
554 877 735 913 reverendis
784 877 857 911 viris
903 875 1042 911 dominis

292 928 484 969 Florentin„
507 926 703 970 Ferrarien.‚
721 927 899 961 Bononien.
926 934 954 960 et
986 925 1042 960 Pe-

294 978 393 1013 rusin.
422 977 591 1025 episcopis3
613 985 643 1011 et
678 976 808 1011 domino
833 975 981 1011 Guidone
1004 975 1043 1009 de

293 1026 416 1062 Troctis
450 1027 558 1071 milite,
593 1026 754 1073 Aldigerio
776 1025 814 1061 de
836 1024 990 1066 Fontana‚
1013 1032 1044 1059 et

294 1076 423 1112 domino
450 1076 610 1111 Aimerico
651 1075 755 1122 Sanga
779 1075 894 1120 iudice,
917 1074 1043 1109 domino

294 1125 433 1161 Antonio
455 1125 493 1160 de
512 1125 623 1160 Alexio
646 1125 758 1166 iudice,
787 1125 914 1159 domino
936 1123 1044 1170 pigna-

296 1184 370 1211 tono
397 1175 435 1210 de
461 1174 690 1222 Pignatonibus
726 1174 840 1214 iudice,
869 1183 898 1209 et
926 1173 1045 1208 Lanza-

295 1225 359 1261 loto
381 1226 451 1260 eius
472 1224 577 1266 fratre,
605 1224 734 1259 domino
761 1223 878 1258 Ioanne
900 1223 939 1258 de
960 1222 1046 1257 Ros-

295 1275 384 1319 sens,
407 1274 574 1309 Francisco
601 1273 640 1308 de
665 1273 899 1314 Vicedominis,
916 1272 1045 1307 domino

295 1324 432 1359 Antonio
454 1323 615 1371 Carpifava
639 1323 769 1364 notario,
794 1323 922 1357 domino
948 1321 1046 1356 Octo-

297 1374 377 1408 bono
400 1373 590 1408 Bracliarino
612 1373 743 1414 notario,
771 1381 801 1407 et
823 1372 960 1407 dominis
990 1371 1046 1405 Ai-

296 1423 418 1458 bertino
439 1422 478 1457 de
500 1422 614 1467 Barile,
640 1422 850 1457 Nascimbene
875 1421 913 1456 de
930 1421 1046 1461 Brinis,

296 1472 421 1508 Andrea
444 1472 483 1506 de
505 1472 636 1515 Mancis,
658 1472 771 1507 Iacobo
793 1472 831 1507 de
859 1471 1046 1511 Bemammi,

296 1522 506 1557 Bonmercato
528 1523 567 1557 de
590 1521 704 1563 Conte,
725 1522 915 1570 Naximpace
934 1521 972 1555 de
991 1520 1047 1554 Ni-

297 1572 379 1619 gris,
406 1581 437 1607 et
462 1572 575 1618 Egidio
608 1572 646 1606 (le
673 1571 891 1619 Campedello,
921 1570 1048 1606 notariis

298 1622 418 1656 civibus
457 1621 649 1667 Ferrarien.,
692 1630 722 1657 et
757 1621 865 1656 multis
902 1621 970 1656 aliis
1010 1619 1046 1654 ad

300 1672 457 1719 praedicta
481 1671 596 1706 vocatis
622 1672 755 1707 testibus
782 1680 812 1706 et
838 1671 962 1717 rogatis.
986 1669 1047 1712 Qui

299 1734 408 1756 omues
442 1722 553 1756 notarii
589 1722 750 1770 praedicti,
784 1731 813 1756 et
847 1734 957 1755 omnes
997 1720 1048 1754 alii

301 1772 409 1806 notarii
434 1773 464 1806 in
500 1771 584 1807 dicto
606 1784 722 1819 arengo
751 1784 805 1806 seu
830 1771 960 1806 consilio
984 1770 1049 1804 vxi-

300 1830 428 1862 stentes,
452 1822 547 1868 rogati
572 1822 698 1856 fuerunt
721 1822 821 1856 farere
843 1821 881 1856 ‹le
905 1821 1050 1868 praemis-

300 1872 344 1906 sis
378 1871 525 1906 omnibus
551 1871 693 1906 eiusdem
730 1872 848 1906 tenoris
884 1884 980 1905 unum
1019 1879 1049 1904 et

302 1921 390 1968 plura
414 1921 535 1969 publica
571 1922 789 1956 instrumenta.
813 1921 881 1966 Ego
918 1921 1051 1955 Perinus

302 1971 385 2006 fitius
406 1971 524 2005 domini
556 1970 712 2006 Octoboni
745 1970 927 2005 Bracliarini
963 1978 1050 2004 nota—

301 2020 350 2065 rii,
385 2021 461 2055 civis
488 2020 677 2065 Fen-arten,
712 2021 859 2068 publicus
897 2019 1049 2067 imperiali

300 2072 483 2106 auctoritate
512 2070 666 2114 notarius,
695 2070 897 2105 celebrationi
931 2070 1051 2104 buius-

301 2119 384 2154 modi
412 2120 597 2160 sindicatus,
627 2129 656 2155 et
684 2120 930 2155 corroborationi
966 2120 1052 2154 eius-

301 2170 385 2210 (lem,
409 2182 531 2205 necnon
554 2178 583 2204 et
606 2169 753 2204 omnibus
780 2178 807 2204 et
836 2169 968 2215 singulis
996 2182 1052 2203 su-

304 2220 411 2275 perius
431 2220 600 2264 annotatis,
624 2232 774 2267 praesens
796 2220 851 2260 sni
874 2220 999 2266 sci-,ipsi
1023 2227 1052 2253 et

305 2270 334 2303 in
360 2269 516 2316 publicam
556 2248 684 2303 foimam
722 2270 828 2315 redegi
823 2283 841 2313 i,
882 2281 1053 2316 meumque

305 2319 429 2364 signum
454 2318 510 2353 feei
535 2327 671 2366 rogatus.

355 2369 375 2415 5
402 2373 433 2403 5.
458 2368 606 2403 Noverint
634 2369 788 2404 universi.
814 2377 994 2415 praesentes
1018 2368 1053 2401 li-

261 2452 293 2471 .·-
307 2427 387 2453 teras
415 2419 596 2466 inspecturi,
618 2419 701 2465 quod
730 2407 791 2453 nos
807 2418 966 2452 Arnaldus
994 2419 1053 2452 mi-

111 2489 156 2506 »ιω
185 2484 223 2535 Ε1
221 2486 245 2504 ι
251 2491 266 2504 s
270 2490 293 2505 0
307 2469 462 2503 seratione
476 2469 579 2502 divina
599 2468 733 2502 Sanctae
746 2468 885 2503 Mariae
880 2481 908 2502 in
926 2468 1050 2502 porticu

231 2517 295 2536 rolo-

309 2517 461 2554 diaconns
500 2518 687 2554 cardinalis
725 2517 923 2565 Apostolieae
963 2518 1053 2553 Sedis

309 2567 440 2615 legatus,
473 2568 513 2603 de
542 2567 737 2615 plenitudine
764 2568 936 2615 potestatis,
961 2580 1052 2614 quam

311 2617 404 2652 babet
430 2618 572 2653 Ecclesia
600 2617 740 2652 Romana
771 2619 801 2651 in
824 2616 947 2651 civitate
980 2616 1055 2651 Fer-

310 2668 420 2703 rarien.
455 2677 483 2703 et
519 2669 548 2702 in
582 2667 743 2703 districtu:
781 2676 808 2701 et
843 2666 933 2701 nobis
960 2667 1052 2700 etiam

388 2726 460 2756 Ball.
482 2727 557 2756 Rom.
584 2726 635 2755 Vnt
654 2725 699 2755 Jl⁷⁸
900 2725 937 2754 *2ss

1704 269 1767 302 201

1080 341 1134 376 per
1155 328 1321 364 consilium
1341 331 1582 389 quingentorum
1600 334 1706 381 populi
1723 343 1753 370 et
1769 347 1823 382 per

1080 379 1259 413 universum
1278 381 1426 426 populum
1450 383 1582 418 civitatis
1601 383 1741 419 eiusdem
1757 397 1826 432 spe—

1079 428 1196 463 cialiter
1222 429 1389 474 attributa,
1418 430 1570 477 elegimus
1601 433 1682 481 apud
1718 434 1824 470 civita·

1081 486 1141 513 tem
1167 479 1278 526 ipsam
1301 479 1375 513 (lum
1399 492 1524 516 eramus
1547 482 1600 523 ibi,
1628 492 1657 517 et
1685 496 1770 519 nunc
1787 483 1825 518 de

1082 540 1160 562 novo
1183 528 1274 563 etiam
1295 528 1469 575 eligimus
1464 543 1492 564 in
1516 531 1638 566 civitate
1653 532 1825 578 Bononiae,

1080 578 1263 613 auctoritate
1280 579 1441 625 potestatis
1458 580 1643 627 praedictae,
1671 582 1827 618 venerabi-

1083 627 1141 662 lem
1165 637 1283 675 patrem
1312 627 1474 663 dominnm
1497 628 1676 665 Gnidonem
1704 633 1826 678 episco-

1083 691 1155 726 pum
1182 678 1354 714 Ferrarien
1379 687 1407 713 et
1432 678 1602 726 prudentes
1631 682 1712 716 iiros
1733 690 1826 729 atque

1082 729 1236 764 discretos
1270 728 1480 775 Pignatonum
1512 729 1551 763 de
1580 729 1827 776 Pignatonibus,

1083 779 1257 815 Antonium
1285 778 1324 813 de
1351 779 1462 813 Alexio
1490 778 1624 824 indices,
1661 780 1826 815 vassallum

1084 837 1287 864 mercatorem
1310 827 1525 870 Octobonum,
1547 828 1665 864 dictum
1693 828 1828 865 Bracba—

1084 879 1199 923 rinnm,
1215 886 1244 913 et
1260 877 1469 914 Nascimbene
1491 878 1529 913 ‹le
1543 877 1658 920 Brinis‚
1682 881 1830 922 notarios,

1083 928 1167 963 cives
1188 927 1418 972 Ferrarienses,
1442 927 1549 964 fideles
1571 936 1600 963 et
1627 928 1756 963 devotos
1770 928 1830 964 Ro-

1085 990 1193 1013 manae
1227 977 1406 1019 Ecclesiae,
1441 977 1555 1013 latores
1596 978 1830 1025 praesentium,

1084 1027 1326 1063 ambassiatores
1348 1035 1377 1062 et
1399 1027 1538 1062 sindicos
1561 1027 1668 1075 populi
1691 1036 1721 1063 et
1743 1040 1831 1063 coin·

1085 1077 1190 1112 munis
1222 1076 1400 1119 Ferrariae;
1436 1090 1492 1112 nec
1520 1089 1582 1112 non
1613 1077 1760 1124 eligimus
1786 1077 1832 1113 si-

1086 1126 1199 1161 militer
1226 1139 1282 1173 pro
1309 1127 1431 1161 notario
1460 1126 1600 1173 ipsorum
1628 1126 1832 1162 ambassiato-

1087 1189 1152 1210 rum
1177 1176 1327 1210 Perinum
1348 1176 1447 1210 filium
1470 1177 1546 1211 dicti
1565 1175 1739 1218 Octoboni;
1762 1177 1832 1225 qui-

1086 1225 1145 1260 bus
1158 1226 1352 1265 auctoritate,
1368 1238 1427 1273 qua
1444 1226 1615 1273 fungimur,
1630 1226 1834 1262 concedimus

1086 1275 1242 1310 licentiam
1266 1275 1445 1322 exponendi
1467 1276 1686 1311 ambassiatam
1715 1276 1760 1311 eis
1783 1276 1837 1310 im-

1088 1325 1220 1372 positam
1237 1337 1292 1372 per
1312 1328 1416 1372 ipsum
1438 1325 1590 1372 populum
1609 1334 1639 1360 et
1654 1338 1835 1368 commune,

1087 1374 1252 1421 sigillatam
1275 1375 1379 1421 sigillo
1399 1376 1577 1410 communis
1601 1375 1769 1422 praedicti,
1788 1388 1837 1411 co·

1089 1437 1152 1459 ram
1180 1425 1380 1459 sanctissimo
1413 1433 1499 1471 patre
1527 1433 1556 1459 et
1578 1424 1707 1460 domino
1731 1434 1836 1460 nostro

1088 1474 1216 1508 domino
1253 1473 1417 1509 Clemente
1444 1473 1578 1509 Summo
1604 1474 1772 1517 Pontifice,
1807 1484 1836 1509 et

1089 1536 1176 1559 sacro
1199 1533 1292 1559 coetu
1316 1524 1518 1559 dominorum
1547 1524 1764 1566 cardinalium,
1787 1537 1837 1559 se-

1090 1574 1149 1609 mel
1165 1583 1196 1608 et
1215 1574 1343 1621 pluries,
1362 1583 1453 1621 prout
1469 1575 1545 1620 ipsis
1560 1574 1838 1610 ambassiatoribus

1089 1633 1119 1657 et
1145 1624 1276 1659 sindicis
1296 1624 1410 1658 melius
1432 1633 1460 1659 et
1487 1625 1728 1660 convenientius
1751 1625 1838 1659 vide-

1091 1673 1196 1715 bitur,
1233 1687 1289 1721 pro
1317 1673 1447 1708 utilitate
1475 1673 1550 1709 dicti
1586 1673 1704 1709 domini
1739 1674 1837 1709 nostri

1090 1733 1117 1758 et
1147 1732 1272 1759 sanctae
1300 1722 1462 1759 Romanae
1495 1723 1666 1764 Ecclesiae
1695 1732 1723 1759 et
1747 1736 1838 1779 prae—

1090 1774 1245 1809 dictorum
1282 1775 1389 1829 populi
1418 1783 1447 1808 et
1469 1775 1660 1809 communis.
1688 1773 1722 1809 In
1750 1774 1839 1809 cuius

1092 1824 1134 1859 rei
1165 1824 1378 1860 testimoninm
1409 1833 1587 1870 praesentes
1614 1824 1718 1860 literas
1744 1823 1838 1859 scribi

1092 1883 1120 1908 et
1143 1874 1295 1922 publicari
1322 1874 1540 1908 mandarimus
1563 1887 1617 1921 per
1639 1873 1777 1909 Leonem
1800 1873 1838 1909 de

1092 1923 1174 1959 Setia
1203 1924 1358 1958 notarium
1396 1923 1645 1971 infrascriptum,
1679 1932 1710 1959 et
1744 1923 1837 1970 sigilli

1093 1974 1188 2008 nostri
1206 1974 1379 2008 munimine
1396 1973 1544 2008 roborari.
1562 1972 1675 2008 Datum
1692 1981 1722 2008 et
1735 1981 1837 2008 actum

1093 2023 1253 2058 Bononiae
1277 2024 1306 2057 in
1330 2035 1451 2057 camera
1482 2032 1598 2066 nostra,
1624 2022 1840 2070 praesentibus

1094 2073 1262 2108 venerabili
1289 2081 1318 2107 et
1342 2072 1489 2119 religioso
1513 2073 1577 2108 viro
1605 2072 1733 2108 domino
1755 2071 1837 2108 Guil-

1094 2124 1186 2157 lelmo
1213 2122 1323 2157 abbate.
1351 2123 1529 2157 monasterii
1554 2122 1659 2157 Sancti
1687 2120 1838 2156 Fremerii

1096 2172 1240 2207 Vasaten.
1266 2172 1431 2211 dioecesis,
1451 2180 1479 2206 et
1503 2171 1631 2206 domino
1654 2170 1839 2206 Fortonerio

1094 2231 1221 2257 cantore
1248 2222 1400 2256 ecclesiae
1423 2221 1460 2256 de
1482 2220 1598 2256 Sancto
1622 2220 1757 2260 Asterio,
1791 2229 1840 2254 te-

1094 2273 1196 2306 stibus
1219 2272 1255 2306 ad
1283 2272 1439 2318 praedicta
1467 2272 1584 2305 vocatis
1612 2270 1789 2317 specialiter
1810 2277 1839 2304 et

1097 2323 1220 2368 rogatis.
1245 2321 1312 2356 Sub
1334 2334 1414 2355 anno
1438 2321 1564 2354 Domini
1592 2321 1760 2354 millesimo
1782 2328 1840 2354 tre—

1094 2372 1265 2406 centesimo
1294 2383 1388 2409 nono,
1419 2370 1589 2405 indictione
1616 2370 1762 2417 septima,
1790 2368 1839 2403 die

1097 2422 1242 2467 vigesima
1283 2421 1399 2454 mensis
1439 2419 1576 2454 octobris
1592 2447 1600 2459 ,
1641 2418 1839 2466 pontificatus

1095 2473 1237 2506 eiusdem
1261 2470 1378 2504 domini
1402 2469 1575 2504 Clementis
1608 2468 1710 2515 Papae
1729 2467 1839 2510 Quinti

1095 2534 1177 2555 anno
1205 2528 1325 2567 quarto.
1356 2519 1393 2553 Ei
1420 2532 1478 2564 ego
1506 2518 1569 2553 Leo
1596 2518 1721 2553 Ioannis
1750 2517 1838 2564 Nigri

1096 2571 1134 2605 «le
1155 2571 1252 2609 Setia,
1277 2569 1419 2615 publicus
1443 2569 1612 2615 apostolica
1635 2577 1662 2602 et
1687 2567 1839 2615 imperiali

1096 2621 1301 2663 auctoritate,
1341 2627 1371 2652 et
1408 2618 1480 2652 dicti
1519 2618 1636 2653 domini
1675 2616 1841 2653 cardinalis

1096 2670 1246 2705 notarius,
1268 2668 1431 2716 praedictis
1453 2668 1601 2703 omnibns
1624 2680 1770 2715 praesens
1792 2667 1842 2701 in-

1838 278 1928 305 Aac.
1951 278 2017 305 ¹310
