2274 3265
98 262 147 289 An.
166 263 194 289 C.
209 263 276 289 {285

104 1368 162 1393 Regi,
186 1367 275 1388 fautori-

152 1397 276 1419 foederans-

91 1398 135 1422 bus,

90 1435 130 1456 qne
145 1430 218 1450 racina.

917 264 1082 287 mAnTtNUS
1105 265 1136 286 lV
1160 265 1207 287 Pr.

293 316 404 352 cedere
447 330 506 351 uon
549 318 661 352 iniuste
708 330 870 365 possemus
894 346 902 355 ,

292 367 398 411 etiam,
419 367 511 402 sicuti
537 368 768 414 praedictorum
793 367 935 414 perhibet
962 380 1040 401 con-

292 417 440 452 sideratio
467 417 669 457 ‹lebei·emus;
692 418 761 463 quia
800 425 903 451 tamen
940 418 1039 451 noscit

292 479 307 501 a
331 467 434 501 charis
462 468 597 501 charitas
630 469 724 502 etiam
761 467 842 501 laesa
880 467 1038 507 recodere,

293 524 440 563 paternae
462 517 621 551 charitatis
643 516 767 550 affectio
802 528 859 550 nos
898 516 1038 559 inducit

294 575 327 601 ut
353 579 423 601 cum
447 567 557 609 simus,
581 566 654 600 licet
681 565 943 599 insufficientibus
965 578 1039 600 me-

294 616 372 656 ritis,
387 615 475 650 Illius
499 615 617 655 vicarii,
645 617 697 662 qui
721 627 783 649 non
808 623 940 649 mortem
966 628 1039 661 pec-

292 674 446 708 catorum,
468 664 522 699 sed
552 673 582 698 ut
605 672 829 699 convertantur
850 675 876 699 et
923 665 1038 703 vivant,

292 727 324 749 se
347 714 423 749 velle
453 714 565 748 fatetur
585 741 592 751 ,
629 726 733 759 regem
773 713 975 760 Aragoniac,
1010 723 1039 749 et

291 764 368 799 alios
395 763 593 808 supradictos
623 763 934 807 denunciationibus,
972 777 1040 799 mo-

291 812 476 857 unionibus,
504 812 671 852 mandatis,
711 812 976 859 prohibitionibus
1010 822 1040 848 et

291 862 590 897 comminationibus
616 862 652 897 ad
681 863 919 897 conversionem
956 864 1039 898 cele-

292 924 368 951 rem,
391 923 430 945 ne
452 912 482 945 in
507 913 654 958 peccatis,
675 912 907 958 iniquitatibus,
930 921 956 946 et
973 925 1038 947 sen

290 962 459 996 tentiarum
485 961 616 1008 laqueis,
645 961 761 1008 quibus
799 974 843 1001 se,
878 970 965 1008 prout
1002 975 1039 997 ex

291 1011 470 1057 praemissis
498 1011 595 1057 liquet
632 1012 785 1058 apertius,
819 1012 1038 1056 involverunt,

290 1059 507 1094 obdormirent
529 1061 559 1094 in
586 1070 700 1103 morte,
728 1073 911 1095 curaremus
950 1062 1038 1096 beni—

290 1110 384 1155 gnius
406 1110 554 1144 excitare.
578 1109 718 1156 Ideoque
738 1110 768 1144 in
796 1110 873 1145 sesto
894 1110 1038 1146 Dedica-

291 1159 387 1194 tionis
426 1167 456 1193 et
491 1158 591 1206 platea
628 1159 808 1206 praedictis,
832 1159 869 1193 de
907 1159 1036 1194 fratrum

290 1217 469 1243 nostrorum
486 1208 630 1248 consilio,
657 1208 917 1243 denunciavimus
932 1221 1040 1256 saepe-

290 1258 368 1292 fatos
395 1257 522 1291 Petrum
551 1269 656 1303 regem
683 1258 859 1303 Aragoniae
879 1267 1038 1305 nepotem,

290 1319 364 1342 suos
391 1307 532 1344 comites,
554 1306 735 1353 complices,
762 1307 911 1342 satellites
933 1317 961 1342 et
984 1309 1040 1342 mi-

290 1356 416 1395 nistros,
453 1368 488 1390 ac
528 1356 647 1390 insulae
679 1364 869 1391 memoratae
906 1357 1038 1393 rebelles

289 1417 326 1440 ex
353 1404 456 1439 causis
487 1405 654 1452 praedictis
689 1406 1037 1449 excommunicationis,

241 1486 245 1490 .
288 1454 438 1499 civitates,
465 1462 575 1494 castra,
604 1454 691 1489 villas
712 1463 743 1489 et
761 1455 819 1490 alia
849 1455 914 1490 loca
949 1469 1038 1503 prac-

288 1503 384 1543 dicta,
414 1516 471 1538 nec
494 1516 556 1538 non
580 1511 611 1537 et
634 1504 853 1539 universitates
897 1507 1036 1552 ipsorum

287 1553 441 1588 interdicti
466 1554 647 1600 praemissis
670 1566 725 1601 per
762 1566 818 1588 nos
856 1554 924 1590 latis
963 1569 1038 1591 sen-

285 1603 391 1638 tentiis
418 1603 582 1638 subiacere
604 1603 643 1637 de
671 1616 762 1643 novo,
787 1612 847 1638 tam
868 1605 897 1638 in
931 1618 1035 1652 regem

285 1660 315 1687 et
336 1652 414 1688 alios
436 1652 649 1700 saepedictos,
672 1665 764 1700 quam
791 1655 821 1687 in
846 1655 1035 1689 universita-

285 1710 341 1742 tes,
357 1710 470 1740 castra,
486 1702 576 1737 villas
597 1710 628 1736 et
650 1703 716 1737 loca
732 1703 888 1750 praedicta
904 1716 941 1738 ex
960 1717 1036 1739 cau-

284 1752 327 1786 sis
354 1752 486 1796 eisdem,
513 1760 543 1787 et
587 1760 715 1799 propter
756 1761 879 1787 auctam
921 1763 1036 1789 contu—

286 1802 418 1836 maciam
441 1801 628 1836 eorumdem
657 1803 686 1836 in
714 1814 776 1836 non
800 1803 938 1849 parendo
978 1817 1036 1838 no-

284 1853 357 1886 stris
379 1852 505 1887 monitis
523 1861 553 1886 et
568 1852 753 1898 praeceptis,
769 1860 799 1886 et
820 1865 834 1886 a
859 1853 950 1887 nobis
969 1866 1036 1899 pro-

285 1902 381 1937 hibita
405 1904 607 1949 pertinaciter
646 1905 870 1950 prosequendo
905 1905 1034 1945 diutius,

286 1963 361 1990 tunc
401 1955 572 1989 sententias
607 1955 727 1991 similes
772 1956 1034 2003 promulgantes·,

287 2007 458 2054 praefatum
482 2016 585 2041 autem
610 2018 729 2052 regem,
757 2014 788 2041 et
810 2015 934 2041 exteros
964 2008 1034 2042 uni-

286 2069 392 2092 versos
414 2064 444 2091 et
465 2057 619 2104 singulos,
646 2057 698 2103 qui
728 2069 800 2091 cum
826 2069 862 2092 eo
884 2065 935 2091 aut
959 2058 1034 2092 alias

286 2108 316 2141 in
343 2107 517 2153 praesentis
541 2107 731 2141 turbationis
754 2108 818 2141 sive
854 2107 1034 2142 rebellionis

285 2156 435 2191 auxilium
481 2157 671 2204 praedictam
722 2157 854 2192 insulam
912 2157 1032 2204 ingredi

286 2215 576 2253 praesumpserunt,
602 2207 646 2241 vel
681 2206 755 2241 inibi
796 2207 966 2241 existentes
988 2208 1033 2242 ei—

285 2256 355 2290 dem
379 2256 545 2291 turbationi
569 2270 623 2291 seu
658 2257 817 2292 rebellioni
854 2257 1033 2304 quomodo-

283 2319 421 2353 cumque
444 2306 583 2341 faverunt
606 2315 721 2341 attente
749 2307 941 2348 monuimus,
970 2308 1033 2342 eis-

283 2369 344 2404 que
366 2356 507 2391 districte
531 2357 759 2404 praecepimus,
783 2365 815 2391 ut
853 2357 892 2391 ab
923 2358 1033 2391 liuius-

283 2405 365 2441 modi
392 2407 460 2440 suis
486 2406 670 2441 excessibus
692 2414 722 2440 et
744 2406 872 2442 offensis
908 2409 1033 2453 penitus

282 2456 482 2498 desistentes,
501 2456 644 2490 eamdem
669 2456 802 2490 insulam
824 2458 945 2491 exirent
962 2470 1033 2491 om-

283 2506 369 2547 nino,
390 2518 563 2553 numquam
594 2505 668 2540 illuc
691 2507 720 2539 in
747 2515 902 2547 nostrum,
924 2515 954 2540 et
978 2507 1031 2542 Ec-

282 2555 393 2590 clesiae
436 2555 480 2589 rel
526 2556 608 2600 regis
645 2554 748 2590 Caroli
800 2557 1030 2602 praedictorum

281 2604 383 2652 quoad
408 2605 575 2652 praemissa
605 2604 837 2660 qualecumque
872 2606 1032 2652 praeiudi-

282 2654 365 2690 cium
397 2655 561 2690 reversuri.
587 2654 771 2689 Adiecimus
794 2655 887 2690 etiam
907 2657 1030 2703 nequis

1734 258 1770 289 61

943 318 1120 367 imn101d0
1151 331 1229 352 novo
1252 320 1287 353 ad
1320 320 1347 353 id
1377 321 1509 355 insulam
1538 322 1746 367 supradictam
1778 324 1827 357 in-

1081 376 1186 412 trar,et
1210 369 1254 403 vcl
1277 369 1412 416 aliquam
1429 371 1568 405 ciusdem
1588 372 1714 407 Siciliae
1739 374 1827 420 regni

1083 426 1199 464 partem
1230 418 1353 464 publice
1390 420 1434 453 vvl
1475 421 1594 455 occulte
1636 422 1827 469 impeteret

1082 467 1217 501 turbaret
1244 468 1288 502 vel
1312 468 1511 516 aliquatenus
1539 471 1725 506 molestaret.
1754 473 1830 508 Uni-

1083 517 1180 551 vensis
1207 530 1333 564 quoquc
1356 518 1487 561 civibus,
1511 519 1634 563 innotis,
1672 521 1828 557 habitato-

1083 567 1169 601 ribus
1196 575 1226 601 et
1253 567 1511 603 universitatibus
1548 570 1708 604 civitatum
1748 571 1828 607 alio-

1082 629 1215 663 rumque
1243 617 1381 651 locorum
1408 618 1507 664 ipsius
1536 618 1654 653 insulae
1682 633 1753 654 cum
1784 622 1829 655 si-

1082 666 1210 700 milibus
1230 667 1404 701 monitione
1424 675 1454 700 et
1488 667 1682 704 districtione
1717 670 1829 704 iniun—

1082 716 1196 755 ximus,
1220 725 1251 750 ut
1280 728 1383 762 regem
1407 716 1589 762 Aragonum
1634 728 1664 753 et
1707 727 1829 754 exteros

1081 765 1256 800 antedictos
1279 779 1408 812 prorsus
1431 766 1636 813 expellerent,
1661 767 1747 802 nullo
1774 782 1831 803 un-

1081 827 1174 861 quam
1198 824 1339 862 tempore
1369 828 1452 862 ipsos
1473 823 1527 850 aut
1549 816 1627 851 alios
1648 818 1686 851 ad
1731 830 1828 864 prae—

1082 877 1174 899 missa
1200 864 1247 898 vel
1270 864 1382 899 similia
1407 864 1482 899 inibi
1513 868 1679 912 recepturi.
1708 866 1829 902 Distri—

1081 914 1162 949 ctius
1203 915 1331 961 insuper
1367 914 1508 949 inhibere
1548 916 1753 957 curavimuS,
1792 930 1830 952 ne

1083 963 1165 997 idem
1194 976 1246 998 rex
1276 964 1455 1010 Aragouum
1497 977 1529 998 se
1566 978 1669 1012 regem
1705 965 1830 1001 Siciliae

1082 1013 1268 1058 nominaret,
1298 1014 1416 1060 regium
1444 1013 1502 1048 sub
1530 1014 1739 1050 intitulatione
1775 1029 1829 1051 re-

1080 1063 1131 1107 gni
1156 1063 1282 1097 Siciliae
1304 1063 1440 1109 sigillum
1464 1072 1637 1099 assumeret
1671 1065 1715 1099 vel
1752 1073 1828 1100 ute-

1083 1120 1165 1145 retur
1186 1121 1360 1159 assumpto,
1389 1124 1490 1159 neque
1514 1113 1686 1161 privilegia,
1719 1114 1827 1150 immuv

1082 1161 1204 1200 uitales,
1228 1161 1332 1204 feuda,
1355 1162 1552 1201 donationes,
1585 1163 1665 1198 bona
1688 1163 1734 1198 vel
1762 1165 1826 1199 iura

1081 1222 1298 1258 quaecumque
1322 1212 1350 1245 in
1378 1223 1415 1244 eo
1442 1218 1495 1245 aut
1517 1212 1618 1258 aliqua
1642 1213 1708 1248 eius
1744 1222 1827 1260 parte

1081 1260 1279 1303 concederet,
1315 1260 1361 1294 vel
1402 1267 1560 1307 tamquam
1607 1274 1660 1296 rex
1703 1261 1828 1298 Siciliae

1080 1309 1254 1356 quidquam
1277 1322 1369 1356 agere
1395 1318 1573 1351 attentaret,
1597 1324 1698 1358 neque
1725 1311 1828 1346 domi-

1080 1359 1167 1392 nium
1192 1360 1237 1393 vel
1261 1359 1488 1394 subiectionem
1517 1359 1653 1406 aliquam
1677 1363 1708 1395 in
1731 1373 1828 1408 quas-

1080 1420 1216 1455 cumque
1251 1409 1426 1455 singulares
1463 1421 1614 1455 personas
1644 1418 1697 1444 aut
1730 1419 1828 1445 terras

1080 1457 1217 1503 ipsarum
1241 1470 1296 1493 seu
1328 1459 1525 1504 potestariam
1569 1459 1616 1493 vel
1654 1459 1829 1506 quamlibet

1080 1508 1256 1552 rectoriam,
1278 1508 1344 1542 sive
1371 1507 1505 1542 officium
1535 1520 1737 1556 quocumque
1768 1522 1828 1544 no-

1081 1557 1163 1590 mine
1187 1566 1402 1597 censerentur,
1427 1558 1456 1592 in
1484 1558 1609 1593 civitate
1630 1559 1677 1593 vel
1717 1560 1827 1606 quovis

1078 1607 1139 1640 alio
1167 1606 1237 1642 loco
1272 1608 1408 1642 maxime
1446 1608 1545 1654 ipsius
1580 1608 1666 1654 regui
1702 1608 1827 1644 Siciliae

1078 1664 1131 1690 aut
1154 1656 1288 1692 alicuius
1309 1657 1405 1704 partis
1427 1657 1561 1692 ltaliae'
1556 1670 1586 1691 in
1604 1665 1756 1698 nostrum
1770 1658 1826 1693 Ec-

1845 271 1894 296 !tn.
1913 268 2021 295 01283

1078 1705 1190 1740 clesiae
1212 1714 1265 1741 aut
1288 1707 1371 1752 regis
1392 1706 1495 1741 Caroli
1526 1707 1710 1742 corumdem
1744 1720 1826 1754 quo-
1849 1720 2019 1749 vanasquepm-

1838 1752 1858 1772 hi
1861 1752 1959 1776 buffones.
1976 1754 2019 1773 eiu-

1079 1756 1311 1803 modocumque
1322 1734 1379 1790 Dvel
1402 1757 1674 1804 qualecumqueD
1656 1769 1823 1792 oravameu
1838 1783 1884 1803 dem
1896 1782 1972 1804 ,ΜΗ
1988 1785 2023 1804 d,

1079 1817 1133 1851 per
1154 1818 1187 1840 se
1211 1806 1256 1840 vel
1281 1818 1336 1853 per
1356 1806 1450 1840 alium
1474 1807 1639 1853 reciperet,
1662 1807 1708 1841 vel
1731 1808 1822 1842 etiam
1838 1814 1935 1835 cluatw

1077 1863 1266 1901 acceptaret,
1289 1864 1343 1891 aut
1369 1869 1441 1890 cum
1465 1857 1510 1891 eis
1538 1856 1583 1890 vel
1611 1868 1721 1891 eorum
1759 1857 1824 1892 ali-

1076 1917 1139 1951 quo
1162 1906 1190 1940 in
1220 1907 1359 1952 ipsorum
1383 1907 1544 1942 Ecclesiae
1567 1907 1612 1942 vel
1642 1908 1725 1954 regis
1757 1921 1824 1955 gra-

1078 1967 1201 1995 vamen,
1224 1958 1305 1991 sicut
1327 1957 1529 2004 praedicitur,
1554 1957 1735 1992 societatem
1759 1959 1823 1993 sive

1076 2006 1167 2040 aliam
1199 2006 1508 2042 confoederationem
1540 2007 1739 2042 contraheret
1774 2008 1821 2042 vel

1076 2065 1210 2090 servaret
1233 2058 1505 2104 qualitercumque
1533 2065 1735 2092 contractam.
1765 2057 1822 2092 Ne-

1076 2118 1136 2153 que
1166 2107 1344 2153 singulares
1367 2120 1518 2152 personae
1547 2108 1737 2154 praemissae
1773 2107 1819 2142 vel

1075 2156 1151 2190 aliae
1181 2156 1402 2203 undecumque
1429 2157 1570 2192 civitates
1593 2157 1640 2191 vel
1669 2157 1727 2191 alia
1755 2156 1820 2191 loca

1075 2206 1177 2240 eidem
1203 2207 1232 2240 in
1257 2206 1414 2241 Ecclesiae
1437 2218 1472 2241 ac
1495 2207 1577 2252 regis
1603 2206 1706 2241 Caroli
1736 2219 1821 2253 prae-

1075 2255 1230 2290 dictorum
1260 2257 1481 2303 persequtione
1505 2256 1683 2290 huiusmodi
1722 2257 1820 2302 persi-

1075 2306 1179 2345 stenti,
1203 2306 1247 2340 vel
1277 2305 1327 2340 alii
1357 2318 1412 2353 pro
1453 2318 1489 2340 eo
1528 2306 1593 2340 sive
1624 2306 1653 2339 in
1683 2305 1817 2340 favorem

1076 2355 1174 2401 ipsius
1186 2358 1369 2410 *praemissa
1388 2355 1610 2395 concederent,
1633 2355 1680 2389 vel
1702 2354 1818 2402 aliquid

1077 2406 1330 2451 praemissorum,
1358 2414 1410 2439 aut
1438 2405 1540 2451 ipsum
1566 2406 1610 2439 vel
1638 2404 1733 2439 alium
1762 2418 1818 2451 pro

1074 2455 1185 2491 eodem
1215 2455 1259 2490 vel
1284 2456 1314 2489 in
1338 2455 1474 2489 favorem
1498 2454 1584 2489 illius
1609 2453 1646 2488 ad
1693 2454 1819 2502 praedi-

1074 2516 1133 2545 cta,
1163 2506 1208 2541 vel
1236 2504 1362 2552 aliquod
1387 2516 1494 2539 eorum
1519 2504 1682 2550 eligerent,
1715 2504 1820 2538 nomi-

1075 2565 1194 2595 narent,
1223 2556 1398 2602 reciperent
1426 2554 1472 2589 vel
1508 2561 1706 2589 assumerent
1739 2566 1819 2601 quo-

1073 2605 1242 2651 quomodo.
1267 2604 1331 2638 Nec
1355 2604 1422 2650 ipse
1459 2616 1511 2638 rex
1550 2603 1729 2650 Aragonum
1770 2604 1817 2639 vel

1072 2655 1176 2701 quivis
1198 2655 1276 2689 alins
1297 2654 1472 2700 singulares
1500 2665 1661 2701 personas,
1679 2653 1817 2689 civitates
