2274 3265
118 264 164 290 An,
185 263 211 288 C,
235 264 300 290 ¹350

123 816 215 836 ‘'terit-ns
247 822 280 835 ειν

111 847 187 867 tutaris
203 849 227 866 ad
245 854 296 873 pize-

110 878 197 897 bendarn
233 878 293 898 ullam

110 915 150 928 non
179 910 293 928 ariminum

119 1805 197 1825 Priori:
230 1804 289 1823 clau*

211 1836 288 1855 electio

105 1868 179 1893 quibus
202 1873 221 1886 in
244 1872 290 1886 mo-

106 1900 221 1920 musterus,

106 1929 208 1954 quamodo

105 1961 188 1980 cienda.

106 1836 176 1856 erratis

908 267 1103 290 nimisnimtis
1125 268 1168 289 ΧΗ
1195 268 1240 290 ΡΡ.

314 321 479 356 habeatur:
508 335 543 357 ac
572 322 777 356 nibilominus
802 322 899 368 possit
923 334 976 368 per
995 334 1064 369 pro—

313 372 414 417 prium
440 372 610 416 praelatum
633 372 669 405 ad
689 371 897 418 profitendum
914 383 1063 417 expresse

312 420 470 467 compelli.
501 421 662 456 praelatus
688 433 826 467 quoquc,
854 421 906 466 qui
936 420 1062 467 prol'es-

312 470 433 504 sionem
456 470 495 504 ab
517 484 554 504 eo
577 471 715 516 recipere
736 470 871 503 renuerit
895 477 949 503 aut
965 469 1063 503 <listu-

313 518 392 562 lerit,
422 527 450 552 ut
481 519 665 565 praefertur,
699 519 735 553 ad
765 519 862 564 ipsius
891 519 1062 565 professio-

312 580 382 602 nem
406 568 633 603 admittendam
650 579 795 613 expresse
815 580 869 613 per
890 580 982 602 suum
1002 568 1061 601 im-

311 617 482 651 mediatum
506 618 701 663 superiorem
724 617 882 663 religionis
904 617 1060 656 ciusdem,

309 680 365 701 seu
395 680 449 713 per
471 679 555 707 eum,
578 667 614 700 ad
643 679 737 713 quem
759 666 955 713 pertinuerit,
979 679 1061 701 com·

310 716 451 762 pellatur.
948 733 962 747 α

358 765 432 811 §5-
463 764 673 798 Proliibemus
701 765 842 810 insuper,
872 778 908 798 ne.
939 766 968 799 in
992 765 1060 799 Ec-

285 814 403 848 -clesia
427 813 597 848 cathedrali
627 826 682 847 seu
702 815 904 856 monasterio,
928 816 973 848 vel
992 815 1060 849 luco

308 863 368 897 aliu
408 862 567 909 religionis
602 863 754 901 eiusdem,
789 864 891 909 quivis
927 864 1061 898 clericus

307 913 477 947 saecularis
512 912 559 945 vel
584 912 681 946 laicus
710 912 877 958 recipiatur
908 914 944 946 ad
970 926 1060 959 prae-

308 962 454 1004 bendam,
482 973 535 995 seu
555 963 649 995 etiam
676 963 866 1007 portionem,
883 963 938 996 nisi
958 963 1058 996 eidem

306 1011 465 1046 Ecclesiae
488 1024 544 1044 seu
570 1010 759 1046 monasterio
782 1011 828 1044 vel
858 1012 924 1045 loeo
940 1012 1059 1045 dederit

306 1061 451 1107 primitus
473 1072 505 1093 se
529 1068 653 1094 elsua:
679 1072 735 1093 nec
760 1061 942 1095 huiusmodi
969 1074 1059 1107 prac-

306 1109 408 1143 benda
432 1122 485 1143 seu
506 1110 608 1155 portio
635 1109 671 1143 ad
691 1110 781 1142 vitani
808 1111 853 1144 vel
877 1110 913 1143 ad
935 1119 1058 1156 tempus

306 1159 469 1198 vendatur,
507 1159 609 1199 detur,
652 1170 709 1192 seu
750 1159 827 1193 alias
866 1159 1060 1193 coucedatur

303 1208 416 1242 cidem.
454 1207 615 1254 Quicquid
651 1215 753 1240 autem
783 1216 890 1242 contra
915 1208 1059 1254 probibi-

304 1258 420 1292 tionem
450 1256 635 1291 buiusmodi
658 1264 844 1291 attentatum
868 1256 971 1297 suerit,
994 1270 1060 1291 om-

305 1309 380 1340 nino
415 1306 618 1341 decernimus
658 1306 778 1339 irritum
814 1314 843 1339 et
879 1306 986 1339 inane:
1023 1318 1057 1340 ac

305 1356 511 1390 nihilomiuus
527 1355 724 1401 recipientes,
751 1355 932 1394 vendente&
947 1355 1058 1389 dantes

303 1414 333 1440 et
361 1405 576 1439 concedentes
604 1404 798 1443 huiusmodi,
836 1406 911 1438 ultra
942 1416 1058 1451 poenas

303 1467 318 1488 a
342 1455 409 1489 iure
431 1462 575 1497 statutas,
598 1455 798 1500 superiorum
822 1466 951 1488 suornm
973 1453 1057 1488 arbi-

304 1505 363 1537 trio
392 1504 573 1550 puniantur.
611 1503 671 1537 Per
700 1504 869 1549 praemissa
900 1516 971 1537 vero
994 1516 1055 1537 nou

305 1553 500 1587 intendimus
536 1554 616 1587 circa
645 1553 744 1586 officia
787 1553 832 1586 vel
869 1553 1056 1595 ministeria,

303 1610 356 1637 aut
384 1603 441 1637 alia
465 1603 617 1650 obsequia
654 1610 845 1648 opportuna,
874 1602 949 1636 inibi
979 1614 1057 1636 con-

303 1661 392 1687 sueta
417 1665 471 1699 per
505 1652 683 1686 saeculares
709 1651 842 1686 clericos
878 1652 924 1686 vel
960 1651 1058 1686 laicos

304 1703 456 1738 exerceri,
479 1701 596 1749 aliquid
622 1701 801 1735 immutare.

353 1751 372 1798 g
394 1756 426 1786 6.
451 1751 492 1787 Ut
518 1760 622 1785 autem
651 1750 732 1784 dicta
759 1751 866 1796 religio
887 1750 1058 1784 salubriter

305 1801 335 1834 in
365 1801 514 1836 omnibus
553 1800 719 1846 dirigatur,
757 1801 785 1834 in
823 1800 965 1834 Ecclesia
1001 1812 1056 1833 seu

304 1851 518 1887 monasterio,
560 1851 667 1883 locove
700 1850 762 1882 alio
801 1850 965 1894 collegiato
1001 1861 1055 1883 seu

269 1900 504 1942 {conventuali
546 1900 708 1944 religionis
743 1899 883 1932 eiusdem
912 1899 1057 1944 superio-

305 1961 370 1982 rem
387 1949 488 1983 (lictae
505 1949 663 1994 religionis
680 1960 739 1981 non
758 1948 947 1990 babente,ac
963 1949 1056 1981 etiam

305 1999 334 2031 in
350 1998 489 2045 quolibet
504 1998 667 2043 collegiati)
683 2010 737 2031 sen
759 1997 958 2031 conventuali
989 1997 1058 2031 loco

303 2048 472 2082 duodecim
495 2048 538 2081 vel
557 2048 706 2081 maiorem
733 2059 899 2080 nnmerum
925 2046 1058 2079 habente

303 2097 527 2132 canonicorum
552 2098 667 2139 (etiam
686 2096 709 2129 si
727 2097 924 2142 superiorem
947 2095 976 2129 in
993 2096 1058 2141 ipsa

305 2147 456 2191 religione
470 2146 604 2189 babeat),
620 2158 741 2180 necnon
760 2146 788 2178 iu
804 2146 864 2179 alio
882 2145 950 2179 loro
965 2146 1056 2178 etiam

304 2196 456 2230 minorem
494 2195 663 2229 duodecim
707 2207 874 2229 numerum
914 2194 1058 2233 habente,

304 2246 333 2279 in
361 2257 425 2291 quo
445 2245 528 2291 prior
549 2244 724 2278 claustralis
751 2256 819 2277 esse
846 2243 1058 2283 consueverit,

303 2295 510 2329 constituatur
545 2293 726 2327 huiusmodi
760 2294 844 2338 prior
870 2293 1058 2333 claustralis,

303 2344 449 2390 dictaque
473 2343 584 2390 prioris
606 2343 789 2377 constitutio
815 2344 863 2376 liat
890 2355 945 2388 per
968 2343 1057 2376 illum

304 2406 359 2427 seu
377 2393 457 2431 illos,
480 2392 517 2426 ad
533 2404 627 2439 quem
643 2392 691 2425 vel
708 2391 745 2426 ad
762 2404 842 2438 quos
860 2392 1058 2437 pertinuerit,

305 2455 375 2476 cum
405 2442 537 2477 consilio
571 2441 748 2488 aliquorum
785 2441 944 2475 seniorum
975 2441 1058 2475 illius

307 2493 377 2533 loci,
401 2491 431 2525 in
455 2503 518 2537 qno
541 2491 768 2529 constituetni·;
791 2490 939 2524 attentius
955 2491 1059 2536 provi-

306 2541 423 2580 dendo,
447 2540 530 2587 quod
556 2552 699 2586 persona,
727 2551 808 2587 quae
844 2539 946 2573 zelum
985 2539 1059 2573 reli-

306 2590 409 2636 gionis
436 2589 613 2624 ordinatum
645 2589 769 2629 habeat,
804 2601 921 2635 quaeve
949 2589 1060 2623 existat

307 2639 417 2673 idonea
441 2638 478 2673 ad
510 2638 718 2673 exercendum
750 2638 863 2685 prioris
886 2637 1060 2672 claustralis

1742 258 1804 291 127

1104 322 1239 356 ollicium
1264 323 1293 356 in
1320 322 1401 366 loco,
1422 325 1451 357 in
1476 337 1539 371 quo
1557 325 1728 359 constituta
1752 324 1854 367 suerit,

1104 380 1294 406 assumatur.
1319 371 1428 407 Dictus
1452 385 1523 407 vero
1547 374 1641 420 prior,
1661 387 1758 422 quum
1782 387 1853 408 cnm

1103 421 1225 459 abesse,
1250 421 1295 455 vel
1319 423 1364 456 sic
1396 422 1540 467 impediri
1569 424 1746 469 contigerit,
1770 425 1853 470 qnod

1105 470 1295 505 incumbens
1316 470 1376 505 sibi
1399 471 1535 505 officium
1565 484 1620 518 per
1654 485 1686 507 se
1721 482 1855 520 nequeat

1103 531 1262 559 exercere,
1291 527 1436 554 tencatur
1462 520 1596 567 aliquem
1629 534 1667 556 ex
1694 522 1855 557 canonicis

1103 568 1178 602 dicti
1209 568 1266 602 loci
1291 570 1328 602 ad
1353 569 1412 603 lioc
1435 570 1582 603 idoneum
1612 570 1853 618 ‹leputar‹·,qui,

1103 617 1283 652 huiusmodi
1307 618 1446 652 absentia
1470 618 1516 652 vel
1541 618 1769 665 impedimento
1796 621 1855 654 ‹lu-

1104 676 1202 706 rante,
1228 668 1310 701 vices
1338 667 1438 713 ipsius
1467 676 1570 712 gerat:
1607 669 1663 701 nisi
1698 668 1789 702 alicui
1818 681 1853 703 ex

1104 716 1267 763 privilegio
1299 729 1353 751 seu
1394 725 1509 751 statuto
1538 717 1582 750 vel
1615 718 1854 760 consuetudine,

1104 766 1222 799 ratione
1245 766 1415 812 dignitatis,
1441 775 1641 812 personatus,
1658 767 1703 799 vel
1727 767 1856 801 alterius

1104 814 1260 852 beuelicii,
1297 817 1326 849 in
1365 816 1545 861 praemissis
1579 815 1707 849 casibus
1745 829 1854 859 gerere

1104 865 1187 899 vices
1209 865 1390 899 huiusmodi
1431 873 1612 911 competere
1648 874 1854 905 nosceretnr;

1104 913 1147 947 vel
1173 915 1230 947 nisi
1254 914 1327 947 dicti
1353 915 1466 960 prioris
1488 915 1632 959 superior
1653 916 1791 959 aliquem
1815 915 1853 949 ad

1103 963 1161 997 boc
1188 976 1243 1009 pro
1260 965 1326 1009 ipso
1351 965 1452 1009 priore
1475 964 1599 997 duxerit
1621 964 1852 1007 deputandum.

1102 1012 1134 1046 lu
1165 1012 1233 1047 loco
1255 1021 1372 1051 autern,
1397 1014 1425 1046 in
1454 1026 1517 1058 qno
1540 1013 1715 1046 secundnm
1757 1026 1854 1059 prae—

1103 1062 1195 1095 missa
1221 1063 1305 1108 prior
1327 1063 1501 1096 claustralis
1521 1063 1650 1095 minime
1673 1062 1763 1096 luerit
1788 1071 1853 1097 sta-

1102 1111 1250 1148 tuendus,
1274 1111 1521 1157 pi·aesid‹·nstali
1538 1111 1727 1157 loco,quum
1750 1111 1851 1156 ipsum

1101 1160 1248 1204 impediri
1293 1160 1339 1194 vel
1379 1160 1489 1194 abesse
1525 1161 1705 1204 contigerit,
1747 1168 1780 1194 nt
1815 1161 1852 1194 dc

1102 1210 1204 1253 priore
1246 1209 1403 1242 claustrali
1441 1210 1668 1255 praemittitur,
1712 1217 1854 1243 teneatur

1100 1257 1236 1303 aliquem
1266 1258 1334 1292 loco
1370 1258 1430 1295 sui,
1469 1258 1570 1304 quoad
1621 1270 1666 1293 ea.
1700 1270 1780 1304 quae
1815 1259 1852 1292 ad

1099 1306 1236 1340 officium
1262 1307 1373 1351 prioris
1400 1307 1576 1340 claustralis
1599 1308 1766 1352 pertinent,
1797 1307 1853 1341 do-

1101 1363 1219 1400 putare.
1255 1355 1316 1389 Per
1344 1356 1402 1389 boc
1438 1364 1554 1398 autem,
1589 1355 1673 1402 qnod
1707 1356 1854 1390 volumus

1100 1406 1358 1439 constitutionem
1383 1405 1457 1438 dicti
1483 1405 1597 1451 prioris
1621 1405 1685 1438 lieri
1711 1404 1750 1439 de
1773 1417 1853 1439 con-

1099 1454 1167 1489 silio
1189 1455 1365 1492 seniorum,
1389 1467 1450 1488 non
1473 1455 1668 1488 intendimus
1690 1454 1771 1488 circa
1795 1457 1855 1488 ad-

1099 1505 1306 1538 monitionem
1329 1504 1429 1550 ipsius
1445 1504 1483 1539 de
1507 1505 1638 1551 pristina
1655 1504 1852 1538 observantia

1098 1555 1224 1600 aliquod
1250 1554 1426 1588 immutare.

1148 1607 1163 1646 5
1188 1607 1217 1637 7.
1248 1604 1308 1638 Pro
1342 1603 1474 1648 regulari
1508 1603 1674 1647 disciplina
1703 1602 1854 1637 attentius

1099 1652 1294 1687 observanda
1321 1654 1350 1687 iu
1375 1653 1516 1687 Ecclesia
1538 1652 1721 1694 cathedrali,
1745 1665 1854 1686 mona-

1099 1703 1205 1741 sterio,
1230 1703 1337 1737 locove
1370 1703 1431 1737 alio
1458 1702 1658 1736 conventuali
1696 1701 1856 1747 religionis

1100 1752 1257 1791 eiusdem,
1286 1752 1401 1787 diebus
1429 1752 1587 1795 singulis:
1625 1752 1653 1784 in
1682 1751 1752 1784 aliis
1783 1763 1854 1785 vero

1101 1802 1190 1838 locis,
1214 1802 1243 1834 in
1273 1801 1390 1848 quibus
1412 1810 1549 1848 quatuor
1576 1809 1628 1834 ant
1666 1801 1773 1846 plnres
1799 1812 1854 1835 ca-

1101 1851 1204 1885 nonici
1234 1850 1350 1885 fuerint
1372 1851 1525 1896 deputati,
1562 1850 1672 1884 saltem
1696 1848 1794 1883 semel
1823 1850 1853 1884 in

1100 1901 1288 1945 septimana,
1319 1909 1349 1934 et
1382 1901 1475 1934 ctiam
1503 1899 1630 1946 saepius
1666 1900 1695 1932 in
1735 1898 1853 1933 eisdem

1101 1950 1137 1992 (si
1164 1950 1192 1983 in
1218 1950 1294 1995 ipsis
1312 1951 1451 1996 saepius,
1474 1962 1509 1983 ac
1538 1949 1566 1982 in
1590 1948 1756 1995 quibusvis
1780 1949 1856 1982 locis

1100 1999 1170 2033 aliis
1193 2011 1254 2032 uon
1277 1998 1540 2033 conventualibus
1556 1999 1672 2032 totiens
1685 2006 1715 2031 et
1730 1998 1856 2043 quando

1101 2056 1147 2082 est
1170 2048 1200 2081 in
1225 2048 1270 2082 eis
1294 2048 1357 2082 ficri
1382 2052 1580 2082 consuetuml
1605 2047 1746 2093 regulare
1768 2047 1856 2092 capi-

1102 2097 1201 2131 tulum
1230 2105 1384 2138 teneatur,
1410 2098 1439 2131 io
1463 2109 1527 2144 qno
1543 2106 1708 2143 antequam
1729 2096 1766 2129 ad
1791 2105 1857 2130 tra-

1100 2147 1211 2181 ctanda
1234 2147 1291 2180 alia
1318 2147 1518 2193 procedatur,
1546 2146 1773 2180 cauonicorum
1799 2157 1856 2179 ex-

1101 2209 1221 2235 cessus,
1267 2197 1533 2241 transgressiones
1575 2204 1605 2229 et
1645 2196 1857 2240 negligentiae

1100 2247 1311 2292 corrigantur,
1346 2258 1380 2280 ac
1413 2246 1451 2279 de
1479 2245 1644 2290 disciplina
1680 2253 1710 2278 et
1737 2243 1857 2278 confir-

1102 2296 1237 2330 matione
1273 2295 1406 2339 regulari
1443 2303 1592 2330 tractetur
1625 2293 1793 2328 salubriter
1827 2301 1858 2327 et

1100 2353 1220 2390 agatur,
1238 2344 1324 2378 nullo
1344 2344 1461 2378 ibidem
1481 2353 1624 2388 proterve
1647 2353 1700 2376 aut
1718 2343 1856 2377 clamose

1101 2406 1156 2428 seu
1179 2394 1386 2427 irreverenter
1422 2406 1454 2427 se
1478 2389 1593 2427 bab'ere
1616 2391 1857 2438 quomodolibet

1103 2452 1336 2489 praesumente.

1150 2491 1170 2538 g
1197 2494 1230 2525 8.
1260 2491 1294 2525 In
1316 2491 1454 2536 singulis
1477 2502 1603 2537 quoquc
1627 2490 1780 2524 Ecclesiis
1802 2501 1856 2524 ca-

1102 2540 1309 2580 thedralibus,
1333 2541 1531 2574 monasteriis
1545 2548 1637 2586 atque
1657 2539 1734 2574 locis
1756 2539 1855 2574 colle-

1101 2590 1194 2636 giatis
1230 2602 1284 2624 seu
1309 2589 1569 2624 conventualibus
1593 2588 1753 2634 religionis
1776 2600 1855 2635 prae-

1103 2640 1180 2674 satae
1205 2639 1442 2686 principalibus,
1471 2651 1533 2673 non
1563 2638 1601 2672 ab
1628 2638 1696 2672 aliis
1731 2637 1855 2685 depen-

1871 269 1922 296 Αη.
1940 267 1969 294 C.
1990 266 2055 293 «350

1877 1613 1904 1634 Do
1913 1614 2004 1639 capitula
2014 1616 2055 1633 e'ui-

1870 1645 1964 1670 gnlorum
2000 1650 2053 1665 cun—

1870 1679 1977 1696 reatuum,

1879 2497 1908 2519 De
1919 2498 2010 2524 capituto
2022 2503 2058 2516 au-

1869 2535 1922 2549 num
