2274 3265
223 252 271 279 An.
288 251 317 279 C.
340 252 404 278 ¹555

235 908 328 934 Damnat,
346 909 404 929 fleri-

221 945 260 965 que
276 939 380 966 prohibei,

256 1603 373 1625 Clausulas.

468 241 538 274 510

419 306 563 343 scandala
586 306 732 340 oriuntur
753 313 784 339 et
811 304 931 351 brigac,
956 312 986 338 et
1016 316 1166 338 nonnun-

418 368 536 404 quam,
564 354 648 401 quod
677 354 841 389 molestius
873 354 1014 393 ferimus,
1051 366 1165 387 nomen

419 404 546 441 Domini
570 403 822 450 blasphematur:
846 404 996 450 quodque
1018 402 1168 437 officiales

419 454 500 502 ipsi,
530 453 694 501 stipendiis
735 453 869 499 propriis
906 465 967 488 nou
1002 452 1165 489 contenti,

419 503 562 551 quinimo
593 503 687 538 lucris
716 501 879 547 turpibus,
903 515 964 537 nou
993 502 1060 536 sine
1084 514 1166 547 prae-

419 553 538 589 iudicio
563 552 674 588 salutis
704 559 734 586 et
761 552 861 587 famae
889 551 1047 599 propriae,
1084 550 1167 584 iulii-

418 612 518 642 antes,
544 615 560 637 a
578 602 753 650 prostitutis
780 601 907 649 publice
935 599 1166 638 meretricibus,

418 665 498 700 quae
535 652 574 688 de
612 651 718 687 infami
758 650 958 698 propriorum
998 661 1166 695 corporum

418 710 551 750 quaestu
579 701 698 742 vivunt,
724 700 908 747 septimanis
941 698 1076 745 singulis
1101 698 1167 732 sine

417 764 512 787 causa
533 751 674 798 exigunt,
696 759 726 785 et
748 749 883 797 propriis
904 747 1082 784 commodis
1100 748 1166 781 sinc

419 801 629 836 incommodis
650 800 810 846 applicant
832 812 930 833 unum
953 810 1110 844 grossum.

468 856 483 894 ᾖ
505 853 537 884 9..
567 850 716 885 Volentcs
739 848 834 895 igitur
860 860 955 895 super
977 847 1026 881 liis
1047 846 1087 881 de
1115 846 1167 880 illo

419 900 559 935 remedio
578 899 755 947 providere,
775 910 829 945 per
846 897 930 944 quod
955 897 1025 931 talia
1041 896 1080 931 de
1095 908 1167 930 cae-

419 957 485 984 tero
511 961 573 983 non
608 948 813 993 contingant;
849 946 1029 981 baratterias
1056 945 1168 980 liuius-

419 998 502 1033 modi
531 998 560 1032 in
584 997 703 1033 eisdem
733 996 915 1043 provinciis,
937 994 1116 1030 civitatibus
1138 1002 1168 1028 et

417 1047 511 1083 Curia
535 1047 600 1082 fieri
627 1054 657 1082 et
680 1045 773 1081 vendi
796 1045 835 1080 de
847 1054 971 1080 caetero
993 1044 1168 1080 districtius

419 1096 635 1144 probibemus,
664 1094 838 1130 rectoribus
877 1095 1109 1142 provinciarum
1137 1101 1166 1128 et

417 1147 574 1182 civitatum
612 1145 752 1192 ipsarum
774 1157 811 1179 ac
832 1144 1005 1179 camerario
1039 1144 1143 1191 Papae
1160 1171 1168 1184 ,

418 1194 639 1243 praesentibus
665 1203 695 1229 et
723 1194 849 1234 futuris,
875 1193 1026 1228 omnibus
1053 1203 1082 1228 et
1109 1193 1169 1227 sin-

417 1245 501 1292 gulis
522 1244 663 1280 districte
682 1243 906 1291 praecipiendo
929 1243 1114 1278 mandantes
1138 1252 1169 1277 ut

418 1306 693 1343 quorumcumque
720 1293 900 1328 officialium
941 1293 987 1327 vel
1022 1293 1169 1333 aliorum,

419 1352 527 1380 contra
552 1343 799 1391 prohibitionem
836 1350 973 1377 nostram
1001 1342 1144 1377 eamdem
1161 1370 1169 1383 ,

420 1394 601 1429 baratterias
622 1392 805 1428 huiusmodi
820 1392 1034 1427 ordinantium
1051 1404 1086 1426 ac
1101 1404 1172 1426 veu-

420 1444 563 1479 dentium
577 1442 657 1484 illas,
670 1451 723 1478 aut
739 1442 913 1477 ludentium
930 1441 1171 1489 quomodolibet

420 1494 451 1528 in
474 1492 608 1538 eisdem,
629 1505 665 1527 ac
686 1491 878 1538 exigentium
894 1504 910 1526 a
933 1491 1079 1538 praefatis
1103 1504 1171 1525 me-

420 1541 588 1578 retricibus
623 1542 798 1588 prostitutis
828 1541 962 1588 aliquid,
991 1541 1172 1576 temeritatis

420 1591 581 1627 andaciam
606 1591 737 1638 punient
753 1599 783 1626 et
799 1591 964 1638 castigent.
993 1591 1077 1625 Nulli
1098 1603 1173 1637 ergo

421 1641 550 1676 omnino
590 1641 755 1676 bominum
791 1641 881 1675 liceat
917 1641 997 1675 lianc
1025 1640 1171 1687 paginam

423 1686 600 1726 nflstrorum
618 1691 797 1732 voluntatis,
813 1690 1035 1738 prohibitionis
1049 1698 1079 1725 et
1091 1702 1173 1724 mau-

422 1740 485 1776 dati
512 1740 682 1787 infringere
701 1750 754 1775 ecc.

472 1790 543 1826 Dat.
570 1790 653 1838 apud
683 1790 913 1826 Villamnovam
945 1789 1176 1825 Avenionensis

424 1841 591 1886 dioecesis,
614 1848 725 1888 quarto
761 1840 912 1876 kalendas
933 1840 1070 1886 augusti,
1095 1852 1177 1886 pon-

425 1891 563 1926 tificatus
588 1891 685 1925 nostri
709 1903 792 1925 anno
821 1891 935 1937 primo.

487 1953 548 1984 Dat.
566 1953 613 1984 die
631 1953 670 1983 29
692 1953 757 1983 iulii
776 1953 862 1990 1353,
880 1952 982 1992 pontis.
1006 1961 1083 1982 anno
1099 1961 1116 1981 t.

773 2121 834 2157 Vl.

431 2207 549 2240 [λεᾶναι
572 2217 728 2251 processus
752 2205 845 2239 Glem.
874 2205 901 2237 V
919 2212 946 2238 et
975 2205 1063 2238 Ιοαη.
1087 2205 1183 2238 XXII

479 2264 584 2289 contra
607 2256 801 2293 invadentes,
828 2257 873 2288 vel
903 2256 983 2289 alias
1014 2255 1182 2300 quomodo-

480 2306 550 2339 libet
583 2306 711 2339 Siciliae
736 2317 865 2349 regnum
897 2312 1077 2350 occupantes
1107 2316 1183 2349 pro-

481 2356 648 2400 mulgatae,
690 2356 894 2388 extenduntur
920 2356 962 2388 ad
996 2355 1183 2387 Beneventa-

481 2416 556 2439 nam
576 2406 727 2438 civitatem
754 2407 808 2447 (l).

705 2483 919 2515 SUMMARIUM

437 2553 624 2584 Prooemium.
650 2570 688 2575 —
710 2553 736 2582 1.
759 2552 880 2582 Cautum
905 2561 919 2580 a
942 2551 1090 2580 Clemente
1110 2549 1130 2577 V
1151 2558 1185 2579 ne

478 2599 630 2636 utriusque
645 2596 764 2626 Siciliae
782 2605 904 2634 regnum
932 2596 1130 2625 invaderetur·
1149 2612 1186 2616 --

475 2654 514 2690 (Ι)
529 2654 566 2682 Ex
584 2654 688 2689 aegest.
706 2654 731 2681 in
749 2653 859 2681 Archiv.
879 2653 961 2680 Vatir.

1003 249 1188 273 BULLAtttUM
1216 247 1376 270 ROMANUM

1247 301 1273 330 02.
1308 300 1366 329 lloc
1400 300 1520 329 firmans
1552 297 1676 327 loannes
1699 296 1768 327 xxtt
1792 297 1957 337 peculiares

1248 354 1357 384 poenas
1380 343 1486 373 adiecit
1501 346 1599 371 contra
1624 341 1788 371 molestiam
1806 342 1895 371 ullam
1912 342 1958 371 in-

1249 390 1374 418 serentes
1404 386 1574 416 corumdem
1604 394 1760 423 regnorum
1785 385 1897 415 incolis.
1919 403 1958 408 —-

1248 434 1274 462 3.
1299 431 1382 461 Varia
1407 430 1525 469 exponit
1547 429 1735 458 luunt-entius
1753 429 1858 458 damna
1878 429 1956 459 illata

1249 476 1362 506 civibus
1391 474 1602 504 Beneventanis
1630 473 1785 503 occasione
1813 473 1956 503 bellorum

1248 527 1275 551 et
1307 519 1502 559 potentiorum
1527 518 1645 548 malitia:
1677 534 1716 539 —
1743 518 1770 547 4.
1802 517 1957 556 Dictasque

1248 564 1510 603 praedecessorum
1531 562 1753 592 constitutiones
1770 562 1804 591 ad
1821 562 1957 591 ducatum

1249 608 1484 638 Beneventanum
1515 607 1653 637 extendit.
1678 624 1715 628 —
1744 607 1770 636 5.
1793 606 1958 636 Clausulae.

1230 684 1400 713 Innocentius
1427 683 1568 719 episcopus
1596 688 1692 710 servus
1719 688 1857 710 servorum
1876 681 1936 713 Del.

1341 734 1375 761 ad
1409 733 1568 768 perpetuam
1591 731 1631 760 rei
1658 731 1825 760 memoriam.

1257 796 1418 832 Debemus
1447 795 1599 831 subiectis
1632 795 1780 829 omnibus
1809 794 1960 830 adversus

1210 847 1409 881 insolentiam
1438 857 1654 892 perversorum
1677 845 1877 891 protectionis
1902 857 1961 891 op-

1211 904 1364 943 portunae
1400 895 1610 943 praesidium,
1649 895 1703 928 sed
1748 895 1793 929 eis
1827 894 1961 929 maxime

1210 945 1394 993 promptiori
1438 945 1542 979 studio
1568 944 1680 978 adesse
1713 957 1771 978 nos
1803 945 1962 987 convenit,

1208 996 1262 1043 qui
1279 995 1438 1030 Romanae
1449 994 1627 1029 immediate
1639 993 1772 1028 subiecti
1788 993 1963 1037 Ecclesiae,

1211 1045 1331 1080 nullum
1348 1052 1539 1090 agnoscunt,
1555 1051 1676 1089 praeter
1692 1042 1868 1077 Romanum
1886 1043 1966 1077 Pon-

1210 1096 1338 1139 tificem,
1356 1094 1569 1137 defensorem,
1593 1101 1624 1127 ut
1645 1093 1725 1128 sicut
1740 1092 1841 1127 eidem
1860 1092 1966 1127 Eccle—

1209 1145 1273 1180 siae
1290 1143 1626 1191 specialitersubsunt,
1642 1143 1687 1177 sic
1701 1144 1770 1177 eius
1787 1142 1965 1189 specialiter

1209 1195 1345 1229 sentiant
1368 1193 1503 1228 savorem
1528 1193 1697 1240 propitium
1722 1193 1751 1227 in
1777 1192 1966 1239 opportuni-

1211 1244 1325 1279 tatibus
1347 1243 1542 1278 eorumdem.

1259 1294 1279 1341 g
1308 1296 1337 1327 l.
1362 1292 1489 1327 Dudum
1513 1292 1669 1339 siquidem
1695 1291 1792 1326 felicis
1819 1290 1965 1326 recorda-

1213 1344 1305 1378 tionis
1331 1342 1481 1378 Clemens
1503 1342 1585 1388 Papa
1609 1343 1753 1389 quintus,
1778 1341 1963 1388 praedeces-

1211 1406 1263 1428 sor
1282 1400 1399 1432 noster,
1422 1406 1459 1427 ex
1487 1393 1579 1427 certis
1601 1392 1704 1426 causis
1730 1390 1966 1426 rationabilibus

1213 1452 1288 1478 tunc
1314 1443 1484 1490 expressis,
1508 1442 1664 1475 universis
1697 1450 1726 1475 et
1753 1441 1886 1486 singulis
1907 1440 1967 1474 cle-

1214 1493 1287 1528 ricis
1315 1502 1345 1527 ct
1380 1493 1477 1531 laicis,
1503 1492 1734 1538 cuiuscumque
1763 1490 1966 1528 conditionis,

1213 1551 1323 1586 status,
1346 1541 1466 1576 ordinis
1499 1542 1544 1575 vcl
1575 1541 1832 1587 praeeuiiuentiae
1854 1539 1967 1581 forent,

1214 1592 1305 1627 etiam
1329 1592 1353 1626 si
1379 1591 1548 1638 pontificali
1574 1590 1620 1624 vel
1650 1590 1803 1636 imperiali
1834 1602 1889 1624 sen
1921 1602 1970 1623 re-

1215 1642 1274 1687 gali
1308 1642 1353 1675 vel
1382 1641 1492 1688 quavis
1525 1640 1584 1675 alia
1620 1639 1774 1685 dignitate
1801 1640 1971 1685 fulgerent,

1217 1691 1472 1726 universitatibus
1490 1702 1618 1737 quoqne
1641 1698 1670 1724 et
1690 1688 1972 1724 communitatibus

1216 1741 1474 1788 quibuscumque
1501 1740 1686 1775 auctoritate
1716 1739 1889 1786 apostolica
1916 1751 1972 1772 ex-

1218 1803 1325 1838 presse
1348 1791 1521 1838 probibuit,
1549 1803 1587 1824 ne
1615 1801 1745 1835 regnum
1774 1788 1901 1824 Siciliae
1923 1789 1970 1823 vel

1218 1849 1331 1876 terram
1354 1841 1430 1875 citra
1452 1840 1583 1880 Far-um,
1611 1852 1665 1874 seu
1697 1846 1817 1886 partem
1842 1839 1886 1873 vel
1915 1838 1973 1872 ali-

1218 1904 1278 1938 qua
1301 1890 1367 1925 loca
1391 1890 1530 1938 ipsorum
1553 1898 1605 1924 aut
1627 1889 1755 1924 alterius
1776 1887 1973 1929 eorumdem,

1219 1940 1330 1988 quovis
1347 1939 1452 1975 colore
1464 1939 1617 1987 quaesito,
1641 1938 1789 1973 invadere
1812 1938 1858 1972 vel
1875 1937 1972 1972 offen-

1219 1991 1305 2032 dere,
1325 2002 1380 2025 scu
1398 1998 1526 2038 propter
1543 1989 1601 2024 hoc
1621 1989 1759 2036 recipere
1770 1987 1975 2022 velexliibere

1220 2039 1376 2088 stipendia
1417 2047 1666 2087 praesumerent,
1710 2046 1765 2073 aut
1802 2049 1897 2085 super
1938 2037 1975 2071 iis

1223 2089 1517 2138 praesumptoribus
1544 2088 1619 2136 ipsis
1655 2096 1813 2136 praestare
1849 2086 1975 2134 publice

1222 2141 1268 2175 vel
1297 2139 1432 2182 occulte,
1459 2139 1576 2174 directe
1600 2138 1645 2173 vel
1679 2137 1832 2172 indirecte
1868 2137 1976 2172 cousi-

1223 2191 1312 2230 lium,
1334 2190 1488 2225 auxilium
1513 2188 1559 2224 vel
1582 2188 1733 2227 favorem3
1761 2189 1790 2222 in
1810 2198 1922 2222 omnes
1944 2193 1975 2220 et

1223 2240 1366 2286 singulos
1387 2240 1441 2286 qui
1466 2248 1574 2273 contra
1608 2237 1829 2273 inhibitionem
1862 2236 1976 2271 huius-

1225 2290 1308 2325 modi
1352 2290 1457 2324 vcnire
1486 2297 1741 2335 praesumerent,
1775 2287 1909 2326 etiamsi,
1943 2294 1974 2320 ut

1227 2340 1427 2387 praedicitur,
1462 2338 1632 2386 pontificali
1660 2345 1714 2372 aut
1742 2336 1895 2384 imperiali
1918 2347 1974 2370 seu

1227 2390 1320 2434 regali
1345 2389 1390 2423 vel
1410 2388 1519 2436 quavis
1541 2388 1692 2434 dignitate
1714 2387 1771 2421 alia
1796 2386 1977 2434 praeemine-

1227 2446 1306 2479 rent,
1329 2439 1367 2473 de
1390 2439 1519 2473 fratrum
1542 2450 1671 2472 suorum
1694 2436 1826 2472 consilio
1848 2447 1977 2470 excom-

1227 2489 1459 2531 municationis,
1482 2500 1576 2535 quam
1599 2499 1636 2522 eo
1671 2487 1739 2533 ipso
1767 2487 1977 2523 incurrerent,

1227 2539 1414 2572 sententiam
1439 2537 1663 2585 promulgavit:
1690 2538 1895 2583 ipsorumque
1914 2543 1978 2569 ter-

1229 2601 1277 2622 ras
1296 2596 1324 2622 ct
1348 2588 1426 2628 loca,
1448 2588 1588 2633 aliasque
1614 2587 1755 2621 civitates
1777 2594 1806 2620 et
1833 2596 1979 2620 commu-

1230 2639 1340 2672 nitates
1375 2651 1409 2672 ac
1433 2637 1648 2672 universitates
1671 2644 1778 2671 contra
1807 2634 1979 2682 praemissa

1973 241 2024 268 Αη.
2041 242 2069 268 C.
2086 241 2152 268 ¹355

2000 811 2132 831 Prooemium.

1993 1299 2077 1318 Cautum
2095 1304 2105 1317 a
2115 1297 2165 1317 Cle-

1980 1333 2049 1351 mente
2067 1329 2083 1348 V
2099 1334 2125 1348 no
2139 1334 2163 1348 u-

1980 1360 2093 1388 triusquzs
2104 1358 2166 1380 ciliae

1981 1398 2067 1419 regnum
2077 1392 2165 1412 invade-

1981 1427 2046 1445 retur⁴
