2274 3265
81 291 130 316 An.
153 289 182 315 (2.
199 289 265 314 19549

95 603 179 624 Elui-1,-
197 604 235 624 lun)

82 639 220 662 ‘'¹²⁸'¹³⁹¹¹¹¹¹
207 638 264 656 '¹¹¹¹’·
281 637 355 672 soris
378 649 411 672 se
440 637 590 671 babeant:

914 288 1068 310 mutunus
1090 289 1121 309 iv
1147 289 1193 309 m).

279 341 454 377 secuudum
480 342 708 388 indulgentiam
731 342 958 377 Clemtmtinae.
975 343 1032 376 (ja-

280 398 348 426 veat
374 398 477 426 tamen
507 391 623 431 abbas,
652 403 689 425 ne
712 402 809 438 super
837 390 896 425 boc
918 390 957 425 sit
981 394 1032 425 ni-

280 441 339 475 mis
373 440 409 475 ad
446 440 695 488 dispensandum
725 439 837 479 facilis,
871 439 916 474 vel
951 440 1031 475 laxet

281 489 412 525 nimium
444 502 556 525 manus
578 501 660 524 suas.

329 541 428 582 324.
458 539 536 573 lllud
572 549 698 592 quoque
732 537 945 591 praecipimus
974 538 1033 572 ob-

240 588 408 631 servari,
432 596 464 622 ut
492 599 628 630 monaci,
655 587 735 621 sicut
769 586 797 619 in
821 586 970 626 claustro,
994 587 1032 621 ita

628 647 684 670 uec
711 634 859 669 incedant
880 635 949 670 sine
977 649 1034 671 cu-

280 686 360 721 culla
384 694 414 721 et
437 686 553 724 ssocco,
577 685 622 719 vel
646 685 714 719 sine
737 683 859 718 cuculla
884 693 913 719 et
935 697 1033 732 cappa

280 735 415 782 regulari
450 742 480 769 et
514 734 661 776 honesta,
700 744 758 767 nec
785 733 916 768 nimium
945 747 1035 769 sum-

279 792 401 840 ptuosa.
436 783 499 818 Nec
543 784 662 829 equitet
704 781 801 816 abbas
835 782 948 829 aliquis
988 784 1033 818 vel

281 834 364 879 prior
385 833 454 867 sine
479 832 608 879 postella
633 840 664 866 et
682 831 758 867 sella
783 832 930 877 1¹,egulari
954 845 1034 879 quie

279 889 380 916 tamen
418 889 603 928 sumptuosa
644 881 776 916 nimium
813 893 873 915 uou
909 882 1032 916 existat.

278 930 343 965 Nec
369 930 482 977 aliquis
523 942 676 965 monacus
703 930 821 977 equitet
857 931 1035 977 coirigiatis

277 979 402 1019 calceis,
431 979 489 1013 nisi
514 979 543 1013 in
569 979 665 1025 longo
691 979 802 1013 itinere
826 980 1032 1014 constitutus:

278 1028 332 1063 sed
360 1036 467 1063 contra
494 1028 609 1064 imbres
642 1037 671 1062 et
708 1028 840 1082 pluvias,
870 1029 968 1083 frigus
1005 1037 1035 1064 et

278 1085 395 1121 aestus,
423 1077 574 1124 cappellis
598 1078 719 1112 liltreis
735 1077 857 1123 possint
887 1078 940 1112 uti
971 1078 1035 1113 Nec

278 1127 446 1181 quisquam
470 1127 500 1160 iu
524 1126 636 1173 quovis
660 1127 727 1161 loco
751 1126 865 1161 tunicis
889 1126 934 1161 iel
964 1139 1036 1161 coo-

279 1175 425 1223 pertoriis
453 1174 492 1210 de
520 1175 676 1216 bruneto,
709 1182 762 1210 aut
785 1174 924 1222 pellibus
946 1176 1036 1211 silva-

279 1234 361 1268 tuis,
388 1236 443 1259 seu
483 1224 620 1259 camisiis
647 1232 702 1260 aut
730 1224 964 1259 linteaminibus
997 1225 1036 1259 li-

280 1274 347 1309 neis
384 1274 425 1308 uti
463 1281 658 1320 praesumat:
695 1285 752 1308 nec
785 1273 904 1307 deserat
933 1282 1035 1309 vestes

279 1323 393 1358 scissas
417 1330 489 1357 ante
515 1330 546 1357 et
578 1331 670 1357 retro.
704 1322 768 1356 Nec
800 1322 914 1369 aliquis
947 1322 1036 1357 clau-

279 1371 381 1406 stralis
417 1371 532 1406 habere
561 1372 717 1418 propriam
749 1383 881 1418 cappam
912 1371 1036 1419 pluvia-

280 1421 341 1455 lem
380 1429 432 1455 aut
459 1420 669 1467 equitaturam
693 1420 753 1455 sibi
782 1420 964 1466 deputatam
987 1430 1036 1456 at-

281 1478 389 1505 tentet.

329 1523 344 1562 ἓ
371 1520 428 1554 25.
457 1518 547 1553 Circa
577 1518 770 1566 equitituras
792 1519 876 1553 enim
900 1526 929 1553 et
951 1520 1037 1554 fami-

98 1568 370 1610 aqunauuuuliam',
413 1580 538 1603 omnem
581 1568 831 1615 superfluitatem
872 1577 1036 1615 amputare

82 1614 229 1640 superfluitas
221 1614 268 1635 :ub-

83 1647 184 1664 mavelit.

282 1617 435 1662 volentes,
458 1616 656 1657 mandamus,
686 1625 718 1651 ut
735 1617 831 1652 abbas
850 1616 944 1651 Clun.
963 1630 1036 1653 sex-

282 1666 383 1702 decim
417 1666 602 1713 equitaturis
637 1674 806 1701 contentus
841 1666 970 1701 existat:
1006 1675 1036 1702 et

281 1715 331 1751 alii
356 1715 486 1751 abbates
507 1716 650 1751 eiusdem
674 1715 806 1756 ordinis,
834 1728 869 1750 ac
899 1717 984 1762 prior
997 1717 1036 1752 de

282 1764 418 1801 Caritate
434 1773 520 1800 octo:
545 1766 630 1812 prior
652 1764 685 1799 S.
715 1764 839 1799 Martini
857 1778 929 1799 sex:
957 1766 1037 1813 prio-

282 1826 331 1850 res
357 1814 409 1849 alii
433 1814 657 1850 conventuales
687 1814 786 1849 tribus
809 1815 855 1849 vel
883 1823 1033 1861 quatuor:

281 1871 310 1899 et
347 1864 461 1899 caeteri
497 1864 636 1899 minores
670 1863 792 1899 duabus
819 1864 1036 1900 evectionibus

281 1914 343 1949 sint
365 1915 516 1949 contenti.
555 1914 693 1949 Abbates
715 1926 844 1961 quoque
866 1922 897 1949 et
918 1915 1037 1961 priores

281 1965 355 1999 dicti
378 1964 497 1999 ordinis
519 1964 692 1999 servientes
715 1964 867 2000 liouestos
890 1964 1036 2010 babeant,

284 2026 341 2049 nec
367 2015 463 2049 nimis
490 2024 650 2061 comptos,
688 2016 741 2060 qui
778 2023 807 2050 et
843 2022 944 2049 vestes
980 2015 1036 2050 de-

283 2072 390 2099 centes
413 2064 554 2100 deserant
582 2077 644 2100 non
674 2065 809 2099 nimium
834 2065 984 2099 curiosas.

332 2119 347 2157 ᾗ
374 2116 432 2149 26.
459 2115 541 2156 Quia
570 2126 642 2150 vero
664 2114 701 2148 ad
729 2114 955 2149 desolationem
979 2114 1036 2149 do-

94 2175 406 2205 ςοῃιηῄθῃὼαιιιοιιιιιι
436 2164 605 2211 plurimum
634 2172 782 2211 operatur
808 2164 874 2198 laxa
899 2172 1035 2210 potestas

86 2216 271 2267 ;ῐῑ;ῦῖ6[θ«ἒξξέ-
285 2212 388 2248 debita
417 2214 640 2253 contrahendi,
676 2221 704 2247 et
739 2213 823 2261 quod
859 2214 937 2248 ratio
974 2226 1034 2247 uon

87 2278 151 2297 datur

287 2262 429 2297 redditur
456 2262 494 2296 de
517 2263 649 2301 debitis,
686 2263 730 2297 vel
761 2263 908 2310 receptis:
941 2276 1036 2309 prae-

285 2312 432 2359 cipimus,
458 2319 490 2345 ut
508 2312 624 2358 singuli
648 2311 777 2347 abbates
801 2321 830 2347 et
859 2313 979 2358 priores
998 2313 1036 2346 ‹le

284 2361 415 2396 consilio
438 2361 567 2396 fratrum
596 2369 625 2395 et
642 2361 788 2405 familiae,
817 2362 933 2409 quibus
950 2374 1038 2409 prae-

284 2419 375 2450 sunt,
398 2423 469 2445 cum
495 2411 674 2445 testimonio
698 2410 852 2445 bonorum
878 2412 1034 2450 virorum,

285 2460 337 2507 qui
361 2460 397 2495 ad
427 2460 528 2494 locum
552 2461 727 2507 pertinent,
750 2472 821 2495 cum
845 2460 1036 2495 contraben-

285 2510 374 2553 dum,
409 2509 453 2543 vel
483 2509 694 2544 innovandum
730 2518 774 2543 est
807 2518 963 2550 mutuum,
995 2511 1035 2544 ita

286 2559 398 2594 saciant
441 2558 629 2604 diligenter,
667 2567 698 2592 ut
737 2559 883 2594 omnibus
921 2560 1037 2606 liqueat

285 2616 402 2655 quanta
424 2620 559 2652 summa,
587 2607 704 2655 quibus
738 2608 974 2643 conditionibus
1007 2617 1036 2644 et

286 2657 401 2704 quibus
422 2657 586 2698 debeatur,
610 2665 639 2691 et
667 2658 696 2691 in
720 2670 800 2703 quos
820 2670 896 2692 usus
919 2667 1036 2693 coutra-

1707 281 1764 312 iot

1074 350 1158 376 ctum
1183 350 1326 376 mutuum
1351 343 1389 376 sit
1412 355 1610 378 coniersum.
1646 343 1684 378 Et
1708 353 1740 379 ut
1762 353 1826 379 sta-

1074 398 1123 425 tus
1142 390 1309 425 domorum
1327 391 1441 425 certior
1460 392 1621 432 habeatur,
1645 394 1826 433 statuimus,

1075 447 1108 474 ut
1136 439 1163 473 in
1188 440 1382 474 monasterio
1416 440 1510 475 Clun.
1539 449 1569 475 et
1596 442 1666 476 aliis
1693 443 1828 478 abbatiis

1074 496 1104 523 et
1147 488 1339 535 prioratibus
1378 488 1474 523 Clun.
1522 490 1624 524 ordini
1667 491 1828 527 subiectos

1076 537 1233 584 prioratus
1266 537 1468 582 habentibus,
1505 538 1579 572 liant
1611 540 1760 594 reg-istra,
1797 542 1826 575 in

1075 586 1191 633 quibus
1221 586 1386 627 scribatur,
1415 595 1491 641 quot
1514 589 1634 622 monaci
1665 589 1694 622 in
1723 591 1825 637 quali—

1077 636 1128 670 bet
1147 635 1260 675 domo,
1287 636 1370 670 iuxta
1396 636 1494 682 ipsius
1513 636 1627 671 domus
1649 637 1828 676 facultates

1079 686 1200 731 possint
1235 693 1265 719 et
1291 684 1427 719 debeant
1455 686 1654 730 commorari,
1682 696 1711 721 et
1739 688 1829 723 insti-

1077 735 1155 768 tutio
1183 734 1330 768 abbatum
1365 742 1396 769 et
1432 734 1572 780 priorum
1610 735 1766 771 scribatur
1799 738 1828 771 in

1077 783 1195 818 eisdem
1224 783 1380 829 registris,
1416 791 1446 817 et
1477 783 1506 817 in
1535 795 1597 830 quo
1624 791 1705 818 statu
1740 786 1829 821 insti-

1079 840 1164 867 tutus
1204 832 1334 879 recipiet
1369 831 1523 867 abbatiam
1553 845 1608 867 seu
1647 834 1829 879 prioratum.

1077 881 1117 916 Et
1138 882 1163 916 si
1181 894 1247 916 eam
1265 881 1294 915 in
1320 881 1403 916 bono
1425 889 1506 916 statu
1531 882 1698 928 receperit,
1721 884 1830 930 etipse

1078 931 1107 964 in
1132 930 1213 965 malo
1242 931 1360 977 posuit,
1389 930 1469 965 bona
1505 931 1573 965 eius
1600 931 1715 966 debitis
1749 933 1831 967 obli-

1077 980 1199 1025 gaudo,
1228 980 1273 1014 vel
1298 980 1333 1014 ad
1359 980 1470 1024 vitam,
1498 980 1543 1015 vel
1576 988 1729 1027 perpetuo
1751 981 1831 1017 alie-

1080 1029 1197 1073 nando,
1232 1028 1351 1076 absque
1379 1041 1473 1064 causa
1502 1029 1674 1064 rationabili
1701 1042 1756 1077 per
1774 1031 1831 1067 de—

1079 1077 1218 1112 finitores
1245 1078 1416 1125 approbata
1446 1086 1513 1125 post
1538 1077 1668 1120 factum,
1685 1079 1730 1114 vel
1747 1089 1831 1120 ante,

1077 1127 1100 1160 si
1143 1139 1198 1174 pei
1230 1127 1414 1162 relationem
1457 1127 1595 1161 fidelium
1633 1128 1830 1164 visitatorum

1077 1176 1240 1210 convictus
1263 1176 1353 1210 suerit
1372 1176 1412 1211 de
1435 1176 1615 1224 praedictis,
1637 1176 1758 1225 absque
1771 1179 1831 1213 alia

1078 1224 1155 1259 iuris
1191 1224 1391 1260 solemnitate
1415 1237 1469 1280 per
1496 1225 1681 1261 definitores
1707 1226 1831 1262 abbatia

1077 1285 1132 1307 sua
1169 1273 1215 1308 vel
1239 1274 1377 1320 prioratu
1403 1274 1551 1321 privetur.
1576 1274 1665 1309 Dicta
1689 1287 1761 1310 vero
1779 1289 1831 1312 re-

1077 1322 1171 1368 gistra
1199 1330 1356 1369 ponantur
1382 1331 1412 1358 et
1446 1331 1673 1358 conserventur
1696 1324 1726 1358 in
1763 1337 1831 1361 arca

1077 1372 1261 1412 communi,
1300 1371 1350 1406 ubi
1387 1384 1556 1407 commune
1590 1372 1728 1419 sigillum
1756 1386 1833 1409 con-

1077 1420 1179 1455 suevit
1202 1432 1258 1468 pro
1282 1430 1425 1468 tempore
1451 1421 1617 1456 custodiri.
1653 1421 1833 1457 Adiicimus

1077 1470 1191 1509 etiam,
1230 1478 1261 1504 ut
1290 1469 1374 1505 nulla
1416 1470 1502 1505 litera
1537 1470 1694 1517 sigilletur
1728 1472 1833 1519 sigillo

1077 1526 1252 1554 conventus
1275 1518 1369 1554 Clun.
1393 1520 1439 1554 vel
1463 1519 1592 1555 alterius
1614 1519 1757 1556 eiusdem
1775 1533 1833 1555 or-

1078 1568 1173 1609 dinis,
1197 1568 1254 1603 uisi
1278 1568 1306 1602 in
1330 1568 1468 1615 capitulo
1491 1581 1596 1604 coram
1620 1577 1776 1605 conventu
1801 1571 1831 1604 ιιι

1078 1617 1198 1664 vulgari
1230 1625 1259 1652 et
1291 1618 1387 1652 latino
1419 1618 1506 1665 prius
1541 1618 1620 1653 lecta
1650 1618 1761 1654 fuerit:
1803 1628 1831 1654 et

1079 1674 1154 1701 tunc
1181 1666 1345 1713 sigilletur.
1368 1666 1408 1701 Et
1436 1674 1603 1715 postquam
1620 1667 1752 1714 sigillata
1770 1667 1833 1702 fue-

1079 1715 1136 1757 rit,
1166 1716 1280 1750 iterum
1317 1715 1410 1751 modo
1446 1716 1606 1764 praedicto
1633 1716 1663 1752 in
1692 1717 1831 1765 capitulo

1078 1777 1182 1800 coram
1206 1765 1355 1800 omnibus
1375 1766 1541 1821 relegatur.
1565 1765 1637 1808 Quo
1656 1765 1748 1807 facto,
1768 1779 1832 1814 po-

1080 1822 1171 1849 natur
1200 1823 1290 1849 tenor
1313 1815 1448 1850 literae
1442 1828 1472 1850 m
1497 1815 1645 1863 registro,
1673 1816 1756 1864 quod
1781 1828 1833 1851 re-

1079 1864 1211 1911 gistrum
1240 1872 1383 1899 servetur
1407 1865 1436 1899 ιιι
1460 1877 1530 1900 arca
1561 1864 1687 1906 eadem,
1712 1865 1832 1913 inqua,

1081 1921 1114 1948 ut
1142 1916 1363 1961 praemittitur,
1386 1924 1528 1950 servatur
1550 1928 1719 1951 commune
1743 1916 1832 1962 sigil-

1079 1965 1155 1999 lum.
1192 1965 1231 2000 Et
1264 1965 1287 1999 si
1319 1965 1405 2001 litera
1434 1966 1504 2005 data
1534 1966 1626 2001 tuerit
1660 1966 1699 2002 de
1727 1967 1833 2002 debito

1079 2016 1309 2057 contrahendo,
1346 2016 1538 2051 cancelletur
1571 2015 1656 2050 litera
1694 2017 1724 2051 in
1750 2019 1833 2064 regi-

1079 2073 1158 2100 stro:
1187 2073 1217 2100 et
1239 2078 1255 2100 a
1278 2066 1491 2101 creditoribus
1514 2074 1689 2113 repetatur:
1718 2074 1748 2101 et
1776 2067 1832 2100 ha-

1080 2115 1141 2149 bita
1171 2115 1217 2149 vel
1246 2123 1429 2162 recuperata
1464 2116 1494 2150 in
1524 2116 1603 2150 libro
1626 2116 1829 2150 eaneettetur,

1078 2164 1201 2211 Singuli
1226 2172 1329 2200 autem
1354 2165 1503 2200 officiales
1526 2177 1631 2199 coram
1654 2164 1766 2199 abbate
1785 2165 1829 2199 vel

1080 2214 1181 2260 priore
1205 2214 1246 2257 (si
1275 2226 1336 2248 non
1367 2222 1413 2249 est
1442 2214 1484 2248 ibi
1513 2214 1625 2257 abbas)
1660 2221 1690 2248 et
1725 2226 1829 2248 coram

1079 2263 1259 2299 senioribus
1293 2263 1419 2298 duobus
1445 2263 1578 2309 singulis
1606 2262 1769 2298 mensibus
1791 2263 1829 2298 de

1078 2314 1146 2347 suis
1168 2312 1280 2347 officiis
1303 2313 1469 2352 rationem,
1496 2321 1527 2347 et
1554 2312 1592 2346 de
1614 2311 1760 2346 omnibus
1782 2325 1830 2346 re-

1079 2363 1179 2409 ceptis
1207 2370 1236 2396 et
1263 2362 1410 2408 expensis
1436 2360 1702 2408 computationem
1728 2360 1829 2395 fideti-

1080 2420 1125 2446 ter
1152 2412 1275 2445 saciant.
1299 2410 1406 2445 Abbas
1428 2412 1521 2446 etiam
1550 2410 1644 2445 Cluu.
1668 2417 1698 2444 et
1715 2410 1828 2445 caeteri

1079 2461 1207 2496 abbates
1222 2469 1252 2494 et
1276 2460 1405 2506 priores,
1428 2467 1539 2507 quater
1557 2460 1587 2494 in
1610 2471 1692 2494 auno
1714 2466 1827 2494 statum

1079 2522 1154 2545 suae
1182 2509 1295 2545 domus
1332 2510 1360 2543 in
1384 2521 1441 2544 suo
1475 2508 1628 2555 capitulo,
1662 2516 1692 2543 et
1724 2520 1827 2543 coram

1080 2558 1303 2599 visitatoribus,
1326 2571 1398 2593 cum
1424 2559 1575 2598 venerint,
1606 2558 1697 2605 plene
1719 2557 1829 2593 decla-

1081 2617 1159 2643 rent.
1200 2608 1313 2642 Nullus
1348 2620 1476 2654 quoque
1516 2607 1613 2642 abbas
1650 2606 1695 2642 vel
1726 2607 1829 2654 prior,

1079 2658 1264 2704 grangiam,
1309 2658 1490 2704 pensionem
1532 2656 1576 2691 vel
1618 2656 1828 2704 praebendam

1840 291 1885 316 Ari⁴
1907 291 1924 316 Γ,
1957 289 2022 315 lvd]
