2274 3265
83 277 131 303 An⁴
149 276 177 303 C.
197 277 260 302 1297

94 930 150 950 ¹'·1rri
161 939 163 949 i
207 938 262 951 iura-

80 967 143 982 menti
154 962 264 988 §erispo-

80 993 168 1014 stotteae
179 999 215 1020 per
226 998 262 1014 re-

53 1049 55 1052 ,
79 1030 115 1049 tos
131 1025 260 1050 praestandi,

866 271 1057 293 noxit-'titus
1081 272 1136 293 'llll
1162 272 1208 293 Pe.

279 327 417 363 tionibus
450 337 480 363 et
521 326 800 369 conventionibus,

278 390 312 412 ac
347 378 378 412 in
411 379 511 424 capite
545 389 560 412 a
590 377 682 412 nobis
722 388 757 410 ac
786 375 1026 410 successoribus

280 428 393 462 nostris
415 437 442 461 et
476 427 515 462 ab
551 427 614 474 ipsa
649 426 791 461 Romana
814 425 930 460 tenebit
957 424 1024 459 Ec-

278 478 384 512 clesia.

326 528 347 573 g
370 528 401 560 6.
432 525 543 561 Forma
567 537 639 560 vero
662 524 826 559 iuramenti
853 523 1025 564 fidelitatis,

279 576 474 623 vassallagii,
507 583 538 610 et
565 575 627 621 ligii
651 574 800 620 homagii,
826 585 905 621 quae
933 580 964 607 tn
996 573 1024 606 in

278 634 382 661 nostra
404 625 575 672 praesentia
600 624 707 663 facies,
733 632 763 658 et
783 622 955 671 praestabis
971 634 1026 670 pro

279 688 374 722 regno
401 675 565 709 Sardiniae
597 682 626 708 et
657 673 806 708 Corsicae
828 673 1026 720 saepedicto,

277 733 308 759 et
330 737 423 772 quarn
453 724 599 771 praestari
635 731 665 757 et
692 723 758 757 fieri
795 723 956 767 volumus,
992 735 1026 757 ac

277 775 392 809 servari
415 787 429 809 a
454 774 516 808 tuis
539 773 728 808 haeredibus
755 774 784 807 in
808 772 931 813 eodeni,
957 784 1023 806 ver—

279 825 327 859 bis
348 831 564 871 competenter
586 823 757 862 mutandis,
780 823 848 857 talis
863 830 926 858 cst:

326 874 346 921 g
375 878 404 907 7.
428 873 496 920 Ego
523 872 667 917 lacobus,
692 873 746 907 Dei
770 881 802 907 et
828 872 1026 919 Apostolicae

277 924 372 959 Sedis
403 924 501 970 gratia
529 935 584 958 rex
607 922 770 958 Sardiniae
798 930 829 958 et
861 922 1026 963 Corsicae,

279 973 404 1019 plenum
426 973 654 1020 vassallagium,
679 972 860 1008 fidelitatem
876 972 1025 1019 etligium

278 1022 459 1070 homagium
482 1023 618 1067 faciens,
646 1031 675 1056 et
700 1023 910 1057 iuramentum
936 1035 1027 1067 prae-

277 1080 362 1107 stans
387 1085 443 1119 pro
465 1072 550 1107 dicto
568 1085 665 1119 regno
687 1072 852 1107 Sardiniae
870 1080 899 1106 et
917 1070 1027 1106 Corsi-

277 1134 342 1162 cae,
365 1122 404 1156 ab
426 1122 484 1156 bac
511 1122 585 1157 hora
614 1123 643 1156 in
667 1132 756 1157 antea
780 1122 881 1156 fidelis
904 1129 931 1155 et
950 1121 1027 1155 obe-

278 1171 369 1206 diens
403 1183 458 1206 ero
493 1171 583 1206 beato
614 1171 707 1206 Petro
740 1180 769 1206 et
798 1171 928 1206 domino
957 1183 1028 1205 meo

278 1221 406 1256 domino
428 1220 596 1260 Bonifatio,
624 1221 727 1255 divina
753 1221 946 1268 providentia
969 1220 1028 1254 Pa-

279 1283 335 1317 pae
357 1278 476 1313 octavo,
511 1271 640 1318 suisque
666 1271 904 1306 successoribus
931 1282 1027 1305 cano*

279 1321 348 1355 nice
371 1320 580 1361 intrantibus,
614 1330 802 1368 sanctaeque
837 1320 1028 1367 apostolicae

278 1369 439 1404 Romanae
458 1369 631 1406 Ecclesiae:
663 1384 724 1404 non
747 1383 801 1405 ero
823 1370 853 1404 in
882 1370 1027 1408 consilio,

278 1429 330 1454 aut
352 1432 507 1455 consensu
532 1421 577 1455 vel
606 1421 698 1463 facto,
722 1430 752 1455 ut
775 1420 867 1454 vitani
885 1422 1027 1467 perdant,

278 1479 331 1505 aut
357 1470 551 1511 membrum,
592 1480 643 1506 aut
671 1472 833 1518 capiantur
860 1470 939 1505 mala
975 1484 1028 1505 ca-

280 1522 399 1567 ptione:
438 1522 621 1559 consilium.
656 1522 739 1569 quod
768 1521 845 1555 mihi
878 1522 1026 1556 credituri

279 1580 352 1605 sunt
375 1583 430 1618 per
448 1584 497 1615 se,
534 1580 587 1606 aut
614 1585 669 1619 per
699 1573 849 1611 nuncios,
885 1572 949 1606 sive
975 1583 1029 1618 pet·

281 1622 400 1661 literas,
433 1622 470 1656 ad
497 1634 605 1657 eorum
623 1622 786 1665 damnum,
813 1634 862 1656 nic
897 1622 1027 1660 sciente,

281 1671 397 1706 nemini
431 1673 582 1718 pandam3
618 1680 646 1707 et
681 1674 705 1706 si
734 1673 853 1707 scivero
890 1671 953 1706 fieri
982 1670 1027 1705 vel

281 1724 454 1769 procurari,
476 1724 541 1758 sive
565 1723 687 1757 tractari
715 1722 857 1769 aliquod.
884 1721 968 1769 qnod
989 1722 1029 1756 sit

281 1773 310 1806 in
348 1773 487 1819 ipsorum
527 1773 696 1813 damnum,
736 1773 810 1807 illud
850 1785 905 1819 pro
940 1784 1029 1818 posse

280 1824 465 1870 impediam:
503 1832 533 1858 et
561 1824 586 1856 si
623 1823 774 1870 impedire
810 1836 870 1857 non
905 1830 1029 1868 potero,

280 1873 356 1908 illud
390 1875 435 1908 eis
473 1873 651 1920 significare
697 1873 832 1908 curabo:
876 1872 1028 1918 Papatum

279 1923 458 1959 Romanum
487 1932 516 1958 et
553 1923 669 1969 regalia
696 1923 803 1958 Sancti
832 1922 930 1964 Petri,
968 1930 1028 1955 tam

280 1974 309 2007 in
332 1985 429 2021 regno
454 1973 625 2020 praedicto,
640 1986 734 2020 quam
757 1972 830 2007 alibi
853 1972 1029 2012 existentia,

279 2023 404 2058 adiutor
424 2024 470 2058 eis
485 2035 538 2058 ero
559 2023 597 2058 ad
621 2023 832 2065 retinendum,
856 2021 1030 2056 defenden-

279 2073 355 2107 dum
383 2082 412 2107 et
440 2073 704 2120 recuperandum,
721 2080 749 2106 et
766 2079 948 2117 recuperata
970 2083 1031 2105 ma-

281 2123 498 2158 nutenendum
539 2131 646 2158 contra
684 2135 809 2157 omnem
849 2121 1028 2156 hominem:

281 2173 441 2209 universas
462 2181 492 2208 et
514 2173 653 2220 singulas
672 2171 886 2214 conditiones,
904 2171 1029 2214 modos,

280 2234 334 2257 seu
357 2222 473 2258 formas
499 2231 530 2258 et
552 2232 676 2258 tenores
695 2230 862 2257 contentos
881 2222 911 2255 in
933 2221 1031 2255 literis

280 2273 497 2308 concessionis
515 2273 588 2307 dicti
606 2273 692 2319 regni
715 2271 880 2307 Sardiniae
902 2279 932 2306 et
951 2271 1031 2305 Cor-

280 2323 374 2366 sicae,
401 2335 437 2357 ac
459 2323 562 2357 omnia
590 2331 621 2357 et
654 2322 786 2368 singula,
823 2334 900 2367 quae
929 2321 1031 2355 conti·-

282 2381 397 2407 nentur
424 2372 454 2406 in
478 2372 596 2407 eisdem
623 2371 736 2412 literis,
766 2371 904 2418 plenarie
928 2371 1030 2405 adim-

283 2421 394 2468 plebo,
421 2429 452 2456 et
487 2421 706 2456 inviolabiliter
746 2420 936 2460 observabo,
973 2432 1030 2454 nec

283 2471 346 2506 ullo
369 2484 504 2518 unquam
525 2480 664 2518 tempore
683 2471 802 2506 veniam
827 2478 934 2505 contra
963 2469 1028 2502 illa:

281 2521 325 2555 sic
349 2533 398 2556 me
419 2521 506 2556 Deus
527 2521 664 2565 adiuvet,
691 2528 721 2555 et
744 2520 820 2555 baec
843 2528 949 2554 sancta
973 2518 1029 2552 Dei

281 2570 462 2617 Evangelia.
482 2570 604 2606 Similia
629 2579 732 2605 autem
753 2569 948 2612 fidelitatem,
967 2580 1031 2602 vas-

281 2619 444 2667 sallagium
469 2621 613 2668 plenum,
647 2628 677 2655 et
699 2619 883 2665 homagium
907 2618 1029 2664 ligium,

282 2678 312 2706 et
335 2670 543 2705 iuramentum
568 2669 744 2710 renovabis,
769 2667 860 2703 facies
880 2675 910 2702 et
938 2679 1030 2714 prae-

1698 261 1762 293 17»ῑῖ

849 326 1025 360 immediate
1067 325 1163 360 stabis
1193 326 1364 372 unicuique
1403 325 1546 361 Romano
1584 326 1749 371 Pontifici,
1785 336 1813 360 et

1067 376 1167 409 dictae
1189 374 1349 409 Ecclesiae
1373 376 1449 410 iuli-a
1477 388 1591 410 aunum
1615 389 1630 410 a
1653 376 1724 416 die,
1752 388 1815 423 quo

1068 425 1098 458 in
1120 424 1299 458 Romanum
1340 424 1523 459 Pontificem
1556 426 1675 460 electus
1697 426 1815 464 fuerit,

1067 473 1328 520 computandum.
1356 473 1392 507 Et
1421 474 1536 508 similia
1565 475 1751 519 praestabit,
1775 475 1816 509 sa-

1067 524 1143 560 ciet,
1183 531 1213 557 et
1244 523 1388 557 similiter
1423 523 1602 563 renovabit,
1639 532 1668 559 et
1697 525 1814 568 facere,

1069 580 1225 620 Pl‘ZOSUlse
1247 579 1277 606 el.
1300 584 1449 607 renovare
1471 573 1628 606 tenelillur
1648 576 1815 620 unusquis*

1067 635 1127 669 quc
1166 622 1336 656 haeredum
1374 629 1498 655 tuorum
1536 623 1565 656 in
1607 623 1689 657 dicto
1720 635 1816 669 regno

1069 672 1240 718 unicuique
1263 671 1407 705 Romano
1429 671 1582 709 Pontifici,
1610 673 1663 718 qui
1688 674 1744 706 erit
1762 685 1816 719 pro

1069 730 1208 767 tempore
1238 729 1268 755 et
1305 722 1363 768 ipsi
1392 720 1554 755 Romanae
1583 721 1740 756 Ecclesiae
1767 734 1816 756 se-

1068 771 1206 806 cundum
1242 771 1373 805 formam
1418 771 1662 817 praescriptam,
1703 783 1815 805 nomen

1067 821 1202 856 Romani
1224 820 1397 860 pontificis,
1421 820 1474 867 qui
1495 828 1570 854 tunc
1587 821 1657 863 erit,
1676 828 1706 855 et
1724 833 1816 855 suuni

1069 871 1228 918 proprium
1252 870 1471 917 exprimend0;
1507 869 1559 904 sed
1586 880 1749 917 postquam
1774 880 1818 915 tu,

1068 930 1097 956 et
1131 920 1283 956 haeredes
1317 920 1360 954 tui
1396 919 1426 953 in
1465 932 1560 966 regno
1592 919 1758 956 Sardiniae
1788 930 1817 956 et

1067 971 1214 1006 Corsicae
1236 970 1417 1016 saepedicto
1441 970 1658 1016 praestiteritis
1681 978 1711 1004 et
1734 971 1818 1006 fece-

1069 1021 1136 1056 ritis
1156 1020 1362 1068 personaliter
1378 1020 1599 1058 iuramentum,
1625 1019 1816 1063 fidelitatem,

1068 1070 1266 1113 homagium,
1297 1082 1351 1103 seu
1376 1068 1605 1115 vassallagium,
1640 1070 1815 1104 secundum

1069 1120 1259 1167 praedictam
1292 1119 1436 1159 sormam,
1457 1119 1508 1152 uni
1530 1118 1671 1153 Romano
1702 1119 1816 1154 Ponti-

1069 1170 1130 1210 fici,
1166 1182 1218 1216 per
1240 1181 1294 1203 vos
1317 1169 1402 1215 ipsos
1428 1168 1479 1203 alii
1503 1167 1646 1202 Romano
1673 1168 1816 1204 Pontifici

1068 1231 1131 1254 non
1166 1218 1382 1265 astringemini
1418 1217 1623 1264 personaliter
1663 1227 1818 1264 praestare

1068 1277 1098 1303 et
1124 1268 1243 1308 sacere;
1265 1268 1439 1303 dummodo
1462 1267 1512 1301 illa
1537 1268 1698 1312 praestetis
1721 1276 1752 1303 et
1773 1267 1818 1302 fa-

1068 1319 1158 1353 ciatis
1186 1318 1265 1353 infra
1292 1330 1408 1352 annum
1435 1330 1488 1365 per
1516 1317 1664 1351 idoneum
1685 1318 1730 1352 vel
1750 1317 1819 1352 ido—

1070 1378 1145 1403 neos
1167 1368 1365 1405 substitutos,
1390 1367 1428 1402 ad
1456 1367 1517 1402 hoc
1544 1367 1671 1413 plenum
1696 1367 1807 1402 manda

1070 1427 1134 1453 tum
1157 1418 1326 1454 habentes:
1355 1425 1383 1452 et
1413 1419 1438 1452 si
1464 1417 1534 1463 plus
1570 1417 1721 1463 placuerit
1752 1416 1818 1452 Ro-

1069 1481 1163 1504 mano
1189 1468 1336 1503 Pontifici
1380 1468 1426 1502 vel
1463 1467 1623 1502 Romanae
1658 1466 1820 1502 Ecclesiae

1071 1521 1292 1563 iuramentum,
1316 1518 1508 1559 fidelitatem,
1533 1518 1763 1564 vassallagium,
1790 1527 1818 1553 et

1071 1570 1253 1617 homagium
1291 1569 1448 1616 praedicta
1484 1567 1683 1616 praestabitis
1705 1576 1735 1602 et
1768 1566 1820 1603 sa—

1070 1620 1157 1655 cietis
1186 1629 1217 1654 tu
1240 1619 1443 1654 ethaeredes
1473 1619 1515 1653 tui
1541 1619 1668 1652 nomine
1695 1617 1819 1653 Summi

1071 1670 1233 1705 pontificis
1260 1677 1290 1704 et
1321 1668 1482 1703 Romanae
1509 1668 1671 1703 Ecclesiae
1703 1667 1744 1702 illi
1775 1667 1819 1701 rel

1072 1720 1148 1761 illis,
1175 1733 1268 1768 quem
1298 1719 1344 1753 vel
1368 1732 1447 1766 quos
1481 1718 1517 1753 ad
1552 1718 1612 1752 hoc
1645 1717 1820 1765 specialiter

1072 1771 1137 1817 ipse
1156 1770 1321 1805 Romanus
1343 1769 1499 1808 Pontifex,
1520 1768 1564 1803 vel
1581 1767 1680 1803 Sedes
1698 1767 1819 1809 eadem,

1070 1820 1243 1867 deputabit.
1279 1819 1553 1865 Quandocumque
1580 1830 1652 1852 vero
1688 1825 1737 1854 tu,
1772 1817 1818 1850 vel

1072 1870 1222 1906 haeredes
1245 1870 1290 1904 tui
1311 1869 1341 1903 in
1366 1882 1462 1915 regno
1483 1868 1640 1915 praedicto
1664 1866 1818 1913 praedicta

1072 1921 1297 1959 iuramentum,
1321 1920 1513 1961 fidelitatem,
1539 1917 1755 1964 vassallagium
1791 1925 1820 1950 et

1072 1971 1252 2017 homagium
1277 1969 1474 2016 praestabitis
1496 1976 1527 2003 et
1555 1967 1671 2002 facietis
1695 1979 1749 2013 per
1765 1978 1820 2000 vos

1072 2021 1117 2055 vel
1142 2020 1237 2055 alium
1261 2032 1315 2054 seu
1339 2019 1427 2062 alios,
1456 2027 1488 2052 ut
1509 2017 1656 2065 superius
1677 2016 1819 2051 contine-

1073 2079 1133 2111 tur,
1156 2069 1271 2104 dabitis
1305 2069 1384 2103 infra
1416 2079 1554 2102 mensem
1585 2075 1654 2113 post
1678 2066 1820 2100 Romano

1072 2119 1224 2165 Pontifici}
1261 2127 1293 2154 et
1332 2118 1435 2153 eidem
1471 2117 1631 2152 Ecclesiae
1680 2122 1820 2162 patentes

1073 2170 1176 2205 literas
1195 2176 1311 2204 vestras
1333 2180 1425 2203 aurea
1447 2166 1530 2202 bulla
1559 2165 1703 2204 bullatas,
1735 2175 1821 2211 prae-

1072 2219 1174 2255 dictos
1210 2227 1239 2254 et
1272 2218 1484 2264 infrascriptos
1520 2216 1648 2255 modos,
1682 2225 1820 2249 conven-

1073 2271 1192 2313 tiones,
1225 2268 1439 2307 conditiones,
1468 2274 1608 2300 tenorem
1631 2272 1662 2299 et
1688 2263 1818 2298 formam

1071 2326 1273 2366 acceptantes
1306 2329 1469 2364 expresse,
1504 2323 1533 2350 et
1567 2315 1696 2349 formam
1720 2312 1820 2347 dicto-

1073 2382 1140 2404 rum
1169 2367 1306 2413 homagii
1332 2375 1361 2401 et
1395 2365 1559 2400 iuramenti
1602 2362 1757 2397 fidelitatis
1790 2370 1819 2396 et

1073 2417 1245 2463 vassallagii
1273 2416 1416 2450 similiter
1449 2423 1478 2449 et
1511 2413 1688 2460 specialiter
1715 2412 1819 2457 expri-

1073 2476 1207 2503 mentes.
1230 2465 1312 2500 Sane
1335 2464 1484 2499 omnibus
1507 2462 1656 2497 Ecclesiis
1675 2468 1736 2496 tam
1764 2472 1817 2495 ca-

1073 2515 1288 2558 thedralibus,
1327 2527 1421 2561 quam
1461 2513 1528 2548 aliis
1568 2510 1762 2558 regularibus
1788 2519 1818 2544 et

1072 2566 1295 2608 saecularibus,
1331 2576 1388 2599 nee
1416 2575 1477 2598 non
1504 2570 1534 2597 et
1556 2561 1703 2596 omuibus
1726 2572 1819 2606 prae-

1072 2617 1141 2652 latis
1158 2625 1188 2651 et
1215 2614 1347 2654 clericis,
1375 2624 1409 2648 ac
1435 2611 1587 2646 universis
1609 2610 1753 2657 personis
1771 2622 1819 2644 ec-

1072 2665 1253 2701 clesiasticis
1292 2663 1502 2698 saecularibus
1534 2669 1562 2695 et
1597 2659 1762 2707 religiosis,
1786 2667 1815 2693 et

1829 270 1868 297 An
1898 271 1914 295 Γ.
1947 271 2011 296 1297

1844 482 1897 503 idm
1912 487 2014 502 viamen

1831 518 1871 534 turn
1928 514 2012 535 tinnuli«

1830 543 1931 564 Pontifici*
1942 551 1964 562 u-
1983 549 2003 557 ''-

1830 575 1946 595 ΠὟΜΠᾹἻΠ

1843 2466 1936 2487 Libertas
1948 2465 2017 2486 [4¹0⁷

1835 2504 1910 2517 §larum
1929 2502 2001 2516 §05⁴0
2011 2509 2017 2510 a

1834 2529 1866 2548 da.
