2274 3265
86 279 135 305 An.
152 278 181 305 C
203 279 268 304 ¹296
888 276 1073 299 advinctus
1097 276 1154 298 viii
1180 276 1227 297 t›·.t
1707 266 1773 298 135
1839 273 1887 300 An
1906 274 1936 300 C
1953 273 2019 299 12⁹7

99 339 154 360 Νη
196 343 267 360 ‘01‘1
284 333 428 368 iliolicam
456 334 631 368 Ecclesiam
655 332 828 367 Romanam
862 332 1030 377 erigentes
1048 329 1137 364 ‘lum
1167 342 1221 377 per
1256 342 1288 363 se
1325 330 1370 363 vel
1405 343 1458 377 per
1491 330 1585 365 alium
1618 330 1741 377 publice
1776 329 1820 364 vel
1855 335 2002 362 tnqumiorum

87 372 180 391 tmere-r-
210 377 233 390 cu
223 372 268 390 utus
1835 365 1924 386 neuun
1946 369 2020 385 contu

87 407 184 427 ,ΜΨ
238 408 267 421 ‚w
283 383 373 418 etiam
412 395 506 418 sexus
545 383 709 426 foeminei
731 381 956 427 dogmatizant,
996 392 1030 415 se
1073 379 1195 413 occulte
1218 386 1373 425 praestent
1401 379 1561 418 auxilium
1584 380 1749 414 consilium
1774 378 1820 413 vel
1836 398 1920 417 md„
1978 401 2004 416 μ.

91 1819 155 1840 umus
190 1824 262 1840 stetu-

78 1856 137 1872 tores
159 1856 262 1878 tamquam

78 1882 179 1902 haeretici
204 1882 261 1901 ,tam-

87 435 156 451 ¹¹¹¹¹¹⁴¹
174 408 248 457 ‘3:⁵⁸
284 433 397 479 ligandi
433 440 461 466 et
489 432 631 467 solvendi
659 432 761 466 claves
794 430 918 473 habere
954 442 1052 476 poc--

284 482 429 516 nitentias
451 482 583 517 andiunt
602 489 631 515 et
658 493 671 514 a
694 481 831 528 peccatis
851 479 1029 523 absolvunt,

283 533 500 566 conventicula
530 544 591 566 non
628 530 728 564 solum
752 529 863 564 diurna
900 529 1029 569 l'acinnt,

282 581 336 615 scd
361 590 524 622 nocturna,
549 581 578 615 in
602 580 718 626 quibus
740 579 777 613 de
799 579 865 613 suis
890 579 1030 625 pravita-

284 631 366 665 tibus
395 631 576 670 conferunt,
611 638 641 664 et
662 629 701 663 de
730 628 891 663 erroribus
913 641 1030 663 convc-

284 681 375 714 ninnt
411 682 440 715 in
465 680 494 714 id
528 681 644 727 ipsum,
672 687 700 712 et
730 678 909 725 praedicare
941 691 1031 724 prae-

282 738 429 771 sumunt,
467 738 592 764 tonsura
628 728 762 762 clericali
797 736 903 762 contra
936 728 1029 762 ritum

283 779 441 814 Ecclesiae
475 779 661 822 abutentes,
693 777 846 824 Spiritum
877 777 1029 812 Sanctum

282 841 314 862 se
336 829 409 863 dare
434 840 489 875 per
510 828 744 875 impositionem
772 839 921 861 manuum
948 840 1032 863 men—

282 879 412 920 tiuntur,
426 886 455 912 et
474 877 684 913 exhibendam
699 877 754 911 soli
774 876 840 911 Deo
855 879 950 921 (l),et
968 890 1029 912 non

279 927 381 968 alteri,
417 928 648 974 cuiuscumque
685 926 775 961 fuerit
817 926 1029 970 conditionis,

280 976 440 1023 dignitatis
467 985 495 1012 et
518 985 628 1011 status.
658 975 858 1011 Efficaciores
880 977 972 1011 etiam
995 978 1030 1011 il-

281 1027 324 1061 las
346 1027 504 1061 orationes
526 1026 700 1064 affirmant,
737 1038 817 1072 quae
853 1038 867 1059 a
905 1026 1030 1061 nudatis

280 1085 343 1111 toto
356 1088 488 1124 corpore.
510 1077 700 1110 offeruntur:
726 1076 873 1109 mulieres
898 1075 1028 1111 invicem

278 1137 311 1160 se
333 1126 544 1173 desponsant,
580 1126 686 1160 dicunt
720 1124 867 1159 fidelibus
907 1126 1027 1172 operari

279 1175 423 1210 manibus
451 1188 512 1210 non
536 1176 647 1210 licere:
676 1186 778 1209 mares
807 1174 881 1208 nudi
918 1175 1030 1209 huius-

279 1226 362 1259 modi
391 1235 492 1260 sectae
528 1224 694 1259 damnatae
722 1224 876 1258 foeminas
903 1232 1030 1259 antece-

277 1276 373 1315 dunt,
396 1283 425 1309 et
454 1275 483 1308 in
513 1274 593 1309 dicta
613 1274 728 1308 Sancta
750 1273 888 1308 Ecclesia
912 1274 1028 1320 ligandi

277 1331 369 1371 atque
396 1323 537 1358 solvendi
559 1323 624 1358 fore
651 1323 808 1369 abnegant
830 1331 1028 1369 potestatem:

278 1386 339 1407 non
362 1373 465 1408 solum
495 1373 696 1420 praemissis,
719 1381 748 1406 et
772 1372 840 1407 aliis
864 1373 952 1407 novis
980 1374 1029 1407 in—

276 1423 333 1457 viis
355 1423 508 1467 obvoluti,
528 1423 643 1469 quibus
662 1434 793 1457 erronee
809 1421 1027 1462 adhaerentes,

277 1474 342 1519 ipsa
370 1473 527 1507 sustinent
549 1481 577 1507 et
601 1471 795 1516 defendunt,
822 1471 877 1505 sed
900 1481 930 1506 et
952 1484 1030 1507 non-

278 1521 372 1556 nullis
399 1522 576 1563 erroribus,
608 1534 687 1569 qnos
722 1529 859 1556 vetustas
882 1521 1027 1557 damnata

279 1571 442 1618 produxit:
467 1572 548 1607 inter
568 1584 648 1619 quos
670 1571 764 1618 aliqui
788 1583 856 1605 esse
879 1570 1029 1606 dicuntur

277 1630 453 1668 apostatae,
480 1624 532 1669 qui
570 1621 701 1668 professi
738 1621 859 1655 fuerant
888 1621 917 1655 in
947 1621 1029 1655 ordi·

278 1670 371 1706 nibus
398 1671 596 1718 approbatis;
632 1671 685 1718 qui
710 1671 838 1716 sagittas
862 1671 1028 1718 pestiferas

278 1721 427 1756 cordibus
448 1721 673 1768 simpliciorum
700 1721 857 1766 infligunt.

325 1771 345 1818 g
367 1773 399 1805 2.
428 1770 597 1805 Commissi
621 1782 695 1816 ergo
718 1771 810 1805 nobis
843 1770 1028 1805 universalis

278 1820 438 1855 Ecclesiae
472 1833 546 1855 cura
581 1820 743 1867 regiminis
775 1828 804 1854 et
838 1819 1028 1867 apostolicae

276 1870 390 1905 solium
418 1870 579 1917 dignitatis
601 1882 659 1904 nos
683 1877 802 1916 angunt
829 1878 858 1904 et
881 1879 1027 1916 pungunt

276 1929 305 1954 et
339 1920 503 1954 hortantur
540 1920 708 1959 instanter,
751 1928 782 1953 ut
810 1919 940 1963 talibus,
973 1919 1026 1966 qui

278 1970 497 2004 inconsutilem
541 1969 668 2003 Domini
711 1970 846 2003 tunicam
884 1969 1027 2003 dissuere

277 2021 464 2060 moliuntur,
487 2019 666 2053 salubribus
684 2019 830 2053 remediis
852 2018 1026 2058 obviantes,

277 2070 416 2104 insaniae
451 2077 554 2103 tantae
595 2069 710 2103 malum
748 2077 854 2102 nostro
891 2069 1026 2108 intuitu,

275 2119 380 2153 ‹livina
407 2118 499 2153 nobis
532 2119 698 2154 assistente
737 2118 852 2164 gratia,
889 2118 1027 2164 dissipe-

276 2180 355 2202 mus
384 2167 596 2216 Quapropter,
623 2168 805 2202 huiusmodi
827 2177 942 2202 sectam
965 2176 1025 2202 tam

276 2218 482 2260 haereticam,
519 2230 611 2265 quam
653 2218 792 2252 insanam
830 2217 868 2252 de
897 2217 1025 2252 fratrum

276 2277 454 2302 nostrorum
492 2268 624 2303 consilio
659 2268 788 2302 omuino
823 2267 1026 2311 damnantes7

275 2318 454 2352 damnatam
477 2326 507 2352 et
540 2318 727 2352 haereticam
766 2317 970 2361 nunciamus,
997 2325 1025 2351 et

278 2368 430 2403 universis
490 2367 748 2402 christifidelibus
807 2367 1026 2402 ecclesiasticis

279 2417 322 2451 tel
354 2417 524 2453 mundanis
555 2418 786 2465 cuiuscumque
821 2417 938 2451 fuerint
975 2416 1025 2450 di-

277 2468 415 2513 gnitatis,
436 2467 639 2508 conditionis,
667 2477 718 2502 aut
741 2475 859 2507 status,
888 2466 1025 2501 districte

279 2518 497 2565 praecipimus⁷
520 2526 553 2552 ut
574 2518 705 2552 mortale
733 2516 916 2551 huiusmodi
941 2516 1025 2550 virus

277 2567 435 2608 abiiciant,
451 2577 479 2602 et
496 2567 567 2602 talia
591 2567 720 2602 nefanda
737 2567 937 2601 credentibus
960 2565 1026 2599 nnl-

312 2640 350 2673 (ί)
367 2639 445 2666 Deest
465 2639 572 2675 aliquid,
596 2640 681 2666 forsan
703 2642 891 2669 νιίψιίἰιιὶιιιιι,
912 2646 1022 2663 renero-

277 2678 384 2707 tionem,
401 2678 451 2702 etc.

1074 429 1228 472 savorem
1255 437 1284 462 et
1317 437 1348 462 ut
1379 440 1439 462 non
1482 437 1639 476 rereptent
1675 429 1819 463 eosdem:
1836 430 1965 454 ’mm-‘³¹

1075 478 1286 513 Ecclesiarum
1316 489 1387 511 vero
1411 478 1572 524 praelatis,
1600 487 1627 511 et
1654 479 1747 513 etiam
1772 479 1822 512 in-

1073 527 1280 574 quisitoribus
1314 526 1487 561 haereticae
1518 528 1689 574 pravitatis,
1708 527 1822 562 autbo-

1074 579 1161 612 ritate
1189 576 1360 623 apostolica
1385 576 1534 612 institutis
1561 576 1691 612 ubilibet
1715 586 1743 611 et
1767 578 1821 611 in-

1073 627 1242 661 stituendis
1261 627 1487 673 imposterum,
1513 626 1685 661 districtius
1709 627 1822 661 iniun—

1073 686 1193 723 gentes,
1218 684 1250 710 ut
1277 684 1384 711 contra
1413 676 1502 714 tales,
1519 677 1600 710 sicut
1622 685 1728 710 contra
1754 676 1822 710 bae-

1074 727 1203 771 reticos,
1226 726 1443 765 auxiliatores,
1478 725 1702 764 consiliatores,
1726 737 1822 760 rece-

1075 785 1210 825 ptatores
1237 784 1267 810 et
1296 775 1433 810 fautores
1459 787 1567 809 eorum
1601 775 1740 810 debitum
1773 777 1820 810 sui

1073 827 1165 861 officii
1195 826 1376 873 diligentius
1398 834 1609 872 exequantur:
1646 837 1726 873 quos
1762 838 1823 872 pu—

1074 877 1132 911 niri
1162 876 1306 910 volumus
1328 876 1503 930 sententiis,
1538 875 1650 921 poeuis
1683 883 1711 909 et
1740 874 1822 909 mul-

1073 927 1148 966 ctis,
1186 926 1276 960 illatis
1310 925 1380 972 ipso
1416 925 1483 959 iure
1516 932 1546 958 et
1574 923 1745 959 inferendis
1768 936 1823 971 per

1072 975 1271 1023 apostolicas,
1286 973 1464 1015 canonicas,
1477 973 1703 1009 ecclesiasticas
1717 982 1747 1008 et
1761 985 1822 1008 sae-

1073 1025 1225 1061 cularium
1256 1024 1431 1071 principum
1452 1024 1647 1060 sanctiones:
1678 1035 1822 1071 praeser-

1073 1076 1126 1109 tim
1147 1075 1307 1122 quondam
1330 1073 1484 1108 Friderici
1507 1073 1581 1108 olim
1604 1072 1819 1108 Romanorum

1074 1125 1284 1172 imperatoris,
1309 1132 1449 1171 tempore
1475 1134 1537 1170 quo
1560 1122 1644 1158 idem
1672 1123 1701 1157 in
1725 1122 1822 1157 devo-

1074 1174 1157 1209 tione
1201 1174 1363 1208 Romanae
1406 1172 1567 1207 Ecclesiae
1613 1172 1820 1220 persistebat,

1072 1233 1180 1259 contra
1215 1223 1409 1263 haereticos,
1448 1235 1504 1257 seu
1546 1234 1821 1269 quorumcumque

1074 1275 1191 1308 ratione
1215 1273 1374 1321 pravitatis
1402 1272 1577 1306 haereticae
1600 1271 1770 1306 ordinatas.

1122 1323 1236 1358 Datum
1277 1322 1459 1368 Anagniae,
1498 1321 1640 1356 kalendis
1678 1321 1821 1367 augusti,

1073 1373 1273 1420 pontificatus
1296 1372 1390 1406 nostri
1419 1384 1502 1406 anno
1528 1371 1677 1406 secundo.

1120 1434 1180 1465 Dat.
1201 1435 1247 1465 die
1265 1436 1275 1463 ‘l
1296 1434 1414 1472 arignsti
1437 1433 1519 1470 1296,
1535 1432 1636 1472 pontif.
1657 1442 1732 1462 anno
1749 1441 1777 1462 ιι.

1429 1548 1457 1584 X

1071 1619 1223 1652 Sardinia
1246 1625 1271 1651 et
1307 1619 1428 1651 Corsica
1456 1620 1637 1661 Arayonum
1671 1617 1737 1660 reqt'
1766 1615 1821 1649 Ia·-

1119 1669 1191 1702 cobo
1213 1670 1278 1701 iure
1299 1669 1491 1713 beneficiario
1517 1668 1667 1710 traditae,
1689 1666 1743 1699 sub
1769 1677 1823 1699 an·

1119 1731 1182 1752 nua
1202 1718 1408 1763 praestatione
1433 1719 1565 1751 duorum
1586 1717 1718 1750 millium
1739 1726 1822 1749 mar-

1119 1769 1246 1803 charum
1273 1769 1395 1813 arqenli
1419 1768 1495 1801 Sedu?
1520 1767 1711 1812 Apostolicae
1738 1767 1793 1807 (1).

1343 1838 1555 1869 SUMMARIUM

1070 1902 1225 1932 Exordium
1249 1902 1285 1932 ab
1305 1902 1477 1932 auctoritate
1500 1906 1528 1931 et
1550 1901 1707 1930 stabilitate
1736 1900 1821 1930 Sedis

1110 1947 1296 1987 Apostolirae
1319 1947 1450 1986 petitum.
1473 1962 1511 1967 -
1539 1946 1563 1974 1.
1583 1944 1725 1974 Bonifacii
1752 1953 1819 1982 erga

1110 1991 1247 2021 Iacobum
1271 2000 1368 2029 regem
1393 1999 1483 2019 amor:
1500 2006 1537 2011 -
1561 1989 1587 2018 2.
1607 1988 1677 2018 Eum
1697 1988 1732 2017 de
1755 1987 1821 2017 Sar-

1110 2036 1187 2065 dinia
1231 2042 1257 2066 et
1284 2035 1402 2065 Corsica
1436 2034 1551 2064 investit
1583 2033 1637 2062 sub
1671 2032 1820 2062 nonnullis

1110 2080 1341 2110 conditionibus.
1358 2097 1395 2102 -
1414 2079 1535 2109 Militum
1556 2086 1697 2107 numerus
1717 2078 1745 2106 in
1761 2076 1818 2106 Ec-

1109 2126 1218 2155 clesiae
1250 2126 1393 2164 obsequio
1420 2123 1661 2154 substentanduS.
1690 2138 1728 2144 —
1757 2121 1817 2157 Qua

1110 2171 1221 2201 ratione
1253 2175 1407 2200 terrestres
1439 2169 1540 2207 copiae
1572 2176 1638 2196 cum
1662 2166 1818 2196 maritimis

1109 2216 1343 2245 commutandae,
1371 2231 1410 2236 —-
1432 2213 1458 2242 3.
1481 2211 1593 2241 Census
1622 2219 1748 2240 annuus.
1780 2226 1818 2232 -

1110 2259 1223 2289 Poenae
1246 2269 1302 2289 non
1338 2258 1461 2288 solventi
1484 2256 1624 2286 obiectae.
1654 2271 1693 2276 —
1717 2255 1745 2284 4.
1779 2253 1817 2282 Ex

1109 2314 1187 2333 nunc
1222 2304 1444 2342 promulgantur
1473 2310 1581 2340 poenae
1611 2300 1639 2328 in
1669 2307 1766 2336 regem
1791 2298 1815 2326 si

1109 2348 1327 2378 conditionibus
1351 2347 1431 2376 hisce
1453 2355 1510 2375 non
1530 2343 1714 2374 satisfecerit.
1734 2359 1771 2363 —
1789 2342 1816 2371 5.

1108 2392 1185 2423 Ordo
1197 2392 1395 2423 successionis
1413 2390 1575 2420 servandus
1591 2388 1696 2427 quatis,
1715 2391 1743 2417 et
1758 2396 1815 2426 quo

1109 2447 1179 2467 casu
1203 2446 1291 2474 regna
1322 2436 1391 2466 haec
1415 2435 1450 2465 ad
1473 2432 1632 2463 Ecclesiam
1656 2432 1814 2462 devolvan-

1110 2486 1165 2512 tur.
1189 2499 1227 2504 —
1248 2481 1286 2510 De
1305 2480 1495 2510 successione
1523 2486 1573 2517 per
1596 2477 1750 2506 foeminas.
1776 2493 1815 2498 -

1110 2526 1261 2556 Sardicum
1289 2528 1317 2554 et
1341 2523 1491 2553 Corsicum
1515 2531 1602 2560 regna
1620 2522 1695 2550 inter
1716 2521 1814 2559 plnres

1109 2571 1249 2600 haeredes
1274 2579 1331 2599 non
1354 2568 1518 2598 dividenda.
1547 2584 1582 2588 —
1610 2566 1637 2599 6,
1661 2566 1686 2594 Ἶ.
1709 2565 1812 2594 Forma

1108 2615 1262 2644 iuramenti
1293 2614 1359 2643 Sedi
1395 2614 1492 2651 Apost.
1525 2620 1575 2650 per
1607 2618 1690 2647 reges
1724 2618 1812 2648 prae-

1102 2674 1140 2706 (1)
1159 2672 1195 2698 Ex
1214 2672 1316 2705 Regest.
1336 2671 1359 2695 in
1377 2669 1486 2697 Archiv.
1506 2668 1586 2695 Vatic.
