2274 3265
72 277 122 303 An.
141 277 170 302 C.
192 278 256 304 tlit8

907 275 1073 299 MARTtNth
1096 276 1113 298 V
1131 276 1179 298 ΙΨ.
1216 284 1219 287 ·

1692 265 1762 297 675

271 340 316 366 est
340 331 507 378 praelatus,
535 330 640 365 nullus
670 339 715 365 est
743 331 912 378 episcopus
945 331 1020 365 dum
1063 330 1119 364 rite
1140 337 1168 363 et
1187 330 1267 363 iuste
1289 329 1397 369 factae,
1413 337 1442 363 et
1460 341 1475 364 a
1498 329 1638 377 quolibet
1661 329 1814 365 catholico

271 389 316 414 est
341 381 369 415 in
391 389 518 427 peccato
542 380 675 415 mortali.

273 480 287 517 ᾗ
319 477 371 509 14.
398 476 497 509 Tertor
511 475 818 519 interroqatoriorum
840 475 929 508 iuxta
946 485 1023 517 quae

322 526 464 558 haeretici
478 532 531 558 aut
552 526 588 558 de
609 525 726 558 haeresi
750 525 878 569 suspecti
897 524 1025 555 interro-

322 575 395 618 gari
422 575 537 607 debent.

328 669 358 700 1.
388 666 493 713 Super
529 666 710 712 praemissis
744 675 846 700 autem
875 664 1026 703 articulis,

90 725 122 768 11¹
147 724 197 766 ¹¹¹1„
225 722 261 766 'La-b
276 716 409 762 quilibet
431 716 470 750 de
497 717 543 749 eis
562 724 742 761 suspectus,
765 727 819 749 seu
855 714 884 748 in
918 726 1025 748 eorum

162 785 181 797 n
216 785 261 796 ..μ
277 766 449 799 assertione
471 764 702 810 deprehensus,
725 765 807 798 iuxta
832 763 958 797 modum
981 763 1028 796 in-

136 816 140 828 ¹
158 847 162 859 Ι
178 815 220 858 ¹¹¹¹„
239 845 263 857 μ’
278 822 454 859 terrogetur
468 813 717 859 infrascriptum:
736 813 765 846 iu
789 813 909 858 primis,
925 820 1027 845 utrum

194 877 215 889 υ
236 863 461 907 «ur-ognoverit
498 862 645 896 loannem
674 861 808 895 Wicteff
836 862 875 895 de
906 861 1030 906 Anglia,

280 911 427 946 loannem
452 911 536 945 Huss
558 911 595 944 de
619 910 782 950 Bubeium,
801 909 1029 956 Hieronymum

278 960 316 993 de
341 960 452 1005 Praga,
486 972 541 994 seu
576 961 713 1005 aliquem
746 971 867 1002 eornm,
895 968 923 992 et
947 958 1032 992 unde

280 1009 422 1042 hahuerit
438 1021 546 1043 eorum
572 1009 763 1050 notitiam,et
781 1017 885 1042 utrum
901 1007 1033 1041 cumeis

282 1058 325 1091 tel
351 1070 459 1092 eorum
484 1058 601 1105 aliquo,
628 1058 703 1091 dum
729 1058 879 1095 viverent,
901 1068 1033 1090 conver-

280 1107 432 1141 sationem
457 1107 501 1141 rel
524 1107 692 1141 amicitiam
717 1106 873 1140 habuerit.

331 1159 362 1189 9..
384 1155 473 1196 Item,
490 1164 592 1190 utrum
609 1156 714 1190 sciens
731 1155 814 1202 ipsos
825 1167 880 1189 sen
897 1155 1033 1200 aliquem

281 1206 420 1251 ipsorum
444 1205 756 1244 excommunicatos,
780 1204 915 1238 scienter
938 1203 1036 1250 parti-

281 1255 432 1301 ripnverit
448 1255 595 1289 cumillis
611 1262 760 1301 reputans
774 1262 803 1287 et
818 1253 928 1287 dicens
943 1252 1034 1285 talem

284 1304 555 1351 participationem
580 1316 641 1338 uon
666 1315 734 1337 esse
759 1309 934 1348 peccatum.

332 1357 364 1387 5.
389 1353 482 1393 ltem,
517 1361 621 1386 utrum
652 1359 720 1399 post
755 1359 887 1385 mortem
912 1362 1036 1392 eorum,

285 1414 340 1448 pro
364 1402 483 1436 eisdem
507 1414 562 1436 seu
585 1401 689 1448 aliquo
711 1412 819 1434 eorum
843 1400 988 1441 oraverit,
1008 1408 1037 1433 et

285 1451 414 1498 publice
451 1450 495 1484 vel
532 1450 654 1485 occulte
676 1461 770 1496 opera
796 1448 919 1495 pietatis
943 1460 1038 1482 exer-

284 1501 397 1543 cuerit,
419 1511 564 1534 asserens
587 1512 641 1534 eos
658 1499 722 1533 fore
746 1497 853 1542 beatos
875 1506 904 1531 et
924 1497 1037 1531 salvos.

335 1551 367 1582 4.
390 1549 479 1588 Item,
504 1558 608 1583 utrum
628 1561 682 1582 eos
706 1547 751 1582 vel
774 1547 910 1594 aliquem
929 1558 1037 1580 eorum

285 1606 411 1632 sanctos
436 1599 641 1646 reputaverit,
664 1607 693 1632 et
715 1597 838 1636 dixerit,
867 1604 896 1629 et
918 1597 962 1629 eis
987 1608 1040 1629 ve-

288 1648 465 1681 nerationes
489 1649 572 1682 velut
592 1648 709 1681 sanctis
736 1645 927 1679 exhibuerit.

338 1699 369 1731 5.
382 1696 475 1742 Item,
488 1706 592 1732 utrum
605 1696 724 1734 credat,
741 1703 842 1729 teneat
859 1703 889 1728 et
908 1702 1040 1737 asserat,

287 1746 371 1792 quod
405 1746 569 1793 quodlibet
611 1746 780 1780 concilium
824 1743 970 1790 generale
1013 1753 1040 1777 et

288 1796 382 1830 etiam
410 1796 666 1833 Constantiense,
696 1794 905 1829 universalem
929 1793 1042 1827 Eccle-

288 1845 364 1878 siam
389 1853 613 1892 repraesentet.

339 1896 371 1928 6.
396 1894 485 1935 Item,
508 1903 613 1928 utrum
629 1893 748 1931 credat,
763 1891 846 1938 quod
865 1891 939 1925 illud
957 1891 1042 1938 quod

289 1956 414 1977 sacrum
438 1944 606 1978 concilium
631 1941 887 1979 Constantiense,
917 1942 1045 1975 univer-

290 1993 386 2026 sah-m
405 1992 580 2027 Ecclesiam
595 1998 836 2038 repraesentans,
861 1989 1046 2036 approbavit

291 2050 319 2075 et
348 2041 502 2088 approbat
525 2043 554 2075 in
573 2041 709 2075 favorem
727 2039 799 2073 fidei
813 2048 841 2072 et
858 2039 894 2072 ad
911 2040 1043 2073 salntem

291 2092 487 2135 animarum,
522 2090 606 2138 quod
648 2090 706 2123 hoc
739 2096 784 2122 est
817 2088 855 2122 ab
892 2088 1046 2122 universis

292 2140 560 2175 Christilidelibus
593 2137 832 2185 approbandum
863 2147 893 2171 et
930 2146 1047 2171 tenen—

293 2190 366 2223 ‹lum
391 2192 456 2232 (l),
485 2202 540 2236 pro
563 2188 773 2223 condemnato
800 2186 995 2220 credendum
1019 2195 1046 2219 et

295 2239 514 2272 asserendum.

347 2290 378 2320 Τ.
398 2287 487 2331 Item,
505 2296 608 2321 utrum
633 2286 736 2321 credat
761 2285 843 2332 quod
861 2285 1050 2319 condemna-

297 2339 398 2372 tiones
427 2337 554 2371 Ioannis
585 2335 724 2379 Wicteff,
746 2335 873 2369 Ioannis
909 2334 994 2368 Huss
1021 2342 1049 2366 et

297 2387 476 2433 Hieronymi
513 2386 551 2420 de
586 2385 685 2430 praga
722 2384 817 2418 sactae
845 2384 884 2417 de
908 2383 1051 2430 personis

298 2449 418 2476 corum,
446 2435 535 2469 libris
563 2443 593 2469 et
621 2434 820 2469 documentis
848 2445 903 2479 per
928 2445 1050 2466 sacrum

299 2485 442 2531 generale
467 2484 710 2519 Constantiense
733 2482 914 2525 concilium,
936 2482 1053 2516 suerint

337 2548 375 2582 (t)
392 2547 544 2574 Desunthic
555 2554 674 2581 quoque,
694 2544 890 2581 proculdubio,
910 2544 1054 2578 eademque

302 2584 403 2610 ratione
419 2591 470 2617 qua
492 2583 517 2608 in
538 2590 597 2616 pag.
625 2581 769 2616 praeced,
798 2580 877 2606 verba
904 2580 989 2610 haec,
1009 2583 1053 2605 aut

301 2618 523 2653 aequipollentia:
544 2622 567 2643 et
588 2620 655 2649 quod
672 2619 850 2642 condemnavit
880 2619 903 2640 et
930 2617 1053 2640 comtem-

303 2658 359 2685 nul,
381 2656 427 2680 hoc
443 2657 494 2680 etc.

384 2698 457 2728 Ball.
483 2697 558 2726 Rom.
588 2696 640 2724 t'ol.
661 2696 706 2724 JV.
900 2694 937 2722 85

1065 391 1119 425 pro
1133 378 1247 413 talibus
1260 379 1412 413 tenendae
1427 387 1457 413 et
1477 380 1606 414 tirmiter
1622 380 1813 414 asserendae.

1114 431 1146 461 8.
1171 428 1260 470 Item,
1285 437 1387 462 utrum
1411 429 1536 473 credat,
1561 437 1675 469 teneat,
1698 438 1815 463 asserat

1066 477 1215 511 loannem
1232 477 1410 512 Wictettde
1424 478 1550 523 Auglia,
1567 478 1713 512 loannem
1731 478 1816 512 ltuss

1066 527 1104 559 de
1136 526 1265 561 Boemia
1310 535 1339 561 ct
1376 527 1604 573 Hieronymum
1642 527 1681 560 dc
1719 527 1816 572 l'raga

1067 575 1163 609 l'nisse
1187 575 1362 610 haereticos
1385 584 1413 610 et
1438 589 1494 622 pro
1517 576 1684 611 haereticis
1712 577 1817 609 nomi-

1069 625 1189 659 nandos
1202 637 1237 658 ac
1251 624 1491 671 reputan‹los,et
1508 625 1603 659 libros
1617 633 1647 659 et
1662 625 1818 659 doctrinas

1068 686 1176 708 eorum
1201 674 1297 707 fuisse
1319 683 1348 708 et.
1380 686 1448 708 esse
1481 686 1656 720 perversos,
1692 683 1820 720 propter

1069 735 1147 769 quos
1169 732 1197 757 et
1221 735 1310 769 quas,
1344 732 1373 757 et
1398 736 1451 768 per
1480 735 1587 757 eorum
1622 723 1821 768 pertinacias,

1072 785 1127 818 per
1149 784 1272 806 sacrum
1296 771 1465 806 concilium
1494 771 1737 806 Constantiense
1766 784 1821 818 pro

1072 821 1237 856 haereticis
1257 828 1331 855 sunt
1355 821 1568 855 condemnati.

1122 874 1153 904 9.
1171 870 1259 910 Item,
1285 879 1388 904 utrum
1414 870 1570 904 habeatin
1594 882 1648 903 sua
1674 877 1824 915 potestate

1072 920 1194 967 aliquus
1223 927 1390 959 tractatus,
1414 918 1578 965 opuscula,
1606 918 1754 964 epistolas
1778 917 1824 951 vel

1073 981 1296 1015 quaecunnluc
1323 969 1381 1002 alia
1418 969 1532 1014 scripta
1571 969 1599 1001 in
1624 979 1826 1013 quocumque

1075 1018 1221 1052 idiomate
1248 1030 1302 1064 per
1330 1017 1477 1052 loannem
1505 1016 1646 1060 Wicteff,
1677 1015 1826 1050 loannem

1076 1067 1171 1106 Huss,
1210 1075 1239 1100 et
1277 1066 1504 1113 Hieronymum
1548 1065 1732 1109 haereticos,
1771 1076 1826 1099 seu

1075 1128 1185 1150 eorum
1202 1115 1501 1162 pseudodiscipulos
1516 1122 1545 1149 ct
1560 1126 1712 1160 sequaces
1727 1113 1828 1147 editos

1077 1166 1122 1199 vel
1147 1165 1323 1205 translatos,
1360 1164 1443 1199 edita
1481 1163 1526 1198 vel
1559 1163 1717 1203 translata,
1744 1162 1828 1209 quod

1078 1214 1146 1248 illos
1170 1214 1215 1248 vel
1240 1213 1291 1248 illa
1314 1213 1472 1248 ordinario
1487 1213 1560 1253 loci,
1576 1212 1621 1246 vel
1644 1212 1713 1246 eius
1734 1224 1829 1246 com-

1079 1263 1219 1297 missario
1254 1275 1308 1297 seu
1343 1262 1521 1308 inquisitori
1560 1262 1620 1295 sul)
1653 1261 1829 1295 iuramento

1080 1319 1267 1358 praesentet.
1297 1311 1389 1352 Quod
1417 1311 1443 1344 si
1465 1310 1549 1357 apud
1573 1323 1605 1344 se
1628 1311 1742 1356 scripta
1770 1310 1830 1343 hu-

1080 1361 1216 1394 iusmodi
1244 1372 1278 1394 se
1306 1359 1421 1393 habere
1455 1372 1516 1394 non
1545 1360 1737 1404 cognoverit,
1774 1358 1831 1392 sed

1079 1409 1164 1449 alibi,
1188 1409 1273 1456 quod
1303 1409 1383 1442 iuret
1407 1408 1457 1441 illa
1483 1409 1565 1442 circa
1589 1420 1682 1441 suum
1703 1407 1833 1441 ordina-

1081 1459 1161 1492 rium
1187 1458 1233 1492 vel
1268 1457 1346 1492 alios
1381 1456 1580 1503 supradictos
1606 1456 1683 1491 infra
1711 1464 1831 1491 certum

1081 1508 1253 1542 terminum
1276 1506 1337 1540 sihi
1360 1506 1596 1553 praeligendum
1625 1509 1792 1551 deponere.

1133 1559 1189 1591 10.
1227 1556 1323 1595 Item,
1353 1564 1456 1590 utrum
1491 1556 1569 1589 sciat
1609 1555 1746 1601 aliquem
1788 1553 1834 1588 vel

1082 1606 1205 1653 aliquos
1244 1605 1395 1640 habentes
1433 1605 1644 1651 praefatorum
1673 1611 1836 1647 tractatus,

1082 1655 1245 1702 opuscula,
1264 1654 1427 1701 epistolas,
1462 1654 1510 1688 vel
1533 1665 1754 1700 quaecumque
1775 1652 1837 1687 alia

1083 1705 1198 1751 scripta
1220 1705 1248 1738 in
1269 1716 1473 1751 quocumque
1496 1703 1644 1737 idiomate
1663 1702 1836 1748 composita

1084 1755 1147 1787 sive
1164 1753 1322 1792 translata,
1335 1752 1421 1799 quod
1437 1753 1523 1787 illum
1546 1752 1590 1786 rel
1616 1752 1685 1786 illos
1700 1751 1837 1797 detegat,

1086 1804 1131 1837 vel
1156 1802 1345 1846 manifestet,
1361 1815 1416 1849 pro
1435 1802 1655 1849 purificatione
1678 1800 1750 1834 lidei
1773 1801 1837 1834 sive

1085 1861 1270 1887 executione
1289 1859 1434 1886 iustitiae.

1138 1904 1192 1936 11.
1221 1901 1298 1935 ltem
1322 1900 1504 1947 specialiter
1530 1899 1672 1934 literatus
1702 1899 1840 1933 interro-

1086 1961 1190 1997 getur,
1214 1959 1320 1984 utrum
1336 1950 1442 1984 credat
1456 1950 1641 1984 sententiam
1660 1949 1738 1982 sacri
1753 1946 1840 1982 Con-

1086 2000 1270 2035 stantiensis
1318 1999 1441 2033 concilii
1490 2010 1587 2045 super
1633 1997 1841 2043 quadraginta

1087 2050 1230 2096 quinque
1252 2048 1378 2083 Ioannis
1400 2047 1533 2082 Wicteff
1550 2055 1580 2082 et
1606 2046 1734 2081 loannis
1756 2045 1842 2079 Huss

1089 2099 1214 2145 triginta
1230 2098 1370 2132 articulis
1385 2097 1532 2144 superius
1543 2096 1722 2141 descriptis,
1736 2096 1842 2135 latam,

1089 2148 1154 2182 sore
1172 2159 1289 2186 veram,
1312 2156 1342 2181 et
1369 2146 1569 2189 catholicam,
1597 2145 1728 2189 scilicet,
1757 2143 1843 2191 quod

1089 2197 1258 2243 supradicti
1299 2196 1504 2242 quadraginta
1544 2195 1686 2241 quinque
1722 2192 1844 2228 articuli

1090 2246 1216 2280 loannis
1244 2245 1377 2278 Wielesl'
1399 2254 1427 2278 et
1457 2245 1582 2278 loannis
1609 2243 1694 2277 Huss
1716 2243 1845 2289 triginta

1093 2309 1153 2330 non
1177 2303 1250 2329 sunt
1266 2294 1423 2334 catholici,
1441 2294 1494 2328 sed
1514 2293 1641 2340 quidam
1664 2305 1701 2327 ex
1715 2293 1760 2326 eis
1773 2300 1847 2327 sunt

1093 2345 1214 2379 notorie
1251 2343 1422 2385 haeretici,
1455 2343 1583 2389 quidam
1625 2342 1759 2381 erronei,
1794 2341 1844 2375 alii

1093 2394 1248 2428 temerarii
1275 2401 1303 2426 et
1327 2393 1479 2433 seditiosi,
1497 2392 1547 2426 alii
1573 2392 1695 2439 piarum
1723 2392 1844 2425 aurium

1094 2443 1248 2477 ostensivi.

1147 2494 1202 2526 12.
1229 2492 1318 2531 Item,
1334 2500 1440 2525 utrum
1456 2490 1563 2525 credat
1577 2499 1605 2524 et
1623 2498 1751 2534 asserat,
1761 2489 1845 2537 quod

1089 2536 1124 2575 in
1152 2541 1238 2576 nullo
1260 2553 1333 2575 casu
1357 2541 1394 2574 sit
1418 2541 1536 2574 licitum
1562 2540 1674 2574 iurare.

1150 2594 1202 2625 15.
1226 2591 1315 2630 Item,
1332 2599 1433 2624 utrum
1458 2589 1673 2635 ci·edat,quod
1697 2588 1734 2623 ad
1759 2600 1848 2622 man-

1097 2640 1203 2675 datum
1228 2640 1340 2674 iudicis
1360 2641 1571 2673 iuramentum
1595 2638 1633 2672 de
1656 2638 1785 2672 veritate
1805 2637 1848 2671 (li-

1828 275 1879 301 Αη.
1897 276 1914 299 C
1945 274 2012 300 tttss
