2274 3265
103 278 151 302 An.
171 275 197 301 (ἶ.
219 277 285 303 Ηιῖὅ

103 716 112 734 d

118 719 152 734 icti
170 719 191 733 ro

103 747 120 765 di
138 745 208 764 otto-11.

931 278 1093 300 MAnTtNt's
1117 278 1135 298 V
1160 278 1209 301 ΡΙ).

301 339 332 364 nt
368 330 451 365 Urbs
480 333 562 378 ipsa,
589 344 669 378 qnae
698 331 813 364 divinis
841 340 868 365 et
906 331 1049 365 litinianis

301 380 424 427 legibus
453 389 597 428 pcrantca
628 381 741 420 llornit,
771 381 917 427 illiusque
944 380 1048 414 distri-

301 439 381 469 ctus,
395 431 508 465 nostris
529 431 558 464 in
580 430 785 477 temporibus,
809 430 911 464 divina
930 431 1050 464 favente

301 479 481 519 clementia,
506 479 597 513 bonis
619 487 759 525 assurgat
783 479 933 522 moribus,
955 487 1051 514 etsa-

302 529 454 563 lutaribns
482 529 510 563 in
535 537 624 563 autea
653 529 854 564 successibus
887 540 1051 563 commen-

301 578 404 613 detur.

351 628 370 674 5
401 630 430 661 l.
454 627 535 661 Cum
566 628 670 673 itaque
694 628 788 671 (sicut
818 627 860 663 rei
896 626 1050 661 evidentia

242 690 286 702 11¹¹>
303 678 404 723 palam
432 676 560 720 edocet)
590 676 671 710 Urbs
710 677 937 724 districtusque
960 688 1053 722 prae-

195 716 288 733 sumen<

302 725 398 768 dicti,
425 738 506 772 quos
529 735 658 773 paterno
681 727 901 773 amplectimur
927 726 1052 765 affectu,

302 787 339 809 ex
363 774 487 809 defectu
516 775 610 809 oflicii
640 776 873 821 magistrorum,
890 775 973 822 qnod
998 787 1053 808 an-

304 825 435 870 tiquitus
456 836 510 870 pro
534 825 664 867 viarum,
682 832 860 865 stratarum,
880 826 1051 872 platearum

302 883 330 908 et
347 873 487 907 locorum
504 873 635 908 aliorum
661 882 720 907 tam
741 874 940 920 publicorum
958 886 1051 920 quarn

304 923 508 970 privatorum,
533 935 654 957 necnon
678 923 891 958 aedificiorum
917 923 1055 970 lapideo-

303 985 371 1007 rum
405 980 433 1006 et
467 971 659 1018 ligneorum,
696 973 848 1018 parietum
882 972 1053 1018 tignorum,

303 1021 518 1061 banchorum,
547 1030 699 1056 tectorum
716 1049 724 1065 ,
754 1022 970 1064 tabulatuum,
993 1022 1054 1056 rni-

303 1083 491 1117 guanornm,
514 1071 737 1117 apothecarum
759 1080 788 1105 et
809 1071 964 1119 pontium,
989 1083 1054 1117 por

305 1129 423 1163 tarum,
452 1132 633 1166 passorum,
655 1132 807 1166 aquarum
836 1120 1054 1159 decursuum,

304 1169 460 1204 canalium
489 1178 518 1203 et
543 1177 724 1208 meatuum
760 1183 883 1204 necnon
916 1169 1055 1204 urbano—

306 1232 373 1253 rum
394 1228 423 1253 et
442 1218 630 1253 rusticorum
649 1218 860 1265 praediorum,
885 1226 1055 1265 pr:,rtorurn

306 1269 468 1302 bortorum
496 1276 590 1315 atque
620 1268 800 1312 vinearum,
838 1268 971 1311 linium,
1007 1280 1056 1301 rr-

305 1318 556 1357 stanrationum,
596 1317 778 1351 seriitntum
814 1326 844 1352 et
878 1317 1054 1350 libertatum

305 1366 595 1406 administratione,
619 1366 794 1400 institutum
824 1375 853 1400 et
876 1365 1054 1400 ordinatum

305 1416 421 1460 extitit,
450 1416 478 1449 in
514 1415 696 1462 praemissis
729 1423 758 1449 et
786 1428 893 1450 eorum
922 1415 1057 1460 singulis

306 1467 456 1512 grandem
477 1464 706 1498 deformitatem
731 1477 785 1498 seu
806 1465 928 1499 ruinam
954 1464 1056 1510 potins

306 1513 571 1548 abhominabilem
598 1513 753 1559 patiantur
775 1522 803 1548 et
832 1515 994 1549 iacturam.
1019 1513 1057 1547 Et

307 1564 400 1607 (sicut
438 1563 632 1610 accepimus]
670 1563 812 1597 nonnulli
841 1576 878 1598 ex
915 1562 1057 1606 civibus,

309 1612 536 1647 habitatoribus
555 1620 585 1646 et
608 1613 719 1647 incolis
735 1612 829 1647 Urbis
851 1621 879 1647 et
895 1612 1058 1646 districtus

310 1662 482 1708 praedicti,
511 1661 679 1695 macellarii
719 1662 879 1705 videlicet,
917 1662 1058 1708 piscarii,

309 1720 452 1754 sutores,
482 1710 736 1756 palaniantellarii
751 1739 758 1751 ,
781 1711 961 1757 diversique
983 1711 1059 1744 arti-

311 1761 396 1804 tices,
424 1761 488 1794 loca
512 1772 548 1794 ac
574 1760 666 1794 etiam
698 1761 865 1807 ergasteria
890 1760 984 1795 Urbis
1013 1760 1059 1794 in-

310 1809 499 1853 habitantes,
516 1821 652 1856 snasqne
676 1810 751 1844 inibi
768 1818 850 1844 artes
863 1817 1059 1854 exercentes,

311 1860 440 1900 viscera,
469 1860 626 1900 intestina,
661 1861 777 1908 capita,
813 1860 931 1907 pedes,
966 1872 1058 1902 ossa,

309 1922 453 1949 cruores,
477 1922 598 1944 necnon
624 1910 740 1957 pelles,
768 1922 878 1944 carnes
900 1919 929 1944 et
959 1909 1060 1956 pisces

309 1968 495 2007 corruptos,
533 1972 644 2015 resque
683 1960 760 1994 alias
797 1959 928 1994 foetidas
966 1969 1060 2006 atque

309 2019 473 2056 cor'rtlplts
498 2010 526 2043 in
560 2011 632 2053 virs,
656 2010 773 2048 511·,3ῑί5
794 2009 903 2055 pluteis
925 2018 955 2043 et
983 2009 1060 2043 locis

310 2060 444 2106 publicis
471 2068 563 2106 atqu(
592 2060 718 2105 privatis
753 2059 934 2094 huiusmodi
965 2058 1061 2105 proii-

308 2127 380 2149 cere
408 2122 502 2160 atque
524 2113 698 2148 occultare:
732 2113 874 2147 nonnulli
903 2113 996 2147 etiam
1023 2126 1060 2147 ex

308 2168 443 2208 civibus,
471 2168 701 2202 habitatoribus
727 2176 756 2201 et
785 2167 895 2201 incolis
918 2167 1058 2201 eiusdem

308 2232 406 2270 (quos
422 2235 521 2269 aeque
546 2223 649 2268 fatigat
668 2222 798 2256 ambitio
820 2231 848 2255 et
868 2220 1059 2267 repudianda

309 2277 457 2312 conducit
482 2278 656 2317 temeritas)
680 2276 758 2310 mala
784 2276 873 2310 malis
897 2276 1061 2310 invenien-

309 2341 368 2370 tes,
393 2332 473 2375 vias,
501 2340 630 2374 stratas,
655 2330 789 2377 plateas,
819 2330 884 2364 lora
923 2329 1059 2375 publica,

310 2395 427 2433 privata
460 2395 490 2420 et
523 2385 755 2423 ecclesiastica,
783 2397 858 2418 ausu
895 2384 1060 2418 temerario

309 2449 402 2487 atque
430 2440 582 2485 sacrilego
605 2451 777 2485 occupare,
807 2438 956 2483 diripere,
989 2438 1062 2472 alie-

310 2507 383 2529 nare
419 2502 446 2527 et
478 2495 506 2527 iu
537 2507 610 2527 usus
645 2494 789 2539 proprios
818 2492 996 2531 deducere,
1023 2492 1061 2527 de

311 2547 372 2581 illis
393 2560 521 2594 quoqne
546 2560 601 2593 pro
629 2559 686 2581 sno
710 2555 787 2580 nutu
810 2546 977 2593 disponere
1000 2559 1059 2580 non

310 2611 474 2640 verentur,
511 2601 683 2647 intelligere
720 2601 883 2643 nolentes,
907 2609 1059 2648 quantum

311 2656 493 2690 huiusmodi
517 2656 565 2690 sui
589 2668 738 2690 excessus
757 2655 967 2689 bumanorum
990 2667 1063 2689 cor-

1727 266 1793 297 7¹7

1092 345 1201 378 pornin
1225 331 1399 368 sanitatem,
1420 331 1499 364 aeris
1524 331 1695 376 puritatem
1720 338 1749 365 ct
1772 330 1841 365 ani-

1092 393 1211 415 marum
1236 379 1368 413 salutern
1398 379 1581 426 impediant.

1139 430 1159 475 ,ξ
1180 432 1214 463 2.
1238 429 1302 463 Nos
1331 429 1424 475 igitur
1447 429 1634 475 praemissas
1656 428 1841 463 deformita-

1092 488 1137 513 tcs
1160 488 1189 513 et
1214 491 1364 514 excessus
1387 478 1569 513 huiusmodi
1607 478 1667 513 sub
1691 478 1843 512 dissimu-

1093 528 1208 563 latione
1237 528 1368 562 ulterins
1402 528 1568 574 praeterire
1602 540 1663 561 non
1691 527 1842 566 valentes,

1092 578 1291 613 attendentes
1331 585 1513 623 propterea.
1553 577 1635 623 quod
1671 577 1699 610 in
1734 576 1842 610 cadem

1094 627 1192 670 Urbe,
1213 627 1312 661 inulto
1333 626 1483 672 temporis
1501 625 1650 664 decursu,
1667 626 1842 671 neglectum

1094 677 1161 715 l'nit,
1181 677 1211 710 in
1228 689 1320 710 usum
1338 676 1509 722 plurimum
1526 674 1747 721 prilltilasse.et
1761 688 1845 721 prae-

1095 727 1199 760 missis
1229 724 1441 760 incommodis
1470 733 1658 771 possetenus
1679 736 1844 758 occurreri—

1094 776 1273 822 cupiente83
1285 774 1423 808 officium
1436 774 1634 820 magistratus
1651 773 1844 816 huiusmodi,

1095 825 1177 859 iuxta
1208 825 1290 859 illius
1322 823 1482 871 antiquam
1507 822 1755 859 institutionem.
1783 835 1845 856 33-

1094 875 1235 909 ctoritate
1268 873 1438 920 apostolica
1475 884 1676 911 renovamuS,
1709 872 1841 906 suscita-

1095 937 1166 958 mus
1196 932 1225 958 et
1260 924 1487 968 reinterramus
1514 929 1607 968 atque
1636 921 1843 955 restituimus

1144 974 1164 1020 5²
1192 976 1223 1007 5.
1248 972 1345 1007 Vobis
1372 983 1519 1019 quoqne,
1547 983 1626 1018 qnos
1660 979 1782 1005 nostros
1816 979 1844 1005 et

1096 1023 1190 1057 Urbis
1226 1022 1402 1069 praedictae
1436 1020 1587 1055 zelatores
1614 1020 1746 1054 existere
1782 1032 1844 1054 non

1096 1072 1299 1118 ambigimus,
1327 1082 1472 1118 quosque
1510 1069 1604 1109 fides
1640 1069 1781 1116 legalitas
1817 1079 1847 1104 et

1098 1121 1274 1176 prudentia,
1297 1119 1540 1166 circumspectio
1568 1127 1660 1165 atque
1691 1118 1847 1166 multipli-

1097 1172 1143 1204 cia
1181 1171 1328 1204 iirtutnrn
1359 1170 1466 1203 merita
1489 1168 1572 1215 apud
1604 1180 1660 1202 nos
1683 1168 1848 1202 elliraciter

1099 1219 1380 1262 recommendavit,
1404 1218 1605 1264 magistratus
1627 1216 1764 1252 officium
1789 1216 1850 1250 liu-

1099 1269 1231 1303 insmodi
1244 1297 1251 1309 ,
1270 1280 1371 1314 nsque
1390 1267 1426 1302 ad
1443 1275 1585 1301 nostrum
1602 1266 1850 1313 heneplacitum,

1097 1331 1168 1352 cum
1198 1317 1301 1351 solitis
1329 1317 1367 1351 ab
1402 1317 1531 1362 antiquo
1560 1315 1850 1354 iurisdictionibus,

1099 1367 1318 1414 potestatibus
1342 1365 1529 1405 bonoribus,
1547 1364 1731 1420 privilegiis,
1755 1365 1851 1398 liber-

1099 1416 1215 1450 tatibus
1243 1425 1334 1463 atque
1354 1414 1506 1450 oneribus
1535 1415 1700 1456 3111161515,
1723 1423 1753 1447 et
1777 1427 1849 1447 cum

1100 1473 1255 1513 potestate
1276 1465 1312 1499 ad
1330 1477 1411 1512 opus
1427 1471 1564 1498 vestrum
1580 1462 1705 1510 quoties
1720 1471 1748 1497 et
1766 1463 1850 1496 iuxta

1099 1515 1247 1559 modum,
1276 1515 1327 1562 qni
1357 1514 1445 1548 vobis
1481 1512 1658 1552 videbitur,
1682 1512 1852 1558 submagi—

1099 1573 1180 1599 stros
1202 1563 1335 1598 faciendi
1356 1571 1386 1598 et
1409 1562 1586 1605 ordinandi,
1609 1561 1720 1597 eadem
1744 1569 1852 1596 aucto-

1101 1615 1188 1649 ritate
1215 1613 1419 1653 eonferimus,
1442 1620 1472 1646 et
1499 1611 1538 1646 de
1567 1590 1618 1646 illo
1646 1611 1738 1645 etiam
1763 1610 1851 1645 robis

1101 1662 1316 1710 providemus,
1340 1675 1393 1696 vos
1415 1673 1541 1708 quoque
1566 1662 1596 1695 in
1621 1660 1802 1708 praemissis
1823 1669 1851 1694 et

1100 1725 1133 1747 ea
1170 1711 1408 1760 quomodolibet
1442 1710 1709 1745 concernentibus
1743 1722 1780 1744 ac
1814 1710 1852 1743 ab

1101 1762 1161 1796 illis
1189 1760 1443 1808 dependentibus
1466 1769 1495 1794 et
1518 1760 1562 1794 eis
1584 1759 1727 1799 annexis,
1751 1760 1852 1805 magi—

1100 1821 1180 1846 stros
1208 1811 1356 1855 facimus,
1385 1810 1628 1849 constituimus,
1655 1808 1852 1847 ordinamus,

1100 1870 1129 1895 et
1152 1862 1244 1895 etiam
1268 1860 1469 1908 deputamus.

1149 1912 1169 1958 5
1192 1915 1223 1945 4.
1247 1910 1287 1945 Ut
1306 1910 1420 1945 exinde
1431 1921 1541 1944 ornnes
1554 1917 1581 1943 et
1594 1908 1736 1955 singulas
1752 1907 1853 1943 desot-

1103 1961 1225 1995 mitates
1242 1968 1272 1994 et
1287 1972 1445 1999 excessus,
1460 1959 1489 1993 in
1508 1959 1689 2006 praemissis
1709 1958 1754 1992 vel
1771 1959 1851 1992 circa

1101 2023 1148 2050 ea,
1173 2022 1228 2057 pro
1253 2018 1394 2064 tempore
1417 2007 1656 2063 quomodolibet
1683 2020 1855 2042 occurren-

1102 2068 1163 2099 tes,
1191 2059 1310 2106 absque
1343 2071 1483 2093 cniusrrs
1517 2058 1681 2092 vocatione
1715 2070 1770 2091 seu
1808 2058 1854 2091 ci-

1103 2115 1228 2155 tatione,
1249 2113 1302 2148 sed
1325 2126 1378 2160 per
1399 2113 1476 2147 viam
1499 2112 1628 2158 regiain,
1649 2112 1733 2145 iuxta
1750 2110 1853 2145 datam

1103 2168 1188 2201 robis
1222 2181 1236 2202 a
1266 2167 1402 2202 Domino
1431 2138 1653 2214 prudentiam,
1680 2165 1772 2199 etiarn
1800 2178 1855 2211 per

1101 2222 1336 2256 demolitionem
1370 2233 1649 2268 quorumcumque
1684 2219 1856 2255 aedificio-

1102 2289 1170 2310 rum
1185 2285 1237 2310 aut
1254 2289 1356 2310 rerum
1374 2276 1519 2318 aliarum,
1533 2287 1588 2309 seu
1601 2274 1731 2308 modum
1745 2273 1854 2313 alium,

1101 2343 1322 2377 quaecumque
1335 2330 1512 2377 reparandi,
1527 2328 1705 2375 corrigendi
1724 2337 1754 2363 et
1772 2341 1856 2363 com-

1102 2384 1285 2427 mendandi,
1310 2396 1431 2418 necnon
1457 2383 1706 2430 praemissorum
1730 2395 1785 2417 seu
1805 2395 1856 2416 eo—

1103 2451 1171 2473 rum
1195 2438 1358 2472 occasione
1396 2445 1551 2483 gravatos,
1575 2444 1608 2470 ut
1632 2436 1853 2482 praemittitur.

1102 2492 1220 2539 absque
1246 2491 1309 2529 lite,
1333 2490 1387 2525 sed
1411 2491 1596 2530 summarie,
1619 2489 1807 2536 simpliciter
1825 2497 1853 2522 et

1102 2546 1141 2579 de
1166 2546 1258 2592 plano
1286 2544 1506 2591 (oppositione
1529 2557 1582 2578 seu
1606 2544 1855 2578 contradictione

1102 2607 1155 2633 ant
1178 2612 1378 2646 quacumque
1401 2599 1552 2645 temporis
1579 2598 1671 2633 etiam
1700 2597 1853 2632 centenali

1104 2654 1363 2700 praescriptione,
1385 2652 1507 2700 legibus
1524 2661 1552 2687 et
1569 2651 1854 2687 consuetudinibus

1860 275 1898 300 An
1924 275 1951 299 C.
1977 274 2042 299 171ῗὸ

1884 442 2007 461 limitarint

1868 978 1897 998 Ἰ
1901 983 1959 999 aisti-r
1972 983 2035 997 enan

1862 1014 1902 1030 tut.

1880 1917 1910 1941 tiu
1915 1916 1952 1935 rdis
1981 1921 2052 1935 entur-n

1868 1950 1893 1966 sit
1911 1948 2036 1967 iurisdictio.
