<?xml version="1.0" encoding="UTF-8"?>
<!DOCTYPE html PUBLIC "-//W3C//DTD XHTML 1.0 Transitional//EN"
    "http://www.w3.org/TR/xhtml1/DTD/xhtml1-transitional.dtd">
<html xmlns="http://www.w3.org/1999/xhtml" xml:lang="en" lang="en">
 <head>
  <title>
</title>
<meta http-equiv="Content-Type" content="text/html;charset=utf-8" />
  <meta name='ocr-system' content='tesseract 3.04.00' />
  <meta name='ocr-capabilities' content='ocr_page ocr_carea ocr_par ocr_line ocrx_word'/>
</head>
<body>
  <div class='ocr_page' id='page_1' title='image "./bullarumdiplomat04cath_0471.png"; bbox 0 0 2274 3265; ppageno 0'>
   <div class='ocr_carea' id='block_1_1' title="bbox 75 273 258 302">
    <p class='ocr_par' dir='ltr' id='par_1_1' title="bbox 75 273 258 302">
     <span class='ocr_line' id='line_1_1' title="bbox 75 273 258 302; baseline -0.022 0"><span class='ocrx_word' id='word_1_1' title='bbox 75 277 123 302; x_wconf 73' lang='lat' dir='ltr'>An.</span> <span class='ocrx_word' id='word_1_2' title='bbox 140 274 167 301; x_wconf 86' lang='lat' dir='ltr'>C.</span> <span class='ocrx_word' id='word_1_3' title='bbox 192 273 258 300; x_wconf 74' lang='lat'>¹3⁴0</span> 
     </span>
    </p>
   </div>
   <div class='ocr_carea' id='block_1_2' title="bbox 74 2114 258 2233">
    <p class='ocr_par' dir='ltr' id='par_1_2' title="bbox 74 2114 258 2233">
     <span class='ocr_line' id='line_1_2' title="bbox 89 2114 258 2141; baseline -0.006 -7"><span class='ocrx_word' id='word_1_4' title='bbox 89 2114 114 2134; x_wconf 76' lang='lat' dir='ltr'>De</span> <span class='ocrx_word' id='word_1_5' title='bbox 158 2115 258 2141; x_wconf 66' lang='lat' dir='ltr'>expensis</span> 
     </span>
     <span class='ocr_line' id='line_1_3' title="bbox 74 2146 257 2166; baseline -0.005 -1"><span class='ocrx_word' id='word_1_6' title='bbox 74 2146 257 2166; x_wconf 61' lang='lat' dir='ltr'>snbnnniuramtis</span> 
     </span>
     <span class='ocr_line' id='line_1_4' title="bbox 74 2177 208 2196; baseline -0.007 0"><span class='ocrx_word' id='word_1_7' title='bbox 74 2177 208 2196; x_wconf 69' lang='lat' dir='ltr'>venientibus</span> 
     </span>
     <span class='ocr_line' id='line_1_5' title="bbox 74 2208 248 2233; baseline 0 -7"><span class='ocrx_word' id='word_1_8' title='bbox 74 2208 162 2227; x_wconf 73' lang='lat' dir='ltr'>annuale</span> <span class='ocrx_word' id='word_1_9' title='bbox 180 2209 248 2233; x_wconf 78' lang='lat' dir='ltr'>rapitu</span> 
     </span>
    </p>
   </div>
   <div class='ocr_carea' id='block_1_3' title="bbox 0 2707 21 3265">
    <p class='ocr_par' dir='ltr' id='par_1_3' title="bbox 0 2707 21 3265">
     <span class='ocr_line' id='line_1_6' title="bbox 0 2707 21 3265; baseline 0 0"><span class='ocrx_word' id='word_1_10' title='bbox 0 2707 21 3265; x_wconf 95' lang='lat' dir='ltr'> </span> 
     </span>
    </p>
   </div>
   <div class='ocr_carea' id='block_1_4' title="bbox 877 274 1209 297">
    <p class='ocr_par' dir='ltr' id='par_1_4' title="bbox 877 274 1209 297">
     <span class='ocr_line' id='line_1_7' title="bbox 877 274 1209 297; baseline -0.006 0"><span class='ocrx_word' id='word_1_11' title='bbox 877 274 1071 297; x_wconf 70' lang='lat' dir='ltr'>tit-:NEth&#39;t‘t‘s</span> <span class='ocrx_word' id='word_1_12' title='bbox 1095 274 1136 296; x_wconf 80' lang='lat' dir='ltr'>xit</span> <span class='ocrx_word' id='word_1_13' title='bbox 1162 274 1209 295; x_wconf 79' lang='grc' dir='ltr'>ΙΨ.</span> 
     </span>
    </p>
   </div>
   <div class='ocr_carea' id='block_1_5' title="bbox 1699 266 1770 297">
    <p class='ocr_par' dir='ltr' id='par_1_5' title="bbox 1699 266 1770 297">
     <span class='ocr_line' id='line_1_8' title="bbox 1699 266 1770 297; baseline 0 0"><span class='ocrx_word' id='word_1_14' title='bbox 1699 266 1770 297; x_wconf 69' lang='grc'>4115</span> 
     </span>
    </p>
   </div>
   <div class='ocr_carea' id='block_1_6' title="bbox 273 327 1816 376">
    <p class='ocr_par' dir='ltr' id='par_1_6' title="bbox 273 327 1816 376">
     <span class='ocr_line' id='line_1_9' title="bbox 273 327 1816 376; baseline 0.002 -16"><span class='ocrx_word' id='word_1_15' title='bbox 273 327 373 367; x_wconf 81' lang='lat' dir='ltr'>ribus,</span> <span class='ocrx_word' id='word_1_16' title='bbox 402 327 541 362; x_wconf 82' lang='lat' dir='ltr'>consulta</span> <span class='ocrx_word' id='word_1_17' title='bbox 570 327 807 367; x_wconf 76' lang='lat' dir='ltr'>deliberatione,</span> <span class='ocrx_word' id='word_1_18' title='bbox 824 329 852 362; x_wconf 93' lang='lat' dir='ltr'>in</span> <span class='ocrx_word' id='word_1_19' title='bbox 873 329 1022 373; x_wconf 65' lang='lat' dir='ltr'>religione</span> <span class='ocrx_word' id='word_1_20' title='bbox 1065 327 1279 361; x_wconf 74' lang='lat' dir='ltr'>membrorum</span> <span class='ocrx_word' id='word_1_21' title='bbox 1309 337 1464 374; x_wconf 76' lang='lat' dir='ltr'>mqneant</span> <span class='ocrx_word' id='word_1_22' title='bbox 1491 329 1582 363; x_wconf 85' lang='lat' dir='ltr'>annis</span> <span class='ocrx_word' id='word_1_23' title='bbox 1616 329 1751 376; x_wconf 87' lang='lat' dir='ltr'>singulis</span> <span class='ocrx_word' id='word_1_24' title='bbox 1779 330 1816 365; x_wconf 87' lang='lat' dir='ltr'>ad</span> 
     </span>
    </p>
   </div>
   <div class='ocr_carea' id='block_1_7' title="bbox 270 376 1026 1312">
    <p class='ocr_par' dir='ltr' id='par_1_7' title="bbox 270 376 1026 1262">
     <span class='ocr_line' id='line_1_10' title="bbox 273 376 1024 424; baseline 0.001 -15"><span class='ocrx_word' id='word_1_25' title='bbox 273 377 337 423; x_wconf 88' lang='lat' dir='ltr'>ipsa</span> <span class='ocrx_word' id='word_1_26' title='bbox 354 376 519 423; x_wconf 69' lang='lat' dir='ltr'>vigilanter</span> <span class='ocrx_word' id='word_1_27' title='bbox 535 377 704 416; x_wconf 79' lang='lat' dir='ltr'>edidimus,</span> <span class='ocrx_word' id='word_1_28' title='bbox 722 377 750 411; x_wconf 91' lang='lat' dir='ltr'>in</span> <span class='ocrx_word' id='word_1_29' title='bbox 763 377 922 411; x_wconf 81' lang='lat' dir='ltr'>nonnullis</span> <span class='ocrx_word' id='word_1_30' title='bbox 946 378 1024 424; x_wconf 88' lang='lat' dir='ltr'>ipso-</span> 
     </span>
     <span class='ocr_line' id='line_1_11' title="bbox 273 426 1023 473; baseline 0.001 -14"><span class='ocrx_word' id='word_1_31' title='bbox 273 438 340 460; x_wconf 88' lang='lat' dir='ltr'>rum</span> <span class='ocrx_word' id='word_1_32' title='bbox 369 426 576 473; x_wconf 85' lang='lat' dir='ltr'>capitulorum</span> <span class='ocrx_word' id='word_1_33' title='bbox 605 426 777 461; x_wconf 78' lang='lat' dir='ltr'>adiieentes</span> <span class='ocrx_word' id='word_1_34' title='bbox 803 439 918 473; x_wconf 83' lang='lat' dir='ltr'>poenas</span> <span class='ocrx_word' id='word_1_35' title='bbox 945 439 1023 472; x_wconf 76' lang='lat' dir='ltr'>quas</span> 
     </span>
     <span class='ocr_line' id='line_1_12' title="bbox 271 476 1020 523; baseline 0.003 -16"><span class='ocrx_word' id='word_1_36' title='bbox 271 483 520 522; x_wconf 74' lang='lat' dir='ltr'>transgressores</span> <span class='ocrx_word' id='word_1_37' title='bbox 553 488 610 509; x_wconf 86' lang='lat' dir='ltr'>seu</span> <span class='ocrx_word' id='word_1_38' title='bbox 630 484 864 523; x_wconf 85' lang='lat' dir='ltr'>contemptores</span> <span class='ocrx_word' id='word_1_39' title='bbox 897 476 942 510; x_wconf 76' lang='lat' dir='ltr'>vel</span> <span class='ocrx_word' id='word_1_40' title='bbox 961 488 1020 510; x_wconf 90' lang='lat' dir='ltr'>non</span> 
     </span>
     <span class='ocr_line' id='line_1_13' title="bbox 272 524 1022 571; baseline 0 -14"><span class='ocrx_word' id='word_1_41' title='bbox 272 524 486 559; x_wconf 76' lang='lat' dir='ltr'>observatores</span> <span class='ocrx_word' id='word_1_42' title='bbox 514 525 652 571; x_wconf 87' lang='lat' dir='ltr'>ipsorum</span> <span class='ocrx_word' id='word_1_43' title='bbox 678 525 837 559; x_wconf 82' lang='lat' dir='ltr'>incurrere</span> <span class='ocrx_word' id='word_1_44' title='bbox 865 526 1022 559; x_wconf 62' lang='lat' dir='ltr'>voluimus·</span> 
     </span>
     <span class='ocr_line' id='line_1_14' title="bbox 273 574 1021 622; baseline 0.003 -16"><span class='ocrx_word' id='word_1_45' title='bbox 273 574 340 620; x_wconf 90' lang='lat' dir='ltr'>ipso</span> <span class='ocrx_word' id='word_1_46' title='bbox 377 574 466 618; x_wconf 73' lang='lat' dir='ltr'>tacto,</span> <span class='ocrx_word' id='word_1_47' title='bbox 494 585 530 608; x_wconf 82' lang='lat' dir='ltr'>ex</span> <span class='ocrx_word' id='word_1_48' title='bbox 562 574 677 621; x_wconf 88' lang='lat' dir='ltr'>quibus</span> <span class='ocrx_word' id='word_1_49' title='bbox 712 575 794 622; x_wconf 89' lang='lat' dir='ltr'>apud</span> <span class='ocrx_word' id='word_1_50' title='bbox 821 575 1021 622; x_wconf 84' lang='lat' dir='ltr'>provincialia</span> 
     </span>
     <span class='ocr_line' id='line_1_15' title="bbox 271 623 1023 671; baseline 0.001 -14"><span class='ocrx_word' id='word_1_51' title='bbox 271 623 406 671; x_wconf 89' lang='lat' dir='ltr'>capitula</span> <span class='ocrx_word' id='word_1_52' title='bbox 435 623 613 658; x_wconf 85' lang='lat' dir='ltr'>seeundum</span> <span class='ocrx_word' id='word_1_53' title='bbox 637 624 717 658; x_wconf 87' lang='lat' dir='ltr'>dicta</span> <span class='ocrx_word' id='word_1_54' title='bbox 740 632 852 658; x_wconf 89' lang='lat' dir='ltr'>statuta</span> <span class='ocrx_word' id='word_1_55' title='bbox 883 632 1023 671; x_wconf 89' lang='lat' dir='ltr'>postmo-</span> 
     </span>
     <span class='ocr_line' id='line_1_16' title="bbox 271 672 1022 721; baseline 0.001 -15"><span class='ocrx_word' id='word_1_56' title='bbox 271 672 346 707; x_wconf 84' lang='lat' dir='ltr'>‹lmn</span> <span class='ocrx_word' id='word_1_57' title='bbox 374 672 549 712; x_wconf 78' lang='lat' dir='ltr'>celebrata,</span> <span class='ocrx_word' id='word_1_58' title='bbox 577 682 606 707; x_wconf 87' lang='lat' dir='ltr'>et</span> <span class='ocrx_word' id='word_1_59' title='bbox 641 682 815 708; x_wconf 80' lang='lat' dir='ltr'>conventus</span> <span class='ocrx_word' id='word_1_60' title='bbox 853 674 1022 721; x_wconf 87' lang='lat' dir='ltr'>quamplu—</span> 
     </span>
     <span class='ocr_line' id='line_1_17' title="bbox 271 722 1024 768; baseline 0.003 -13"><span class='ocrx_word' id='word_1_61' title='bbox 271 722 352 756; x_wconf 87' lang='lat' dir='ltr'>rium</span> <span class='ocrx_word' id='word_1_62' title='bbox 377 723 638 757; x_wconf 69' lang='lat' dir='ltr'>monasteriorum</span> <span class='ocrx_word' id='word_1_63' title='bbox 661 723 800 768; x_wconf 79' lang='lat' dir='ltr'>insignes</span> <span class='ocrx_word' id='word_1_64' title='bbox 823 723 1024 757; x_wconf 81' lang='lat' dir='ltr'>‹lil&#39;licultates</span> 
     </span>
     <span class='ocr_line' id='line_1_18' title="bbox 270 771 1023 818; baseline 0.003 -15"><span class='ocrx_word' id='word_1_65' title='bbox 270 779 299 804; x_wconf 90' lang='lat' dir='ltr'>et</span> <span class='ocrx_word' id='word_1_66' title='bbox 323 771 519 818; x_wconf 73' lang='lat' dir='ltr'>infrascripta</span> <span class='ocrx_word' id='word_1_67' title='bbox 543 771 638 806; x_wconf 88' lang='lat' dir='ltr'>dubia</span> <span class='ocrx_word' id='word_1_68' title='bbox 662 780 732 806; x_wconf 91' lang='lat' dir='ltr'>sunt</span> <span class='ocrx_word' id='word_1_69' title='bbox 757 780 874 807; x_wconf 85' lang='lat' dir='ltr'>exorta.</span> <span class='ocrx_word' id='word_1_70' title='bbox 898 772 1023 814; x_wconf 80' lang='lat' dir='ltr'>Quibus</span> 
     </span>
     <span class='ocr_line' id='line_1_19' title="bbox 270 820 1021 863; baseline 0.001 -10"><span class='ocrx_word' id='word_1_71' title='bbox 270 820 307 853; x_wconf 89' lang='lat' dir='ltr'>ad</span> <span class='ocrx_word' id='word_1_72' title='bbox 332 821 522 855; x_wconf 82' lang='lat' dir='ltr'>audientiam</span> <span class='ocrx_word' id='word_1_73' title='bbox 548 829 685 855; x_wconf 86' lang='lat' dir='ltr'>nostram</span> <span class='ocrx_word' id='word_1_74' title='bbox 715 821 869 863; x_wconf 47' lang='lat' dir='ltr'>deductis</span> <span class='ocrx_word' id='word_1_75' title='bbox 901 835 958 856; x_wconf 89' lang='lat' dir='ltr'>nos</span> <span class='ocrx_word' id='word_1_76' title='bbox 985 822 1021 855; x_wconf 83' lang='lat' dir='ltr'>ad</span> 
     </span>
     <span class='ocr_line' id='line_1_20' title="bbox 270 870 1021 918; baseline 0.003 -15"><span class='ocrx_word' id='word_1_77' title='bbox 270 882 380 904; x_wconf 84' lang='lat' dir='ltr'>eorum</span> <span class='ocrx_word' id='word_1_78' title='bbox 403 870 642 916; x_wconf 76' lang='lat' dir='ltr'>supplicationis</span> <span class='ocrx_word' id='word_1_79' title='bbox 661 871 851 912; x_wconf 75' lang='lat' dir='ltr'>instantiam,</span> <span class='ocrx_word' id='word_1_80' title='bbox 868 872 1021 918; x_wconf 75' lang='lat' dir='ltr'>quaedam</span> 
     </span>
     <span class='ocr_line' id='line_1_21' title="bbox 270 919 1022 967; baseline 0.004 -15"><span class='ocrx_word' id='word_1_81' title='bbox 270 931 306 953; x_wconf 83' lang='lat' dir='ltr'>ex</span> <span class='ocrx_word' id='word_1_82' title='bbox 343 920 387 953; x_wconf 80' lang='lat' dir='ltr'>eis</span> <span class='ocrx_word' id='word_1_83' title='bbox 415 919 605 954; x_wconf 82' lang='lat' dir='ltr'>moderanda</span> <span class='ocrx_word' id='word_1_84' title='bbox 635 928 661 952; x_wconf 89' lang='lat' dir='ltr'>et</span> <span class='ocrx_word' id='word_1_85' title='bbox 704 921 886 966; x_wconf 80' lang='lat' dir='ltr'>mitiganda,</span> <span class='ocrx_word' id='word_1_86' title='bbox 920 921 1022 967; x_wconf 83' lang='lat' dir='ltr'>aliqua</span> 
     </span>
     <span class='ocr_line' id='line_1_22' title="bbox 270 969 1024 1014; baseline 0.003 -12"><span class='ocrx_word' id='word_1_87' title='bbox 270 980 342 1002; x_wconf 91' lang='lat' dir='ltr'>vero</span> <span class='ocrx_word' id='word_1_88' title='bbox 379 969 524 1003; x_wconf 84' lang='lat' dir='ltr'>mutanda</span> <span class='ocrx_word' id='word_1_89' title='bbox 578 978 604 1003; x_wconf 82' lang='lat' dir='ltr'>et</span> <span class='ocrx_word' id='word_1_90' title='bbox 642 970 827 1005; x_wconf 76' lang='lat' dir='ltr'>declaranda</span> <span class='ocrx_word' id='word_1_91' title='bbox 866 970 1024 1014; x_wconf 74' lang='lat' dir='ltr'>«luximus,</span> 
     </span>
     <span class='ocr_line' id='line_1_23' title="bbox 270 1018 1024 1066; baseline 0.003 -15"><span class='ocrx_word' id='word_1_92' title='bbox 270 1018 364 1057; x_wconf 78' lang='lat' dir='ltr'>sicut,</span> <span class='ocrx_word' id='word_1_93' title='bbox 392 1019 546 1053; x_wconf 81' lang='lat' dir='ltr'>suadente</span> <span class='ocrx_word' id='word_1_94' title='bbox 571 1020 741 1065; x_wconf 66' lang='lat' dir='ltr'>atquitatt</span> <span class='ocrx_word' id='word_1_95' title='bbox 764 1027 792 1053; x_wconf 88' lang='lat' dir='ltr'>et</span> <span class='ocrx_word' id='word_1_96' title='bbox 828 1020 1024 1066; x_wconf 73' lang='lat' dir='ltr'>prol‘iagili—</span> 
     </span>
     <span class='ocr_line' id='line_1_24' title="bbox 271 1067 1024 1123; baseline 0.003 -23"><span class='ocrx_word' id='word_1_97' title='bbox 271 1068 341 1101; x_wconf 87' lang='lat' dir='ltr'>tatis</span> <span class='ocrx_word' id='word_1_98' title='bbox 369 1067 538 1111; x_wconf 84' lang='lat' dir='ltr'>bumauae⁷</span> <span class='ocrx_word' id='word_1_99' title='bbox 567 1076 596 1101; x_wconf 82' lang='lat' dir='ltr'>et</span> <span class='ocrx_word' id='word_1_100' title='bbox 625 1068 795 1103; x_wconf 71' lang='lat' dir='ltr'>multorum</span> <span class='ocrx_word' id='word_1_101' title='bbox 832 1069 1024 1123; x_wconf 80' lang='lat' dir='ltr'>supplicum</span> 
     </span>
     <span class='ocr_line' id='line_1_25' title="bbox 271 1117 1026 1164; baseline 0.003 -14"><span class='ocrx_word' id='word_1_102' title='bbox 271 1117 324 1163; x_wconf 91' lang='lat' dir='ltr'>qui</span> <span class='ocrx_word' id='word_1_103' title='bbox 349 1117 378 1150; x_wconf 89' lang='lat' dir='ltr'>in</span> <span class='ocrx_word' id='word_1_104' title='bbox 397 1117 505 1164; x_wconf 81' lang='lat' dir='ltr'>culpas</span> <span class='ocrx_word' id='word_1_105' title='bbox 528 1118 686 1151; x_wconf 85' lang='lat' dir='ltr'>interdum</span> <span class='ocrx_word' id='word_1_106' title='bbox 712 1130 766 1164; x_wconf 82' lang='lat' dir='ltr'>pei</span> <span class='ocrx_word' id='word_1_107' title='bbox 783 1118 902 1164; x_wconf 45' lang='lat' dir='ltr'>iuiisb?¹</span> <span class='ocrx_word' id='word_1_108' title='bbox 908 1131 1026 1152; x_wconf 82' lang='lat' dir='ltr'>notan-</span> 
     </span>
     <span class='ocr_line' id='line_1_26' title="bbox 271 1154 1025 1213; baseline 0 -14"><span class='ocrx_word' id='word_1_109' title='bbox 271 1167 343 1200; x_wconf 85' lang='lat' dir='ltr'>tiam</span> <span class='ocrx_word' id='word_1_110' title='bbox 381 1166 511 1201; x_wconf 74' lang='lat' dir='ltr'>faciliter</span> <span class='ocrx_word' id='word_1_111' title='bbox 551 1167 778 1213; x_wconf 85' lang='lat' dir='ltr'>prolabuntur</span> <span class='ocrx_word' id='word_1_112' title='bbox 816 1154 1025 1213; x_wconf 71' lang='lat' dir='ltr'>cogiioximus</span> 
     </span>
     <span class='ocr_line' id='line_1_27' title="bbox 271 1215 431 1262; baseline 0 -13"><span class='ocrx_word' id='word_1_113' title='bbox 271 1215 431 1262; x_wconf 79' lang='lat' dir='ltr'>expedire.</span> 
     </span>
    </p>

    <p class='ocr_par' dir='ltr' id='par_1_8' title="bbox 320 1265 1026 1312">
     <span class='ocr_line' id='line_1_28' title="bbox 320 1265 1026 1312; baseline 0.001 -14"><span class='ocrx_word' id='word_1_114' title='bbox 320 1269 334 1308; x_wconf 63' lang='grc' dir='ltr'>ξ</span> <span class='ocrx_word' id='word_1_115' title='bbox 365 1268 394 1298; x_wconf 87' lang='grc'>1.</span> <span class='ocrx_word' id='word_1_116' title='bbox 425 1265 457 1299; x_wconf 91' lang='lat' dir='ltr'>lu</span> <span class='ocrx_word' id='word_1_117' title='bbox 482 1265 591 1311; x_wconf 89' lang='lat' dir='ltr'>primis</span> <span class='ocrx_word' id='word_1_118' title='bbox 613 1265 771 1312; x_wconf 81' lang='lat' dir='ltr'>siquidem</span> <span class='ocrx_word' id='word_1_119' title='bbox 796 1266 867 1312; x_wconf 81' lang='lat' dir='ltr'>quia</span> <span class='ocrx_word' id='word_1_120' title='bbox 893 1266 921 1299; x_wconf 93' lang='lat' dir='ltr'>iu</span> <span class='ocrx_word' id='word_1_121' title='bbox 940 1266 1026 1311; x_wconf 82' lang='lat' dir='ltr'>capi-</span> 
     </span>
    </p>
   </div>
   <div class='ocr_carea' id='block_1_8' title="bbox 139 1314 1026 1361">
    <p class='ocr_par' dir='ltr' id='par_1_9' title="bbox 139 1314 1026 1361">
     <span class='ocr_line' id='line_1_29' title="bbox 139 1314 1026 1361; baseline -0.001 -13"><span class='ocrx_word' id='word_1_122' title='bbox 139 1328 157 1341; x_wconf 63' lang='lat'>¹¹</span> <span class='ocrx_word' id='word_1_123' title='bbox 173 1328 176 1340; x_wconf 84' lang='lat'>¹</span> <span class='ocrx_word' id='word_1_124' title='bbox 190 1329 199 1339; x_wconf 53' lang='lat' dir='ltr'><em>A</em></span> <span class='ocrx_word' id='word_1_125' title='bbox 213 1322 256 1340; x_wconf 78' lang='lat'>⁰¹¹-</span> <span class='ocrx_word' id='word_1_126' title='bbox 272 1314 338 1348; x_wconf 88' lang='lat' dir='ltr'>tulo</span> <span class='ocrx_word' id='word_1_127' title='bbox 352 1314 454 1361; x_wconf 86' lang='lat' dir='ltr'>posito</span> <span class='ocrx_word' id='word_1_128' title='bbox 470 1314 530 1347; x_wconf 91' lang='lat' dir='ltr'>sub</span> <span class='ocrx_word' id='word_1_129' title='bbox 546 1314 668 1349; x_wconf 86' lang='lat' dir='ltr'>rubrica</span> <span class='ocrx_word' id='word_1_130' title='bbox 693 1316 735 1348; x_wconf 85' lang='lat' dir='ltr'>De</span> <span class='ocrx_word' id='word_1_131' title='bbox 746 1316 953 1348; x_wconf 66' lang='lat' dir='ltr'>visitatoribus</span> <span class='ocrx_word' id='word_1_132' title='bbox 966 1315 1026 1348; x_wconf 87' lang='lat' dir='ltr'>snb</span> 
     </span>
    </p>
   </div>
   <div class='ocr_carea' id='block_1_9' title="bbox 234 1363 1028 2546">
    <p class='ocr_par' dir='ltr' id='par_1_10' title="bbox 270 1363 1028 2052">
     <span class='ocr_line' id='line_1_30' title="bbox 272 1363 1023 1419; baseline 0.001 -23"><span class='ocrx_word' id='word_1_133' title='bbox 272 1364 373 1419; x_wconf 87' lang='lat' dir='ltr'>ipsius</span> <span class='ocrx_word' id='word_1_134' title='bbox 386 1363 514 1410; x_wconf 86' lang='lat' dir='ltr'>capituli</span> <span class='ocrx_word' id='word_1_135' title='bbox 534 1364 724 1410; x_wconf 87' lang='lat' dir='ltr'>principium</span> <span class='ocrx_word' id='word_1_136' title='bbox 740 1364 1023 1410; x_wconf 70' lang='lat' dir='ltr'>continetur-,qnod</span> 
     </span>
     <span class='ocr_line' id='line_1_31' title="bbox 270 1413 1024 1468; baseline 0 -22"><span class='ocrx_word' id='word_1_137' title='bbox 270 1426 295 1447; x_wconf 82' lang='lat' dir='ltr'>si</span> <span class='ocrx_word' id='word_1_138' title='bbox 319 1413 493 1447; x_wconf 71' lang='lat' dir='ltr'>visitatores</span> <span class='ocrx_word' id='word_1_139' title='bbox 509 1425 542 1447; x_wconf 82' lang='lat' dir='ltr'>ea</span> <span class='ocrx_word' id='word_1_140' title='bbox 548 1425 652 1468; x_wconf 61' lang='lat' dir='ltr'>tinae</span> <span class='ocrx_word' id='word_1_141' title='bbox 671 1426 699 1446; x_wconf 92' lang='lat' dir='ltr'>m</span> <span class='ocrx_word' id='word_1_142' title='bbox 717 1413 874 1459; x_wconf 83' lang='lat' dir='ltr'>generalis</span> <span class='ocrx_word' id='word_1_143' title='bbox 899 1413 1024 1447; x_wconf 82' lang='lat' dir='ltr'>concilii</span> 
     </span>
     <span class='ocr_line' id='line_1_32' title="bbox 270 1461 1024 1509; baseline 0.001 -14"><span class='ocrx_word' id='word_1_144' title='bbox 270 1470 298 1495; x_wconf 86' lang='lat' dir='ltr'>et</span> <span class='ocrx_word' id='word_1_145' title='bbox 313 1461 444 1496; x_wconf 91' lang='lat' dir='ltr'>Honorii</span> <span class='ocrx_word' id='word_1_146' title='bbox 456 1462 558 1508; x_wconf 78' lang='lat' dir='ltr'>Papae</span> <span class='ocrx_word' id='word_1_147' title='bbox 574 1463 653 1496; x_wconf 76' lang='lat' dir='ltr'>tertii</span> <span class='ocrx_word' id='word_1_148' title='bbox 665 1462 918 1509; x_wconf 79' lang='lat' dir='ltr'>praedecessoris</span> <span class='ocrx_word' id='word_1_149' title='bbox 929 1463 1024 1497; x_wconf 89' lang='lat' dir='ltr'>nostri</span> 
     </span>
     <span class='ocr_line' id='line_1_33' title="bbox 270 1511 1026 1557; baseline 0 -12"><span class='ocrx_word' id='word_1_150' title='bbox 270 1511 551 1546; x_wconf 68' lang='lat' dir='ltr'>constitutionibus</span> <span class='ocrx_word' id='word_1_151' title='bbox 584 1519 697 1546; x_wconf 86' lang='lat' dir='ltr'>statuta</span> <span class='ocrx_word' id='word_1_152' title='bbox 732 1512 867 1546; x_wconf 82' lang='lat' dir='ltr'>existere</span> <span class='ocrx_word' id='word_1_153' title='bbox 906 1512 1026 1557; x_wconf 79' lang='lat' dir='ltr'>‹ligno-</span> 
     </span>
     <span class='ocr_line' id='line_1_34' title="bbox 270 1561 1027 1608; baseline 0 -13"><span class='ocrx_word' id='word_1_154' title='bbox 270 1569 413 1605; x_wconf 71' lang='lat' dir='ltr'>scuntur,</span> <span class='ocrx_word' id='word_1_155' title='bbox 423 1562 533 1608; x_wconf 83' lang='lat' dir='ltr'>exequi</span> <span class='ocrx_word' id='word_1_156' title='bbox 548 1561 709 1595; x_wconf 85' lang='lat' dir='ltr'>omiserint</span> <span class='ocrx_word' id='word_1_157' title='bbox 731 1561 937 1607; x_wconf 74' lang='lat' dir='ltr'>negligenter,</span> <span class='ocrx_word' id='word_1_158' title='bbox 959 1562 1027 1595; x_wconf 90' lang='lat' dir='ltr'>illas</span> 
     </span>
     <span class='ocr_line' id='line_1_35' title="bbox 271 1611 1024 1658; baseline 0.001 -15"><span class='ocrx_word' id='word_1_159' title='bbox 271 1623 390 1658; x_wconf 80' lang='lat' dir='ltr'>poenas</span> <span class='ocrx_word' id='word_1_160' title='bbox 423 1612 491 1658; x_wconf 86' lang='lat' dir='ltr'>ipso</span> <span class='ocrx_word' id='word_1_161' title='bbox 527 1611 607 1645; x_wconf 87' lang='lat' dir='ltr'>facto</span> <span class='ocrx_word' id='word_1_162' title='bbox 637 1611 797 1645; x_wconf 79' lang='lat' dir='ltr'>incurrant</span> <span class='ocrx_word' id='word_1_163' title='bbox 827 1611 856 1648; x_wconf 81' lang='lat' dir='ltr'>ii,</span> <span class='ocrx_word' id='word_1_164' title='bbox 885 1612 936 1657; x_wconf 80' lang='lat' dir='ltr'>qni</span> <span class='ocrx_word' id='word_1_165' title='bbox 964 1623 1024 1645; x_wconf 92' lang='lat' dir='ltr'>non</span> 
     </span>
     <span class='ocr_line' id='line_1_36' title="bbox 272 1660 1028 1707; baseline 0.004 -15"><span class='ocrx_word' id='word_1_166' title='bbox 272 1660 400 1694; x_wconf 85' lang='lat' dir='ltr'>veniunt</span> <span class='ocrx_word' id='word_1_167' title='bbox 424 1660 460 1694; x_wconf 87' lang='lat' dir='ltr'>ad</span> <span class='ocrx_word' id='word_1_168' title='bbox 484 1660 657 1707; x_wconf 86' lang='lat' dir='ltr'>capitulum</span> <span class='ocrx_word' id='word_1_169' title='bbox 684 1660 874 1707; x_wconf 79' lang='lat' dir='ltr'>provinciale</span> <span class='ocrx_word' id='word_1_170' title='bbox 899 1672 1028 1707; x_wconf 84' lang='lat' dir='ltr'>praepe-</span> 
     </span>
     <span class='ocr_line' id='line_1_37' title="bbox 271 1709 1026 1749; baseline 0 -6"><span class='ocrx_word' id='word_1_171' title='bbox 271 1709 423 1744; x_wconf 86' lang='lat' dir='ltr'>ditionem</span> <span class='ocrx_word' id='word_1_172' title='bbox 459 1710 642 1744; x_wconf 82' lang='lat' dir='ltr'>canonicam</span> <span class='ocrx_word' id='word_1_173' title='bbox 679 1722 740 1744; x_wconf 91' lang='lat' dir='ltr'>non</span> <span class='ocrx_word' id='word_1_174' title='bbox 772 1709 941 1749; x_wconf 76' lang='lat' dir='ltr'>liabentes;</span> <span class='ocrx_word' id='word_1_175' title='bbox 971 1723 1026 1744; x_wconf 83' lang='lat' dir='ltr'>nos</span> 
     </span>
     <span class='ocr_line' id='line_1_38' title="bbox 271 1758 1028 1803; baseline 0 -10"><span class='ocrx_word' id='word_1_176' title='bbox 271 1771 307 1793; x_wconf 81' lang='lat' dir='ltr'>ex</span> <span class='ocrx_word' id='word_1_177' title='bbox 323 1758 567 1794; x_wconf 82' lang='lat' dir='ltr'>rationabilibus</span> <span class='ocrx_word' id='word_1_178' title='bbox 590 1760 693 1794; x_wconf 85' lang='lat' dir='ltr'>causis</span> <span class='ocrx_word' id='word_1_179' title='bbox 715 1759 844 1803; x_wconf 64' lang='lat' dir='ltr'>inducti,</span> <span class='ocrx_word' id='word_1_180' title='bbox 867 1771 922 1793; x_wconf 86' lang='lat' dir='ltr'>eos</span> <span class='ocrx_word' id='word_1_181' title='bbox 938 1759 1028 1793; x_wconf 89' lang='lat' dir='ltr'>dum-</span> 
     </span>
     <span class='ocr_line' id='line_1_39' title="bbox 272 1809 1027 1856; baseline 0.001 -14"><span class='ocrx_word' id='word_1_182' title='bbox 272 1817 353 1843; x_wconf 84' lang='lat' dir='ltr'>taxat</span> <span class='ocrx_word' id='word_1_183' title='bbox 391 1809 494 1856; x_wconf 87' lang='lat' dir='ltr'>puniri</span> <span class='ocrx_word' id='word_1_184' title='bbox 523 1809 669 1843; x_wconf 90' lang='lat' dir='ltr'>volumus</span> <span class='ocrx_word' id='word_1_185' title='bbox 704 1809 732 1842; x_wconf 89' lang='lat' dir='ltr'>in</span> <span class='ocrx_word' id='word_1_186' title='bbox 763 1809 921 1855; x_wconf 72' lang='lat' dir='ltr'>expensis,</span> <span class='ocrx_word' id='word_1_187' title='bbox 949 1821 1027 1855; x_wconf 84' lang='lat' dir='ltr'>quas</span> 
     </span>
     <span class='ocr_line' id='line_1_40' title="bbox 272 1858 1024 1906; baseline -0.001 -14"><span class='ocrx_word' id='word_1_188' title='bbox 272 1859 449 1906; x_wconf 82' lang='lat' dir='ltr'>receperint</span> <span class='ocrx_word' id='word_1_189' title='bbox 484 1870 498 1892; x_wconf 93' lang='lat' dir='ltr'>a</span> <span class='ocrx_word' id='word_1_190' title='bbox 535 1858 611 1892; x_wconf 72' lang='lat' dir='ltr'>los-is</span> <span class='ocrx_word' id='word_1_191' title='bbox 642 1859 771 1893; x_wconf 85' lang='lat' dir='ltr'>visitatis</span> <span class='ocrx_word' id='word_1_192' title='bbox 804 1870 858 1905; x_wconf 87' lang='lat' dir='ltr'>per</span> <span class='ocrx_word' id='word_1_193' title='bbox 894 1870 959 1900; x_wconf 71' lang='lat' dir='ltr'>eos,</span> <span class='ocrx_word' id='word_1_194' title='bbox 996 1858 1024 1891; x_wconf 89' lang='lat' dir='ltr'>iu</span> 
     </span>
     <span class='ocr_line' id='line_1_41' title="bbox 271 1907 1026 1954; baseline -0.001 -13"><span class='ocrx_word' id='word_1_195' title='bbox 271 1907 390 1954; x_wconf 85' lang='lat' dir='ltr'>quibus</span> <span class='ocrx_word' id='word_1_196' title='bbox 423 1907 598 1941; x_wconf 81' lang='lat' dir='ltr'>seeundum</span> <span class='ocrx_word' id='word_1_197' title='bbox 637 1908 797 1941; x_wconf 81' lang='lat' dir='ltr'>arbitrium</span> <span class='ocrx_word' id='word_1_198' title='bbox 828 1907 1026 1952; x_wconf 81' lang='lat' dir='ltr'>provincialis</span> 
     </span>
     <span class='ocr_line' id='line_1_42' title="bbox 272 1956 1026 2003; baseline 0.001 -14"><span class='ocrx_word' id='word_1_199' title='bbox 272 1957 399 2003; x_wconf 83' lang='lat' dir='ltr'>capituli</span> <span class='ocrx_word' id='word_1_200' title='bbox 422 1969 455 1991; x_wconf 85' lang='lat' dir='ltr'>se</span> <span class='ocrx_word' id='word_1_201' title='bbox 477 1957 646 1991; x_wconf 78' lang='lat' dir='ltr'>habuerint</span> <span class='ocrx_word' id='word_1_202' title='bbox 666 1957 874 2003; x_wconf 72' lang='lat' dir='ltr'>negligenter,</span> <span class='ocrx_word' id='word_1_203' title='bbox 900 1956 1026 2002; x_wconf 63' lang='lat' dir='ltr'>praefato</span> 
     </span>
     <span class='ocr_line' id='line_1_43' title="bbox 272 2006 643 2052; baseline -0.003 -12"><span class='ocrx_word' id='word_1_204' title='bbox 272 2006 410 2052; x_wconf 85' lang='lat' dir='ltr'>capitulo</span> <span class='ocrx_word' id='word_1_205' title='bbox 438 2006 643 2052; x_wconf 69' lang='lat' dir='ltr'>applicandis</span> 
     </span>
    </p>

    <p class='ocr_par' dir='ltr' id='par_1_11' title="bbox 234 2054 1026 2546">
     <span class='ocr_line' id='line_1_44' title="bbox 322 2054 1025 2101; baseline 0 -12"><span class='ocrx_word' id='word_1_206' title='bbox 322 2055 341 2099; x_wconf 55' lang='grc' dir='ltr'>Ξ</span> <span class='ocrx_word' id='word_1_207' title='bbox 364 2059 397 2089; x_wconf 74' lang='lat'>⁶2.</span> <span class='ocrx_word' id='word_1_208' title='bbox 421 2055 546 2090; x_wconf 80' lang='lat' dir='ltr'>Rursus</span> <span class='ocrx_word' id='word_1_209' title='bbox 568 2063 684 2089; x_wconf 90' lang='lat' dir='ltr'>statuto</span> <span class='ocrx_word' id='word_1_210' title='bbox 701 2055 801 2101; x_wconf 86' lang='lat' dir='ltr'>posito</span> <span class='ocrx_word' id='word_1_211' title='bbox 823 2054 882 2088; x_wconf 80' lang='lat' dir='ltr'>sul)</span> <span class='ocrx_word' id='word_1_212' title='bbox 902 2055 1025 2089; x_wconf 85' lang='lat' dir='ltr'>rubrica</span> 
     </span>
     <span class='ocr_line' id='line_1_45' title="bbox 275 2104 1024 2150; baseline 0 -13"><span class='ocrx_word' id='word_1_213' title='bbox 275 2105 320 2137; x_wconf 83' lang='lat' dir='ltr'>De</span> <span class='ocrx_word' id='word_1_214' title='bbox 355 2106 499 2150; x_wconf 75' lang='lat' dir='ltr'>capitulis</span> <span class='ocrx_word' id='word_1_215' title='bbox 525 2106 716 2149; x_wconf 78' lang='lat' dir='ltr'>yenerali&#39;bus</span> <span class='ocrx_word' id='word_1_216' title='bbox 751 2106 948 2147; x_wconf 72' lang='lat' dir='ltr'>celebrandis,</span> <span class='ocrx_word' id='word_1_217' title='bbox 974 2104 1024 2138; x_wconf 89' lang='lat' dir='ltr'>ubi</span> 
     </span>
     <span class='ocr_line' id='line_1_46' title="bbox 234 2153 1024 2200; baseline 0 -13"><span class='ocrx_word' id='word_1_218' title='bbox 234 2183 250 2195; x_wconf 39' lang='grc' dir='ltr'>ἢ,</span> <span class='ocrx_word' id='word_1_219' title='bbox 273 2154 354 2188; x_wconf 82' lang='lat' dir='ltr'>eirea</span> <span class='ocrx_word' id='word_1_220' title='bbox 383 2155 450 2188; x_wconf 85' lang='lat' dir='ltr'>eius</span> <span class='ocrx_word' id='word_1_221' title='bbox 487 2154 678 2200; x_wconf 85' lang='lat' dir='ltr'>principium</span> <span class='ocrx_word' id='word_1_222' title='bbox 715 2153 840 2193; x_wconf 81' lang='lat' dir='ltr'>dicitur,</span> <span class='ocrx_word' id='word_1_223' title='bbox 873 2153 956 2199; x_wconf 67' lang='lat' dir='ltr'>sptod</span> <span class='ocrx_word' id='word_1_224' title='bbox 996 2154 1024 2187; x_wconf 92' lang='lat' dir='ltr'>iu</span> 
     </span>
     <span class='ocr_line' id='line_1_47' title="bbox 273 2203 1025 2249; baseline 0.001 -13"><span class='ocrx_word' id='word_1_225' title='bbox 273 2203 405 2249; x_wconf 77' lang='lat' dir='ltr'>singulis</span> <span class='ocrx_word' id='word_1_226' title='bbox 430 2203 581 2237; x_wconf 79' lang='lat' dir='ltr'>Ecclesiis</span> <span class='ocrx_word' id='word_1_227' title='bbox 605 2203 838 2237; x_wconf 62' lang='lat' dir='ltr'>cathedralibus</span> <span class='ocrx_word' id='word_1_228' title='bbox 874 2211 903 2236; x_wconf 86' lang='lat' dir='ltr'>et</span> <span class='ocrx_word' id='word_1_229' title='bbox 924 2215 1025 2237; x_wconf 87' lang='lat' dir='ltr'>mona</span> 
     </span>
     <span class='ocr_line' id='line_1_48' title="bbox 273 2252 1024 2299; baseline 0 -13"><span class='ocrx_word' id='word_1_230' title='bbox 273 2253 376 2287; x_wconf 87' lang='lat' dir='ltr'>steriis</span> <span class='ocrx_word' id='word_1_231' title='bbox 398 2254 490 2286; x_wconf 89' lang='lat' dir='ltr'>annis</span> <span class='ocrx_word' id='word_1_232' title='bbox 516 2252 651 2298; x_wconf 74' lang='lat' dir='ltr'>singulis</span> <span class='ocrx_word' id='word_1_233' title='bbox 678 2252 824 2298; x_wconf 78' lang='lat' dir='ltr'>generale</span> <span class='ocrx_word' id='word_1_234' title='bbox 852 2252 1024 2299; x_wconf 83' lang='lat' dir='ltr'>capitulum</span> 
     </span>
     <span class='ocr_line' id='line_1_49' title="bbox 273 2302 1023 2349; baseline 0 -14"><span class='ocrx_word' id='word_1_235' title='bbox 273 2302 460 2346; x_wconf 70' lang='lat' dir='ltr'>celebretur,</span> <span class='ocrx_word' id='word_1_236' title='bbox 489 2303 517 2335; x_wconf 90' lang='lat' dir='ltr'>in</span> <span class='ocrx_word' id='word_1_237' title='bbox 551 2315 614 2349; x_wconf 81' lang='lat' dir='ltr'>quo</span> <span class='ocrx_word' id='word_1_238' title='bbox 637 2314 708 2335; x_wconf 89' lang='lat' dir='ltr'>cum</span> <span class='ocrx_word' id='word_1_239' title='bbox 738 2302 885 2348; x_wconf 84' lang='lat' dir='ltr'>praelatis</span> <span class='ocrx_word' id='word_1_240' title='bbox 916 2314 1023 2335; x_wconf 88' lang='lat' dir='ltr'>eornm</span> 
     </span>
     <span class='ocr_line' id='line_1_50' title="bbox 272 2351 1025 2398; baseline 0 -13"><span class='ocrx_word' id='word_1_241' title='bbox 272 2352 322 2385; x_wconf 86' lang='lat' dir='ltr'>alii</span> <span class='ocrx_word' id='word_1_242' title='bbox 351 2351 492 2390; x_wconf 80' lang='lat' dir='ltr'>abbates,</span> <span class='ocrx_word' id='word_1_243' title='bbox 518 2353 649 2398; x_wconf 62' lang='lat' dir='ltr'>priores,</span> <span class='ocrx_word' id='word_1_244' title='bbox 675 2351 800 2398; x_wconf 87' lang='lat' dir='ltr'>praelati</span> <span class='ocrx_word' id='word_1_245' title='bbox 829 2360 858 2385; x_wconf 88' lang='lat' dir='ltr'>et</span> <span class='ocrx_word' id='word_1_246' title='bbox 882 2351 1025 2385; x_wconf 85' lang='lat' dir='ltr'>admini-</span> 
     </span>
     <span class='ocr_line' id='line_1_51' title="bbox 272 2400 1024 2435; baseline 0.001 -1"><span class='ocrx_word' id='word_1_247' title='bbox 272 2409 420 2435; x_wconf 72' lang='lat' dir='ltr'>stratores</span> <span class='ocrx_word' id='word_1_248' title='bbox 447 2400 566 2435; x_wconf 83' lang='lat' dir='ltr'>eisdem</span> <span class='ocrx_word' id='word_1_249' title='bbox 597 2400 776 2434; x_wconf 84' lang='lat' dir='ltr'>immediate</span> <span class='ocrx_word' id='word_1_250' title='bbox 803 2400 932 2434; x_wconf 89' lang='lat' dir='ltr'>subiecti</span> <span class='ocrx_word' id='word_1_251' title='bbox 956 2409 1024 2435; x_wconf 83' lang='lat' dir='ltr'>stu—</span> 
     </span>
     <span class='ocr_line' id='line_1_52' title="bbox 273 2449 1026 2497; baseline 0 -14"><span class='ocrx_word' id='word_1_252' title='bbox 273 2451 368 2484; x_wconf 85' lang='lat' dir='ltr'>deant</span> <span class='ocrx_word' id='word_1_253' title='bbox 397 2451 578 2494; x_wconf 78' lang='lat' dir='ltr'>convenire,</span> <span class='ocrx_word' id='word_1_254' title='bbox 606 2449 805 2484; x_wconf 82' lang='lat' dir='ltr'>adiieendnm</span> <span class='ocrx_word' id='word_1_255' title='bbox 831 2450 895 2484; x_wconf 86' lang='lat' dir='ltr'>fore</span> <span class='ocrx_word' id='word_1_256' title='bbox 921 2451 1026 2497; x_wconf 80' lang='lat' dir='ltr'>provi-</span> 
     </span>
     <span class='ocr_line' id='line_1_53' title="bbox 273 2499 1025 2546; baseline 0 -14"><span class='ocrx_word' id='word_1_257' title='bbox 273 2500 388 2542; x_wconf 77' lang='lat' dir='ltr'>dimus,</span> <span class='ocrx_word' id='word_1_258' title='bbox 412 2508 441 2533; x_wconf 90' lang='lat' dir='ltr'>ut</span> <span class='ocrx_word' id='word_1_259' title='bbox 467 2500 490 2533; x_wconf 83' lang='lat' dir='ltr'>si</span> <span class='ocrx_word' id='word_1_260' title='bbox 515 2500 616 2533; x_wconf 80' lang='lat' dir='ltr'>forsan</span> <span class='ocrx_word' id='word_1_261' title='bbox 640 2499 753 2546; x_wconf 84' lang='lat' dir='ltr'>aliquis</span> <span class='ocrx_word' id='word_1_262' title='bbox 774 2512 809 2532; x_wconf 77' lang='lat' dir='ltr'>ex</span> <span class='ocrx_word' id='word_1_263' title='bbox 837 2499 913 2533; x_wconf 86' lang='lat' dir='ltr'>loeis</span> <span class='ocrx_word' id='word_1_264' title='bbox 937 2512 1025 2546; x_wconf 88' lang='lat' dir='ltr'>prae—</span> 
     </span>
    </p>
   </div>
   <div class='ocr_carea' id='block_1_10' title="bbox 273 2598 1025 2637">
    <p class='ocr_par' dir='ltr' id='par_1_12' title="bbox 273 2598 1025 2637">
     <span class='ocr_line' id='line_1_54' title="bbox 273 2598 1025 2637; baseline 0.001 -5"><span class='ocrx_word' id='word_1_265' title='bbox 273 2598 434 2637; x_wconf 73' lang='lat' dir='ltr'>eelebrari,</span> <span class='ocrx_word' id='word_1_266' title='bbox 447 2598 585 2632; x_wconf 81' lang='lat' dir='ltr'>membra</span> <span class='ocrx_word' id='word_1_267' title='bbox 599 2598 707 2633; x_wconf 82' lang='lat' dir='ltr'>babeat</span> <span class='ocrx_word' id='word_1_268' title='bbox 725 2599 802 2632; x_wconf 81' lang='lat' dir='ltr'>adeo</span> <span class='ocrx_word' id='word_1_269' title='bbox 819 2599 876 2632; x_wconf 83' lang='lat' dir='ltr'>sibi</span> <span class='ocrx_word' id='word_1_270' title='bbox 896 2607 1025 2637; x_wconf 75' lang='lat' dir='ltr'>remota,</span> 
     </span>
    </p>
   </div>
   <div class='ocr_carea' id='block_1_11' title="bbox 1063 376 1825 2088">
    <p class='ocr_par' dir='ltr' id='par_1_13' title="bbox 1063 376 1825 2088">
     <span class='ocr_line' id='line_1_55' title="bbox 1065 376 1819 427; baseline 0.007 -18"><span class='ocrx_word' id='word_1_271' title='bbox 1065 376 1185 411; x_wconf 88' lang='lat' dir='ltr'>dictum</span> <span class='ocrx_word' id='word_1_272' title='bbox 1210 377 1383 423; x_wconf 83' lang='lat' dir='ltr'>capitulum</span> <span class='ocrx_word' id='word_1_273' title='bbox 1400 378 1519 424; x_wconf 82' lang='lat' dir='ltr'>absque</span> <span class='ocrx_word' id='word_1_274' title='bbox 1544 378 1671 413; x_wconf 86' lang='lat' dir='ltr'>notabili</span> <span class='ocrx_word' id='word_1_275' title='bbox 1689 379 1819 427; x_wconf 79' lang='lat' dir='ltr'>dispen-</span> 
     </span>
     <span class='ocr_line' id='line_1_56' title="bbox 1064 426 1818 466; baseline 0.005 -7"><span class='ocrx_word' id='word_1_276' title='bbox 1064 426 1115 459; x_wconf 92' lang='lat' dir='ltr'>dio</span> <span class='ocrx_word' id='word_1_277' title='bbox 1139 427 1319 466; x_wconf 64' lang='lat' dir='ltr'>conveniri</span> <span class='ocrx_word' id='word_1_278' title='bbox 1343 434 1417 461; x_wconf 83' lang='lat' dir='ltr'>tun(</span> <span class='ocrx_word' id='word_1_279' title='bbox 1453 435 1595 462; x_wconf 80' lang='lat' dir='ltr'>tencatur</span> <span class='ocrx_word' id='word_1_280' title='bbox 1617 428 1735 462; x_wconf 86' lang='lat' dir='ltr'>dictum</span> <span class='ocrx_word' id='word_1_281' title='bbox 1765 440 1818 463; x_wconf 83' lang='lat' dir='ltr'>ca-</span> 
     </span>
     <span class='ocr_line' id='line_1_57' title="bbox 1066 475 1820 523; baseline 0.003 -15"><span class='ocrx_word' id='word_1_282' title='bbox 1066 475 1199 521; x_wconf 88' lang='lat' dir='ltr'>pitulum</span> <span class='ocrx_word' id='word_1_283' title='bbox 1224 475 1381 519; x_wconf 87' lang='lat' dir='ltr'>ordinare</span> <span class='ocrx_word' id='word_1_284' title='bbox 1400 476 1527 523; x_wconf 82' lang='lat' dir='ltr'>quamlo</span> <span class='ocrx_word' id='word_1_285' title='bbox 1548 477 1820 512; x_wconf 83' lang='lat' dir='ltr'>administratores</span> 
     </span>
     <span class='ocr_line' id='line_1_58' title="bbox 1065 524 1820 561; baseline 0.005 -4"><span class='ocrx_word' id='word_1_286' title='bbox 1065 524 1245 558; x_wconf 83' lang='lat' dir='ltr'>huiusmodi</span> <span class='ocrx_word' id='word_1_287' title='bbox 1269 525 1314 559; x_wconf 84' lang='lat' dir='ltr'>sie</span> <span class='ocrx_word' id='word_1_288' title='bbox 1337 524 1490 561; x_wconf 84' lang='lat' dir='ltr'>distantes</span> <span class='ocrx_word' id='word_1_289' title='bbox 1523 527 1692 560; x_wconf 86' lang='lat' dir='ltr'>convenire</span> <span class='ocrx_word' id='word_1_290' title='bbox 1715 526 1752 560; x_wconf 83' lang='lat' dir='ltr'>ad</span> <span class='ocrx_word' id='word_1_291' title='bbox 1776 526 1820 561; x_wconf 88' lang='lat' dir='ltr'>di-</span> 
     </span>
     <span class='ocr_line' id='line_1_59' title="bbox 1063 573 1817 622; baseline 0.003 -15"><span class='ocrx_word' id='word_1_292' title='bbox 1063 581 1147 607; x_wconf 87' lang='lat' dir='ltr'>ctum</span> <span class='ocrx_word' id='word_1_293' title='bbox 1166 573 1338 620; x_wconf 72' lang='lat' dir='ltr'>capitulum</span> <span class='ocrx_word' id='word_1_294' title='bbox 1355 582 1531 609; x_wconf 87' lang='lat' dir='ltr'>teneantur.</span> <span class='ocrx_word' id='word_1_295' title='bbox 1547 574 1626 609; x_wconf 88' lang='lat' dir='ltr'>lllud</span> <span class='ocrx_word' id='word_1_296' title='bbox 1648 588 1719 609; x_wconf 80' lang='lat' dir='ltr'>vero</span> <span class='ocrx_word' id='word_1_297' title='bbox 1733 577 1817 622; x_wconf 85' lang='lat' dir='ltr'>quod</span> 
     </span>
     <span class='ocr_line' id='line_1_60' title="bbox 1065 623 1818 672; baseline 0.004 -16"><span class='ocrx_word' id='word_1_298' title='bbox 1065 623 1197 657; x_wconf 81' lang='lat' dir='ltr'>indicto</span> <span class='ocrx_word' id='word_1_299' title='bbox 1220 631 1336 657; x_wconf 86' lang='lat' dir='ltr'>statuto</span> <span class='ocrx_word' id='word_1_300' title='bbox 1360 624 1569 668; x_wconf 76' lang='lat' dir='ltr'>subnectitur,</span> <span class='ocrx_word' id='word_1_301' title='bbox 1599 624 1683 671; x_wconf 87' lang='lat' dir='ltr'>quod</span> <span class='ocrx_word' id='word_1_302' title='bbox 1708 625 1750 658; x_wconf 91' lang='lat' dir='ltr'>illi</span> <span class='ocrx_word' id='word_1_303' title='bbox 1766 627 1818 672; x_wconf 81' lang='lat' dir='ltr'>qui</span> 
     </span>
     <span class='ocr_line' id='line_1_61' title="bbox 1066 673 1818 720; baseline 0.003 -14"><span class='ocrx_word' id='word_1_304' title='bbox 1066 673 1171 706; x_wconf 75' lang='lat' dir='ltr'>venire</span> <span class='ocrx_word' id='word_1_305' title='bbox 1195 680 1342 707; x_wconf 86' lang='lat' dir='ltr'>tenentur</span> <span class='ocrx_word' id='word_1_306' title='bbox 1364 673 1401 707; x_wconf 86' lang='lat' dir='ltr'>ad</span> <span class='ocrx_word' id='word_1_307' title='bbox 1427 673 1619 720; x_wconf 83' lang='lat' dir='ltr'>provinciale</span> <span class='ocrx_word' id='word_1_308' title='bbox 1647 674 1818 719; x_wconf 86' lang='lat' dir='ltr'>capitulum</span> 
     </span>
     <span class='ocr_line' id='line_1_62' title="bbox 1065 722 1819 766; baseline 0.003 -11"><span class='ocrx_word' id='word_1_309' title='bbox 1065 722 1103 756; x_wconf 88' lang='lat' dir='ltr'>de</span> <span class='ocrx_word' id='word_1_310' title='bbox 1127 722 1261 756; x_wconf 84' lang='lat' dir='ltr'>triennio</span> <span class='ocrx_word' id='word_1_311' title='bbox 1289 722 1317 756; x_wconf 90' lang='lat' dir='ltr'>in</span> <span class='ocrx_word' id='word_1_312' title='bbox 1335 723 1519 766; x_wconf 76' lang='lat' dir='ltr'>triennium,</span> <span class='ocrx_word' id='word_1_313' title='bbox 1542 730 1571 756; x_wconf 90' lang='lat' dir='ltr'>et</span> <span class='ocrx_word' id='word_1_314' title='bbox 1594 722 1631 756; x_wconf 88' lang='lat' dir='ltr'>ad</span> <span class='ocrx_word' id='word_1_315' title='bbox 1650 723 1819 757; x_wconf 80' lang='lat' dir='ltr'>cuiuslibet</span> 
     </span>
     <span class='ocr_line' id='line_1_63' title="bbox 1065 771 1820 818; baseline 0.001 -13"><span class='ocrx_word' id='word_1_316' title='bbox 1065 771 1227 806; x_wconf 80' lang='lat' dir='ltr'>Ecclesiae</span> <span class='ocrx_word' id='word_1_317' title='bbox 1268 772 1312 805; x_wconf 82' lang='lat' dir='ltr'>vel</span> <span class='ocrx_word' id='word_1_318' title='bbox 1337 772 1517 806; x_wconf 89' lang='lat' dir='ltr'>monasterii</span> <span class='ocrx_word' id='word_1_319' title='bbox 1542 772 1676 818; x_wconf 66' lang='lat' dir='ltr'>eafliitula</span> <span class='ocrx_word' id='word_1_320' title='bbox 1697 784 1820 806; x_wconf 89' lang='lat' dir='ltr'>annua-</span> 
     </span>
     <span class='ocr_line' id='line_1_64' title="bbox 1065 821 1820 868; baseline 0 -14"><span class='ocrx_word' id='word_1_321' title='bbox 1065 821 1119 854; x_wconf 84' lang='lat' dir='ltr'>tim</span> <span class='ocrx_word' id='word_1_322' title='bbox 1144 821 1246 855; x_wconf 79' lang='lat' dir='ltr'>vivant</span> <span class='ocrx_word' id='word_1_323' title='bbox 1268 834 1338 855; x_wconf 87' lang='lat' dir='ltr'>cuin</span> <span class='ocrx_word' id='word_1_324' title='bbox 1362 821 1431 856; x_wconf 82' lang='lat' dir='ltr'>aliis</span> <span class='ocrx_word' id='word_1_325' title='bbox 1455 821 1553 868; x_wconf 90' lang='lat' dir='ltr'>ipsius</span> <span class='ocrx_word' id='word_1_326' title='bbox 1574 821 1631 855; x_wconf 86' lang='lat' dir='ltr'>loci</span> <span class='ocrx_word' id='word_1_327' title='bbox 1658 821 1820 856; x_wconf 79' lang='lat' dir='ltr'>monacbis</span> 
     </span>
     <span class='ocr_line' id='line_1_65' title="bbox 1066 870 1820 915; baseline -0.001 -11"><span class='ocrx_word' id='word_1_328' title='bbox 1066 871 1095 904; x_wconf 92' lang='lat' dir='ltr'>in</span> <span class='ocrx_word' id='word_1_329' title='bbox 1124 871 1298 915; x_wconf 77' lang='lat' dir='ltr'>communi,</span> <span class='ocrx_word' id='word_1_330' title='bbox 1325 879 1354 905; x_wconf 91' lang='lat' dir='ltr'>et</span> <span class='ocrx_word' id='word_1_331' title='bbox 1377 870 1583 905; x_wconf 80' lang='lat' dir='ltr'>familiaribus</span> <span class='ocrx_word' id='word_1_332' title='bbox 1610 871 1676 905; x_wconf 89' lang='lat' dir='ltr'>suis</span> <span class='ocrx_word' id='word_1_333' title='bbox 1697 870 1820 905; x_wconf 84' lang='lat' dir='ltr'>clericis</span> 
     </span>
     <span class='ocr_line' id='line_1_66' title="bbox 1065 919 1821 958; baseline 0.001 -5"><span class='ocrx_word' id='word_1_334' title='bbox 1065 929 1092 954; x_wconf 90' lang='lat' dir='ltr'>et</span> <span class='ocrx_word' id='word_1_335' title='bbox 1124 919 1222 958; x_wconf 64' lang='lat' dir='ltr'>tucis</span> <span class='ocrx_word' id='word_1_336' title='bbox 1241 928 1271 954; x_wconf 90' lang='lat' dir='ltr'>et</span> <span class='ocrx_word' id='word_1_337' title='bbox 1293 921 1387 954; x_wconf 85' lang='lat' dir='ltr'>etiam</span> <span class='ocrx_word' id='word_1_338' title='bbox 1411 919 1628 955; x_wconf 71' lang='lat' dir='ltr'>evectionibus</span> <span class='ocrx_word' id='word_1_339' title='bbox 1650 928 1734 954; x_wconf 86' lang='lat' dir='ltr'>extra</span> <span class='ocrx_word' id='word_1_340' title='bbox 1758 920 1821 954; x_wconf 84' lang='lat' dir='ltr'>Ec-</span> 
     </span>
     <span class='ocr_line' id='line_1_67' title="bbox 1066 969 1821 1024; baseline 0.001 -22"><span class='ocrx_word' id='word_1_341' title='bbox 1066 969 1176 1002; x_wconf 75' lang='lat' dir='ltr'>elesius</span> <span class='ocrx_word' id='word_1_342' title='bbox 1214 978 1243 1003; x_wconf 86' lang='lat' dir='ltr'>et</span> <span class='ocrx_word' id='word_1_343' title='bbox 1279 970 1466 1004; x_wconf 86' lang='lat' dir='ltr'>monasteria</span> <span class='ocrx_word' id='word_1_344' title='bbox 1503 977 1533 1004; x_wconf 87' lang='lat' dir='ltr'>et</span> <span class='ocrx_word' id='word_1_345' title='bbox 1576 969 1642 1004; x_wconf 88' lang='lat' dir='ltr'>loca</span> <span class='ocrx_word' id='word_1_346' title='bbox 1678 970 1741 1024; x_wconf 82' lang='lat' dir='ltr'>ipsa</span> <span class='ocrx_word' id='word_1_347' title='bbox 1781 969 1821 1003; x_wconf 84' lang='lat' dir='ltr'>de</span> 
     </span>
     <span class='ocr_line' id='line_1_68' title="bbox 1066 1018 1821 1066; baseline 0.003 -15"><span class='ocrx_word' id='word_1_348' title='bbox 1066 1019 1132 1052; x_wconf 61' lang='lat' dir='ltr'>suis</span> <span class='ocrx_word' id='word_1_349' title='bbox 1158 1018 1292 1065; x_wconf 81' lang='lat' dir='ltr'>pr·0piiis</span> <span class='ocrx_word' id='word_1_350' title='bbox 1321 1019 1495 1053; x_wconf 82' lang='lat' dir='ltr'>iedditibus</span> <span class='ocrx_word' id='word_1_351' title='bbox 1523 1018 1687 1066; x_wconf 68' lang='lat' dir='ltr'>providere</span> <span class='ocrx_word' id='word_1_352' title='bbox 1713 1032 1741 1052; x_wconf 85' lang='lat' dir='ltr'>in</span> <span class='ocrx_word' id='word_1_353' title='bbox 1766 1030 1821 1053; x_wconf 89' lang='lat' dir='ltr'>ne-</span> 
     </span>
     <span class='ocr_line' id='line_1_69' title="bbox 1066 1068 1821 1115; baseline 0.004 -15"><span class='ocrx_word' id='word_1_354' title='bbox 1066 1068 1211 1102; x_wconf 86' lang='lat' dir='ltr'>cessariis</span> <span class='ocrx_word' id='word_1_355' title='bbox 1241 1075 1417 1112; x_wconf 79' lang='lat' dir='ltr'>teneantur,</span> <span class='ocrx_word' id='word_1_356' title='bbox 1457 1068 1567 1115; x_wconf 83' lang='lat' dir='ltr'>quavis</span> <span class='ocrx_word' id='word_1_357' title='bbox 1597 1068 1821 1103; x_wconf 86' lang='lat' dir='ltr'>constitutione</span> 
     </span>
     <span class='ocr_line' id='line_1_70' title="bbox 1068 1117 1822 1152; baseline 0.001 -2"><span class='ocrx_word' id='word_1_358' title='bbox 1068 1117 1112 1150; x_wconf 69' lang='lat' dir='ltr'>vil</span> <span class='ocrx_word' id='word_1_359' title='bbox 1151 1117 1380 1151; x_wconf 80' lang='lat' dir='ltr'>eonsuetudine</span> <span class='ocrx_word' id='word_1_360' title='bbox 1407 1118 1574 1152; x_wconf 75' lang='lat' dir='ltr'>contrariis</span> <span class='ocrx_word' id='word_1_361' title='bbox 1601 1130 1663 1152; x_wconf 92' lang='lat' dir='ltr'>non</span> <span class='ocrx_word' id='word_1_362' title='bbox 1692 1117 1822 1152; x_wconf 87' lang='lat' dir='ltr'>obstan-</span> 
     </span>
     <span class='ocr_line' id='line_1_71' title="bbox 1068 1166 1822 1209; baseline 0.001 -10"><span class='ocrx_word' id='word_1_363' title='bbox 1068 1166 1172 1209; x_wconf 68' lang='lat' dir='ltr'>tibus7</span> <span class='ocrx_word' id='word_1_364' title='bbox 1194 1166 1402 1200; x_wconf 76' lang='lat' dir='ltr'>suadentibus</span> <span class='ocrx_word' id='word_1_365' title='bbox 1444 1166 1682 1201; x_wconf 87' lang='lat' dir='ltr'>rationabilibus</span> <span class='ocrx_word' id='word_1_366' title='bbox 1707 1167 1822 1206; x_wconf 74' lang='lat' dir='ltr'>causis,</span> 
     </span>
     <span class='ocr_line' id='line_1_72' title="bbox 1068 1215 1822 1262; baseline 0.004 -15"><span class='ocrx_word' id='word_1_367' title='bbox 1068 1228 1122 1262; x_wconf 89' lang='lat' dir='ltr'>per</span> <span class='ocrx_word' id='word_1_368' title='bbox 1150 1215 1279 1249; x_wconf 84' lang='lat' dir='ltr'>modum</span> <span class='ocrx_word' id='word_1_369' title='bbox 1305 1215 1436 1262; x_wconf 76' lang='lat' dir='ltr'>intelligi</span> <span class='ocrx_word' id='word_1_370' title='bbox 1467 1216 1612 1251; x_wconf 87' lang='lat' dir='ltr'>volumus</span> <span class='ocrx_word' id='word_1_371' title='bbox 1635 1216 1711 1250; x_wconf 87' lang='lat' dir='ltr'>infra</span> <span class='ocrx_word' id='word_1_372' title='bbox 1737 1216 1822 1250; x_wconf 87' lang='lat' dir='ltr'>seri-</span> 
     </span>
     <span class='ocr_line' id='line_1_73' title="bbox 1069 1264 1822 1311; baseline 0.003 -14"><span class='ocrx_word' id='word_1_373' title='bbox 1069 1273 1167 1311; x_wconf 74' lang='lat' dir='ltr'>ptum,</span> <span class='ocrx_word' id='word_1_374' title='bbox 1198 1272 1230 1297; x_wconf 92' lang='lat' dir='ltr'>nt</span> <span class='ocrx_word' id='word_1_375' title='bbox 1257 1265 1282 1298; x_wconf 88' lang='lat' dir='ltr'>si</span> <span class='ocrx_word' id='word_1_376' title='bbox 1312 1264 1401 1308; x_wconf 74' lang='lat' dir='ltr'>forte,</span> <span class='ocrx_word' id='word_1_377' title='bbox 1428 1278 1464 1299; x_wconf 87' lang='lat' dir='ltr'>ex</span> <span class='ocrx_word' id='word_1_378' title='bbox 1501 1265 1733 1299; x_wconf 86' lang='lat' dir='ltr'>cousuetudine</span> <span class='ocrx_word' id='word_1_379' title='bbox 1774 1265 1822 1299; x_wconf 79' lang='lat' dir='ltr'>vel</span> 
     </span>
     <span class='ocr_line' id='line_1_74' title="bbox 1067 1313 1821 1349; baseline 0.003 -3"><span class='ocrx_word' id='word_1_380' title='bbox 1067 1321 1184 1347; x_wconf 86' lang='lat' dir='ltr'>statuto</span> <span class='ocrx_word' id='word_1_381' title='bbox 1232 1321 1286 1347; x_wconf 88' lang='lat' dir='ltr'>aut</span> <span class='ocrx_word' id='word_1_382' title='bbox 1323 1314 1381 1348; x_wconf 87' lang='lat' dir='ltr'>alia</span> <span class='ocrx_word' id='word_1_383' title='bbox 1415 1313 1613 1349; x_wconf 83' lang='lat' dir='ltr'>ordinatione</span> <span class='ocrx_word' id='word_1_384' title='bbox 1647 1314 1821 1349; x_wconf 86' lang='lat' dir='ltr'>rationabili</span> 
     </span>
     <span class='ocr_line' id='line_1_75' title="bbox 1068 1362 1824 1410; baseline 0.003 -15.003"><span class='ocrx_word' id='word_1_385' title='bbox 1068 1362 1266 1396; x_wconf 76' lang='lat' dir='ltr'>incumberet</span> <span class='ocrx_word' id='word_1_386' title='bbox 1294 1362 1343 1396; x_wconf 86' lang='lat' dir='ltr'>alii</span> <span class='ocrx_word' id='word_1_387' title='bbox 1386 1375 1440 1397; x_wconf 84' lang='lat' dir='ltr'>seu</span> <span class='ocrx_word' id='word_1_388' title='bbox 1464 1363 1534 1397; x_wconf 88' lang='lat' dir='ltr'>aliis</span> <span class='ocrx_word' id='word_1_389' title='bbox 1556 1375 1639 1397; x_wconf 76' lang='lat' dir='ltr'>onus</span> <span class='ocrx_word' id='word_1_390' title='bbox 1666 1376 1824 1410; x_wconf 84' lang='lat' dir='ltr'>expensa-</span> 
     </span>
     <span class='ocr_line' id='line_1_76' title="bbox 1069 1411 1823 1452; baseline 0.001 -7"><span class='ocrx_word' id='word_1_391' title='bbox 1069 1425 1137 1445; x_wconf 91' lang='lat' dir='ltr'>rum</span> <span class='ocrx_word' id='word_1_392' title='bbox 1188 1411 1366 1446; x_wconf 81' lang='lat' dir='ltr'>huiusmodi</span> <span class='ocrx_word' id='word_1_393' title='bbox 1408 1412 1559 1452; x_wconf 78' lang='lat' dir='ltr'>faciendi,</span> <span class='ocrx_word' id='word_1_394' title='bbox 1588 1412 1823 1450; x_wconf 83' lang='lat' dir='ltr'>consuetudini,</span> 
     </span>
     <span class='ocr_line' id='line_1_77' title="bbox 1067 1461 1825 1509; baseline 0 -14"><span class='ocrx_word' id='word_1_395' title='bbox 1067 1468 1184 1495; x_wconf 83' lang='lat' dir='ltr'>statuto</span> <span class='ocrx_word' id='word_1_396' title='bbox 1232 1473 1286 1494; x_wconf 81' lang='lat' dir='ltr'>seu</span> <span class='ocrx_word' id='word_1_397' title='bbox 1323 1461 1510 1497; x_wconf 87' lang='lat' dir='ltr'>ordinationi</span> <span class='ocrx_word' id='word_1_398' title='bbox 1552 1461 1734 1496; x_wconf 80' lang='lat' dir='ltr'>huiusmodi</span> <span class='ocrx_word' id='word_1_399' title='bbox 1769 1474 1825 1509; x_wconf 87' lang='lat' dir='ltr'>per</span> 
     </span>
     <span class='ocr_line' id='line_1_78' title="bbox 1068 1510 1824 1546; baseline 0 -2"><span class='ocrx_word' id='word_1_400' title='bbox 1068 1510 1166 1545; x_wconf 73' lang='lat' dir='ltr'>dietas</span> <span class='ocrx_word' id='word_1_401' title='bbox 1207 1510 1451 1545; x_wconf 73' lang='lat' dir='ltr'>constitutiones</span> <span class='ocrx_word' id='word_1_402' title='bbox 1508 1523 1563 1545; x_wconf 86' lang='lat' dir='ltr'>seu</span> <span class='ocrx_word' id='word_1_403' title='bbox 1609 1511 1824 1546; x_wconf 78' lang='lat' dir='ltr'>ordinationes</span> 
     </span>
     <span class='ocr_line' id='line_1_79' title="bbox 1069 1560 1822 1606; baseline 0.001 -13"><span class='ocrx_word' id='word_1_404' title='bbox 1069 1568 1191 1594; x_wconf 87' lang='lat' dir='ltr'>nostras</span> <span class='ocrx_word' id='word_1_405' title='bbox 1215 1560 1395 1594; x_wconf 81' lang='lat' dir='ltr'>nullatenus</span> <span class='ocrx_word' id='word_1_406' title='bbox 1418 1561 1599 1606; x_wconf 81' lang='lat' dir='ltr'>derogetur.</span> <span class='ocrx_word' id='word_1_407' title='bbox 1622 1560 1687 1594; x_wconf 91' lang='lat' dir='ltr'>Eos</span> <span class='ocrx_word' id='word_1_408' title='bbox 1718 1568 1822 1595; x_wconf 86' lang='lat' dir='ltr'>tamen</span> 
     </span>
     <span class='ocr_line' id='line_1_80' title="bbox 1068 1609 1823 1657; baseline 0.003 -15"><span class='ocrx_word' id='word_1_409' title='bbox 1068 1609 1185 1656; x_wconf 87' lang='lat' dir='ltr'>quibus</span> <span class='ocrx_word' id='word_1_410' title='bbox 1226 1609 1408 1644; x_wconf 86' lang='lat' dir='ltr'>huiusmodi</span> <span class='ocrx_word' id='word_1_411' title='bbox 1437 1622 1648 1657; x_wconf 83' lang='lat' dir='ltr'>expensarum</span> <span class='ocrx_word' id='word_1_412' title='bbox 1664 1622 1746 1644; x_wconf 89' lang='lat' dir='ltr'>onus</span> <span class='ocrx_word' id='word_1_413' title='bbox 1769 1610 1823 1644; x_wconf 91' lang='lat' dir='ltr'>in—</span> 
     </span>
     <span class='ocr_line' id='line_1_81' title="bbox 1068 1659 1822 1706; baseline -0.001 -13"><span class='ocrx_word' id='word_1_414' title='bbox 1068 1659 1202 1699; x_wconf 80' lang='lat' dir='ltr'>cumbit,</span> <span class='ocrx_word' id='word_1_415' title='bbox 1220 1659 1243 1693; x_wconf 91' lang='lat' dir='ltr'>si</span> <span class='ocrx_word' id='word_1_416' title='bbox 1264 1671 1301 1692; x_wconf 84' lang='lat' dir='ltr'>ex</span> <span class='ocrx_word' id='word_1_417' title='bbox 1325 1659 1385 1693; x_wconf 90' lang='lat' dir='ltr'>boc</span> <span class='ocrx_word' id='word_1_418' title='bbox 1409 1659 1468 1693; x_wconf 80' lang='lat' dir='ltr'>illis</span> <span class='ocrx_word' id='word_1_419' title='bbox 1491 1660 1594 1703; x_wconf 81' lang='lat' dir='ltr'>annis,</span> <span class='ocrx_word' id='word_1_420' title='bbox 1617 1659 1735 1706; x_wconf 87' lang='lat' dir='ltr'>quibus</span> <span class='ocrx_word' id='word_1_421' title='bbox 1757 1659 1822 1694; x_wconf 85' lang='lat' dir='ltr'>lieri</span> 
     </span>
     <span class='ocr_line' id='line_1_82' title="bbox 1070 1708 1821 1755; baseline 0 -13"><span class='ocrx_word' id='word_1_422' title='bbox 1070 1709 1214 1742; x_wconf 72' lang='lat' dir='ltr'>volumus</span> <span class='ocrx_word' id='word_1_423' title='bbox 1241 1708 1415 1755; x_wconf 88' lang='lat' dir='ltr'>capitulum</span> <span class='ocrx_word' id='word_1_424' title='bbox 1446 1717 1668 1748; x_wconf 78' lang='lat' dir='ltr'>memoratum,</span> <span class='ocrx_word' id='word_1_425' title='bbox 1703 1708 1750 1743; x_wconf 85' lang='lat' dir='ltr'>vel</span> <span class='ocrx_word' id='word_1_426' title='bbox 1786 1721 1821 1743; x_wconf 82' lang='lat' dir='ltr'>ex</span> 
     </span>
     <span class='ocr_line' id='line_1_83' title="bbox 1068 1758 1821 1805; baseline 0.001 -14"><span class='ocrx_word' id='word_1_427' title='bbox 1068 1758 1136 1792; x_wconf 91' lang='lat' dir='ltr'>aliis</span> <span class='ocrx_word' id='word_1_428' title='bbox 1164 1770 1257 1804; x_wconf 89' lang='lat' dir='ltr'>supra</span> <span class='ocrx_word' id='word_1_429' title='bbox 1300 1758 1344 1792; x_wconf 80' lang='lat' dir='ltr'>vel</span> <span class='ocrx_word' id='word_1_430' title='bbox 1374 1758 1452 1792; x_wconf 74' lang='lat' dir='ltr'>infra</span> <span class='ocrx_word' id='word_1_431' title='bbox 1481 1759 1605 1792; x_wconf 90' lang='lat' dir='ltr'>statutis</span> <span class='ocrx_word' id='word_1_432' title='bbox 1634 1758 1718 1805; x_wconf 86' lang='lat' dir='ltr'>ipsos</span> <span class='ocrx_word' id='word_1_433' title='bbox 1753 1770 1821 1792; x_wconf 88' lang='lat' dir='ltr'>am-</span> 
     </span>
     <span class='ocr_line' id='line_1_84' title="bbox 1070 1807 1822 1854; baseline 0 -13"><span class='ocrx_word' id='word_1_434' title='bbox 1070 1807 1187 1854; x_wconf 87' lang='lat' dir='ltr'>pliores</span> <span class='ocrx_word' id='word_1_435' title='bbox 1215 1819 1370 1853; x_wconf 84' lang='lat' dir='ltr'>expensas</span> <span class='ocrx_word' id='word_1_436' title='bbox 1393 1807 1493 1842; x_wconf 79' lang='lat' dir='ltr'>facere</span> <span class='ocrx_word' id='word_1_437' title='bbox 1512 1808 1689 1853; x_wconf 75' lang='lat' dir='ltr'>contigerit,</span> <span class='ocrx_word' id='word_1_438' title='bbox 1725 1807 1822 1841; x_wconf 88' lang='lat' dir='ltr'>nolu-</span> 
     </span>
     <span class='ocr_line' id='line_1_85' title="bbox 1069 1857 1822 1904; baseline 0.001 -14"><span class='ocrx_word' id='word_1_439' title='bbox 1069 1869 1140 1891; x_wconf 86' lang='lat' dir='ltr'>mus</span> <span class='ocrx_word' id='word_1_440' title='bbox 1164 1857 1193 1890; x_wconf 91' lang='lat' dir='ltr'>in</span> <span class='ocrx_word' id='word_1_441' title='bbox 1217 1857 1368 1903; x_wconf 77' lang='lat' dir='ltr'>expensis</span> <span class='ocrx_word' id='word_1_442' title='bbox 1395 1857 1466 1904; x_wconf 91' lang='lat' dir='ltr'>plus</span> <span class='ocrx_word' id='word_1_443' title='bbox 1493 1857 1584 1892; x_wconf 91' lang='lat' dir='ltr'>solito</span> <span class='ocrx_word' id='word_1_444' title='bbox 1615 1857 1822 1904; x_wconf 73' lang='lat' dir='ltr'>praegravari,</span> 
     </span>
     <span class='ocr_line' id='line_1_86' title="bbox 1068 1905 1821 1953; baseline 0.001 -14"><span class='ocrx_word' id='word_1_445' title='bbox 1068 1906 1122 1939; x_wconf 85' lang='lat' dir='ltr'>sed</span> <span class='ocrx_word' id='word_1_446' title='bbox 1149 1914 1221 1940; x_wconf 87' lang='lat' dir='ltr'>tune</span> <span class='ocrx_word' id='word_1_447' title='bbox 1240 1905 1422 1941; x_wconf 76' lang='lat' dir='ltr'>huiusmodi</span> <span class='ocrx_word' id='word_1_448' title='bbox 1447 1918 1604 1953; x_wconf 82' lang='lat' dir='ltr'>expensae</span> <span class='ocrx_word' id='word_1_449' title='bbox 1621 1906 1650 1940; x_wconf 91' lang='lat' dir='ltr'>in</span> <span class='ocrx_word' id='word_1_450' title='bbox 1668 1914 1821 1953; x_wconf 87' lang='lat' dir='ltr'>quantum</span> 
     </span>
     <span class='ocr_line' id='line_1_87' title="bbox 1070 1955 1824 2002; baseline 0 -13"><span class='ocrx_word' id='word_1_451' title='bbox 1070 1955 1147 1989; x_wconf 89' lang='lat' dir='ltr'>ultra</span> <span class='ocrx_word' id='word_1_452' title='bbox 1170 1955 1296 1989; x_wconf 89' lang='lat' dir='ltr'>solitum</span> <span class='ocrx_word' id='word_1_453' title='bbox 1328 1955 1440 1989; x_wconf 77' lang='lat' dir='ltr'>fuerint</span> <span class='ocrx_word' id='word_1_454' title='bbox 1465 1955 1646 2002; x_wconf 76' lang='lat' dir='ltr'>ampliores,</span> <span class='ocrx_word' id='word_1_455' title='bbox 1671 1955 1745 1989; x_wconf 86' lang='lat' dir='ltr'>liant</span> <span class='ocrx_word' id='word_1_456' title='bbox 1769 1967 1824 2002; x_wconf 80' lang='lat' dir='ltr'>per</span> 
     </span>
     <span class='ocr_line' id='line_1_88' title="bbox 1068 2005 1823 2052; baseline 0 -14"><span class='ocrx_word' id='word_1_457' title='bbox 1068 2016 1179 2039; x_wconf 85' lang='lat' dir='ltr'>omnes</span> <span class='ocrx_word' id='word_1_458' title='bbox 1203 2005 1298 2039; x_wconf 87' lang='lat' dir='ltr'>simul</span> <span class='ocrx_word' id='word_1_459' title='bbox 1328 2005 1651 2052; x_wconf 83' lang='lat' dir='ltr'>proportionabiliter,</span> <span class='ocrx_word' id='word_1_460' title='bbox 1671 2014 1705 2039; x_wconf 90' lang='lat' dir='ltr'>ut</span> <span class='ocrx_word' id='word_1_461' title='bbox 1730 2017 1823 2052; x_wconf 85' lang='lat' dir='ltr'>prae-</span> 
     </span>
     <span class='ocr_line' id='line_1_89' title="bbox 1069 2054 1178 2088; baseline 0 0"><span class='ocrx_word' id='word_1_462' title='bbox 1069 2054 1178 2088; x_wconf 84' lang='lat' dir='ltr'>f.ertui</span> 
     </span>
    </p>
   </div>
   <div class='ocr_carea' id='block_1_12' title="bbox 1067 2102 2022 2200">
    <p class='ocr_par' dir='ltr' id='par_1_14' title="bbox 1067 2102 2022 2200">
     <span class='ocr_line' id='line_1_90' title="bbox 1116 2102 2022 2160; baseline 0.001 -24.002"><span class='ocrx_word' id='word_1_463' title='bbox 1116 2103 1136 2149; x_wconf 61' lang='lat' dir='ltr'>g</span> <span class='ocrx_word' id='word_1_464' title='bbox 1159 2106 1190 2137; x_wconf 95' lang='lat'>5.</span> <span class='ocrx_word' id='word_1_465' title='bbox 1219 2103 1327 2149; x_wconf 81' lang='lat' dir='ltr'>Super</span> <span class='ocrx_word' id='word_1_466' title='bbox 1354 2116 1391 2138; x_wconf 87' lang='lat' dir='ltr'>eo</span> <span class='ocrx_word' id='word_1_467' title='bbox 1420 2116 1502 2143; x_wconf 69' lang='lat' dir='ltr'>xero</span> <span class='ocrx_word' id='word_1_468' title='bbox 1535 2102 1617 2150; x_wconf 84' lang='lat' dir='ltr'>quod</span> <span class='ocrx_word' id='word_1_469' title='bbox 1647 2103 1675 2137; x_wconf 93' lang='lat' dir='ltr'>in</span> <span class='ocrx_word' id='word_1_470' title='bbox 1711 2103 1820 2137; x_wconf 78' lang='lat' dir='ltr'>eodem</span> <span class='ocrx_word' id='word_1_471' title='bbox 1852 2109 1879 2129; x_wconf 69' lang='lat'>¹¹¹³</span> <span class='ocrx_word' id='word_1_472' title='bbox 1889 2110 1943 2160; x_wconf 60' lang='grc' dir='ltr'>ὼ</span> <span class='ocrx_word' id='word_1_473' title='bbox 1962 2114 2022 2129; x_wconf 72' lang='lat'>0¹¹¹-11</span> 
     </span>
     <span class='ocr_line' id='line_1_91' title="bbox 1067 2147 2018 2200; baseline 0.002 -13"><span class='ocrx_word' id='word_1_474' title='bbox 1067 2160 1183 2187; x_wconf 88' lang='lat' dir='ltr'>statuto</span> <span class='ocrx_word' id='word_1_475' title='bbox 1217 2154 1357 2197; x_wconf 67' lang='lat' dir='ltr'>dieitur7</span> <span class='ocrx_word' id='word_1_476' title='bbox 1396 2153 1481 2200; x_wconf 84' lang='lat' dir='ltr'>qnod</span> <span class='ocrx_word' id='word_1_477' title='bbox 1516 2152 1743 2187; x_wconf 81' lang='lat' dir='ltr'>convenientes</span> <span class='ocrx_word' id='word_1_478' title='bbox 1783 2147 1892 2191; x_wconf 48' lang='lat' dir='ltr'>adfinis</span> <span class='ocrx_word' id='word_1_479' title='bbox 1915 2147 2018 2191; x_wconf 47' lang='lat' dir='ltr'>„W&#39;i&#39;s&#39;s</span> 
     </span>
    </p>
   </div>
   <div class='ocr_carea' id='block_1_13' title="bbox 1067 2201 1879 2445">
    <p class='ocr_par' dir='ltr' id='par_1_15' title="bbox 1067 2201 1879 2445">
     <span class='ocr_line' id='line_1_92' title="bbox 1068 2201 1879 2249; baseline 0.003 -15"><span class='ocrx_word' id='word_1_480' title='bbox 1068 2201 1148 2236; x_wconf 70' lang='lat' dir='ltr'>dnta</span> <span class='ocrx_word' id='word_1_481' title='bbox 1177 2202 1312 2249; x_wconf 84' lang='lat' dir='ltr'>capitula</span> <span class='ocrx_word' id='word_1_482' title='bbox 1343 2202 1433 2236; x_wconf 77' lang='lat' dir='ltr'>iiiam</span> <span class='ocrx_word' id='word_1_483' title='bbox 1463 2202 1579 2236; x_wconf 80' lang='lat' dir='ltr'>ducant</span> <span class='ocrx_word' id='word_1_484' title='bbox 1606 2214 1821 2240; x_wconf 85' lang='lat' dir='ltr'>communem</span> <span class='ocrx_word' id='word_1_485' title='bbox 1837 2202 1879 2222; x_wconf 87' lang='lat'>¹¹¹</span> 
     </span>
     <span class='ocr_line' id='line_1_93' title="bbox 1067 2251 1820 2298; baseline 0.003 -14"><span class='ocrx_word' id='word_1_486' title='bbox 1067 2259 1095 2285; x_wconf 77' lang='lat' dir='ltr'>et</span> <span class='ocrx_word' id='word_1_487' title='bbox 1126 2252 1237 2286; x_wconf 78' lang='lat' dir='ltr'>l&#39;aeiant</span> <span class='ocrx_word' id='word_1_488' title='bbox 1270 2252 1545 2298; x_wconf 85' lang='lat' dir='ltr'>proportionaliter</span> <span class='ocrx_word' id='word_1_489' title='bbox 1580 2251 1673 2285; x_wconf 86' lang='lat' dir='ltr'>simul</span> <span class='ocrx_word' id='word_1_490' title='bbox 1708 2264 1820 2286; x_wconf 86' lang='lat' dir='ltr'>omnes</span> 
     </span>
     <span class='ocr_line' id='line_1_94' title="bbox 1067 2301 1822 2347; baseline 0.001 -13"><span class='ocrx_word' id='word_1_491' title='bbox 1067 2313 1231 2347; x_wconf 73' lang='lat' dir='ltr'>expensas,</span> <span class='ocrx_word' id='word_1_492' title='bbox 1253 2303 1282 2335; x_wconf 90' lang='lat' dir='ltr'>id</span> <span class='ocrx_word' id='word_1_493' title='bbox 1304 2301 1434 2347; x_wconf 77' lang='lat' dir='ltr'>intelligi</span> <span class='ocrx_word' id='word_1_494' title='bbox 1452 2302 1610 2344; x_wconf 82' lang='lat' dir='ltr'>volumus,</span> <span class='ocrx_word' id='word_1_495' title='bbox 1625 2303 1727 2347; x_wconf 84' lang='lat' dir='ltr'>quoad</span> <span class='ocrx_word' id='word_1_496' title='bbox 1753 2313 1822 2347; x_wconf 88' lang='lat' dir='ltr'>pro-</span> 
     </span>
     <span class='ocr_line' id='line_1_95' title="bbox 1069 2350 1819 2398; baseline 0 -15"><span class='ocrx_word' id='word_1_497' title='bbox 1069 2351 1209 2385; x_wconf 81' lang='lat' dir='ltr'>vincialia</span> <span class='ocrx_word' id='word_1_498' title='bbox 1236 2350 1385 2398; x_wconf 79' lang='lat' dir='ltr'>capitula,</span> <span class='ocrx_word' id='word_1_499' title='bbox 1414 2351 1438 2385; x_wconf 87' lang='lat' dir='ltr'>si</span> <span class='ocrx_word' id='word_1_500' title='bbox 1477 2351 1536 2385; x_wconf 84' lang='lat' dir='ltr'>boc</span> <span class='ocrx_word' id='word_1_501' title='bbox 1563 2350 1732 2384; x_wconf 89' lang='lat' dir='ltr'>commode</span> <span class='ocrx_word' id='word_1_502' title='bbox 1755 2350 1819 2385; x_wconf 83' lang='lat' dir='ltr'>lieri</span> 
     </span>
     <span class='ocr_line' id='line_1_96' title="bbox 1069 2401 1178 2445; baseline 0.021 -13"><span class='ocrx_word' id='word_1_503' title='bbox 1069 2401 1178 2445; x_wconf 80' lang='lat' dir='ltr'>possit.</span> 
     </span>
    </p>
   </div>
   <div class='ocr_carea' id='block_1_14' title="bbox 1116 2448 2022 2541">
    <p class='ocr_par' dir='ltr' id='par_1_16' title="bbox 1116 2448 2022 2541">
     <span class='ocr_line' id='line_1_97' title="bbox 1116 2448 2022 2516; baseline -0.002 -33"><span class='ocrx_word' id='word_1_504' title='bbox 1116 2454 1130 2492; x_wconf 61' lang='grc' dir='ltr'>ξ</span> <span class='ocrx_word' id='word_1_505' title='bbox 1159 2452 1190 2483; x_wconf 65' lang='grc'>4</span> <span class='ocrx_word' id='word_1_506' title='bbox 1219 2449 1386 2483; x_wconf 82' lang='lat' dir='ltr'>Caeterum</span> <span class='ocrx_word' id='word_1_507' title='bbox 1406 2449 1493 2490; x_wconf 80' lang='lat' dir='ltr'>illud,</span> <span class='ocrx_word' id='word_1_508' title='bbox 1517 2448 1601 2496; x_wconf 84' lang='lat' dir='ltr'>quod</span> <span class='ocrx_word' id='word_1_509' title='bbox 1631 2449 1660 2482; x_wconf 93' lang='lat' dir='ltr'>in</span> <span class='ocrx_word' id='word_1_510' title='bbox 1684 2448 1821 2495; x_wconf 88' lang='lat' dir='ltr'>capitulo</span> <span class='ocrx_word' id='word_1_511' title='bbox 1849 2458 2022 2516; x_wconf 47' lang='grc' dir='ltr'>ῠοςιιὲαὲειὲιιιυ</span> 
     </span>
     <span class='ocr_line' id='line_1_98' title="bbox 1971 2498 1992 2511; baseline 0 0"><span class='ocrx_word' id='word_1_512' title='bbox 1971 2498 1992 2511; x_wconf 72' lang='lat' dir='ltr'>ld</span> 
     </span>
     <span class='ocr_line' id='line_1_99' title="bbox 1835 2522 1968 2541; baseline 0.009 -1"><span class='ocrx_word' id='word_1_513' title='bbox 1835 2522 1902 2541; x_wconf 74' lang='lat' dir='ltr'>studia</span> <span class='ocrx_word' id='word_1_514' title='bbox 1912 2525 1929 2541; x_wconf 81' lang='lat' dir='ltr'>tr</span> <span class='ocrx_word' id='word_1_515' title='bbox 1933 2528 1968 2541; x_wconf 75' lang='lat' dir='ltr'>au</span> 
     </span>
    </p>
   </div>
   <div class='ocr_carea' id='block_1_15' title="bbox 274 2548 1905 2596">
    <p class='ocr_par' dir='ltr' id='par_1_17' title="bbox 274 2548 1905 2596">
     <span class='ocr_line' id='line_1_100' title="bbox 274 2548 1905 2596; baseline -0.001 -14"><span class='ocrx_word' id='word_1_516' title='bbox 274 2549 376 2589; x_wconf 82' lang='lat' dir='ltr'>dictis,</span> <span class='ocrx_word' id='word_1_517' title='bbox 395 2550 424 2582; x_wconf 91' lang='lat' dir='ltr'>in</span> <span class='ocrx_word' id='word_1_518' title='bbox 446 2549 563 2596; x_wconf 85' lang='lat' dir='ltr'>quibus</span> <span class='ocrx_word' id='word_1_519' title='bbox 585 2549 677 2583; x_wconf 82' lang='lat' dir='ltr'>debet</span> <span class='ocrx_word' id='word_1_520' title='bbox 706 2549 826 2583; x_wconf 85' lang='lat' dir='ltr'>dietum</span> <span class='ocrx_word' id='word_1_521' title='bbox 852 2548 1023 2595; x_wconf 83' lang='lat' dir='ltr'>capitulum</span> <span class='ocrx_word' id='word_1_522' title='bbox 1066 2551 1187 2582; x_wconf 75' lang='lat' dir='ltr'>neratia</span> <span class='ocrx_word' id='word_1_523' title='bbox 1215 2550 1329 2583; x_wconf 74' lang='lat' dir='ltr'>Studia</span> <span class='ocrx_word' id='word_1_524' title='bbox 1364 2550 1604 2582; x_wconf 76' lang='lat' dir='ltr'>trausim&#39;etemli&#39;s</span> <span class='ocrx_word' id='word_1_525' title='bbox 1640 2548 1722 2582; x_wconf 89' lang='lat' dir='ltr'>circa</span> <span class='ocrx_word' id='word_1_526' title='bbox 1751 2548 1820 2582; x_wconf 84' lang='lat' dir='ltr'>eius</span> <span class='ocrx_word' id='word_1_527' title='bbox 1836 2553 1905 2572; x_wconf 71' lang='lat'>‘⁰¹¹¹</span> 
     </span>
    </p>
   </div>
   <div class='ocr_carea' id='block_1_16' title="bbox 1069 2499 1821 2545">
    <p class='ocr_par' dir='ltr' id='par_1_18' title="bbox 1069 2499 1821 2545">
     <span class='ocr_line' id='line_1_101' title="bbox 1069 2499 1821 2545; baseline 0 -14"><span class='ocrx_word' id='word_1_528' title='bbox 1069 2500 1173 2545; x_wconf 88' lang='lat' dir='ltr'>posito</span> <span class='ocrx_word' id='word_1_529' title='bbox 1196 2499 1256 2532; x_wconf 81' lang='lat' dir='ltr'>sub</span> <span class='ocrx_word' id='word_1_530' title='bbox 1279 2499 1401 2533; x_wconf 76' lang='lat' dir='ltr'>rubrica</span> <span class='ocrx_word' id='word_1_531' title='bbox 1426 2500 1471 2532; x_wconf 81' lang='lat' dir='ltr'>De</span> <span class='ocrx_word' id='word_1_532' title='bbox 1497 2500 1686 2532; x_wconf 76' lang='lat' dir='ltr'>studentibus</span> <span class='ocrx_word' id='word_1_533' title='bbox 1706 2500 1749 2532; x_wconf 83' lang='lat' dir='ltr'>ad</span> <span class='ocrx_word' id='word_1_534' title='bbox 1773 2511 1821 2543; x_wconf 75' lang='lat' dir='ltr'>ye-</span> 
     </span>
    </p>
   </div>
   <div class='ocr_carea' id='block_1_17' title="bbox 1069 2597 1819 2645">
    <p class='ocr_par' dir='ltr' id='par_1_19' title="bbox 1069 2597 1819 2645">
     <span class='ocr_line' id='line_1_102' title="bbox 1069 2597 1819 2645; baseline 0.003 -16"><span class='ocrx_word' id='word_1_535' title='bbox 1069 2599 1256 2645; x_wconf 80' lang='lat' dir='ltr'>principium</span> <span class='ocrx_word' id='word_1_536' title='bbox 1277 2598 1473 2632; x_wconf 80' lang='lat' dir='ltr'>continetur:</span> <span class='ocrx_word' id='word_1_537' title='bbox 1492 2598 1635 2632; x_wconf 79' lang='lat' dir='ltr'>videlicet</span> <span class='ocrx_word' id='word_1_538' title='bbox 1650 2597 1736 2644; x_wconf 81' lang='lat' dir='ltr'>quod</span> <span class='ocrx_word' id='word_1_539' title='bbox 1754 2597 1819 2631; x_wconf 86' lang='lat' dir='ltr'>loca</span> 
     </span>
    </p>
   </div>
   <div class='ocr_carea' id='block_1_18' title="bbox 273 2646 1821 2695">
    <p class='ocr_par' dir='ltr' id='par_1_20' title="bbox 273 2646 1821 2695">
     <span class='ocr_line' id='line_1_103' title="bbox 273 2646 1821 2695; baseline -0.001 -14"><span class='ocrx_word' id='word_1_540' title='bbox 273 2647 357 2694; x_wconf 89' lang='lat' dir='ltr'>quod</span> <span class='ocrx_word' id='word_1_541' title='bbox 375 2648 643 2682; x_wconf 76' lang='lat' dir='ltr'>administratores</span> <span class='ocrx_word' id='word_1_542' title='bbox 659 2648 847 2695; x_wconf 74' lang='lat' dir='ltr'>principales</span> <span class='ocrx_word' id='word_1_543' title='bbox 869 2648 1024 2681; x_wconf 70' lang='lat' dir='ltr'>{lictorum</span> <span class='ocrx_word' id='word_1_544' title='bbox 1068 2647 1213 2681; x_wconf 75' lang='lat' dir='ltr'>babentia</span> <span class='ocrx_word' id='word_1_545' title='bbox 1237 2655 1306 2680; x_wconf 76' lang='lat' dir='ltr'>neto</span> <span class='ocrx_word' id='word_1_546' title='bbox 1329 2646 1821 2695; x_wconf 74' lang='lat' dir='ltr'>monaeliosaliisprincipalibus</span> 
     </span>
    </p>
   </div>
   <div class='ocr_carea' id='block_1_19' title="bbox 1836 275 2018 302">
    <p class='ocr_par' dir='ltr' id='par_1_21' title="bbox 1836 275 2018 302">
     <span class='ocr_line' id='line_1_104' title="bbox 1836 275 2018 302; baseline 0 -2"><span class='ocrx_word' id='word_1_547' title='bbox 1836 276 1883 301; x_wconf 88' lang='grc' dir='ltr'>Λιι.</span> <span class='ocrx_word' id='word_1_548' title='bbox 1902 275 1930 301; x_wconf 74' lang='grc' dir='ltr'>(ἶ,</span> <span class='ocrx_word' id='word_1_549' title='bbox 1950 275 2018 302; x_wconf 68' lang='lat' dir='ltr'>tzno</span> 
     </span>
    </p>
   </div>
  </div>
 </body>
</html>
