2274 3265
111 282 159 309 An.
178 282 204 309 C.
228 283 292 309 1536

118 1329 214 1350 Definitio
232 1335 286 1349 cirta

105 1362 205 1381 damnati(
213 1366 259 1380 neni
269 1366 288 1379 a?

105 1398 205 1412 ritmorum

104 1424 223 1443 ‘edentium
268 1428 286 1441 ιιι

106 1457 192 1480 motato
231 1459 286 1473 ιιιειιἶ

119 1907 233 1928 Protiibitm
252 1907 287 1927 ali-

106 1942 137 1959 ter
153 1940 246 1959 tenendi.

123 2474 207 2495 Sanctio
240 2479 294 2500 poe-

111 2506 171 2526 natis.

914 283 1111 307 BENEDICTUS
1133 284 1182 307 xu
1209 285 1259 307 1³1³.

306 340 353 373 sic
378 338 519 373 videntes
549 339 657 373 eadem
694 339 799 373 divina
820 338 957 374 essentia
987 350 1059 385 per-

308 388 466 421 fruuntur.
494 388 623 423 Necnon
646 388 730 434 quod
754 401 790 423 ex
819 388 870 422 tali
895 388 1012 423 visione
1028 395 1058 421 et

307 436 455 471 fruitione
477 450 588 472 eorum
612 439 735 472 animae
750 466 758 476 ,
786 438 838 483 qui
862 438 922 471 iam
945 437 1057 471 deces-

306 494 425 525 serunt,
448 496 520 521 sunt
546 499 615 522 vere
639 487 759 529 beatae,
773 493 803 520 et
827 486 941 520 liabent
965 487 1055 520 vitam

306 543 335 569 et
371 536 512 583 requiem
541 545 712 578 aeternam,
742 544 773 569 et
792 544 884 570 erunt
907 534 1056 578 illorum,

306 586 358 631 qui
384 594 490 631 postea
519 585 684 629 decedent,
708 597 781 620 curn
809 585 952 619 eamdem
975 584 1057 618 divi-

307 647 378 669 nam
410 635 560 669 videbunt
587 634 782 673 essentiam,
819 635 949 681 ipsaque
978 647 1057 681 per·-

307 683 451 718 fruentur
466 693 536 718 aute
559 683 710 718 iudiciuin
734 683 890 729 generale.
909 683 1054 730 Aequod

306 733 383 767 visio
412 733 593 768 huiusmodi
626 732 749 766 divinae
768 734 937 775 essentiae,
969 734 1056 767 eius-

304 795 365 828 que
401 782 521 825 fruitio,
556 791 643 817 actus
667 782 737 816 lidei
778 792 807 817 et
838 783 906 829 spei
941 783 970 816 in
1010 783 1056 816 eis

306 841 477 874 evacuant,
507 840 598 878 prout
626 832 705 866 lides
739 840 768 865 et
806 845 878 877 spes
913 833 1056 879 propriae

304 881 501 926 theologicae
523 890 597 915 suut
614 883 753 917 virtutes.
779 882 937 928 Quodque
963 891 1053 928 post—

303 943 397 977 quam
440 931 583 965 inchoata
612 930 706 965 fuerit
738 931 782 965 vet
814 933 873 965 erit
901 931 971 966 talis
1007 932 1056 965 in-

304 981 411 1014 tuitiva
433 993 469 1014 ae
497 980 616 1014 linei-alis
645 982 722 1015 visio
744 989 775 1014 et
807 980 912 1015 fruitio
935 983 964 1014 in
994 982 1056 1015 eis-

302 1029 386 1071 dem,
411 1031 519 1064 eadem
550 1030 626 1063 visio
661 1039 689 1064 et
729 1029 831 1064 fruitio
859 1031 925 1064 siue
953 1030 1054 1076 aliqua

304 1081 530 1113 intercessione
558 1092 612 1113 seu
645 1080 846 1113 evacuatione
878 1080 1054 1125 praedirum

304 1128 433 1163 visionis
455 1137 485 1163 et
509 1128 666 1162 fruitionis
690 1130 871 1163 continuata
901 1130 1001 1162 extitit
1026 1138 1054 1163 vt

302 1177 540 1212 continuabitur
569 1191 667 1224 usque
705 1178 741 1212 ad
767 1177 858 1211 liuale
892 1178 1054 1221 iudicium,

302 1236 331 1260 et
354 1240 391 1261 ex
416 1236 492 1262 tunc
515 1239 614 1274 usque
637 1228 666 1261 in
696 1228 936 1273 sempiternum.

351 1280 366 1319 5
394 1279 426 1310 4.
459 1277 638 1311 Definimus
666 1278 807 1322 insuper,
830 1277 911 1322 quod
941 1289 1055 1310 seeun-

304 1326 377 1359 dum
401 1325 459 1360 Dei
492 1326 726 1360 ordinationem
752 1338 968 1362 communem,
986 1326 1054 1359 ani-

305 1386 372 1408 mae
393 1375 616 1409 decedentium
632 1375 661 1408 iu
685 1376 796 1409 actuali
822 1383 950 1421 peccato
971 1388 1055 1409 mor-

304 1424 367 1466 tali,
400 1437 471 1459 mox
501 1433 571 1471 post
598 1425 731 1459 morteui
754 1438 842 1458 suani
873 1426 909 1458 ad
935 1425 1054 1459 inferna

303 1474 512 1515 ‹li-scendunt,
537 1475 587 1508 ubi
612 1476 723 1521 poenis
747 1474 954 1510 infernalibus
980 1488 1056 1509 ern—

302 1524 435 1564 ciantur,
458 1532 487 1558 et
520 1525 604 1571 quod
642 1523 849 1559 nibilominus
877 1526 907 1558 in
935 1526 984 1559 die
1009 1526 1056 1558 iu-

302 1573 377 1607 dicii
393 1574 663 1608 omnesbomiues
685 1582 757 1608 auto
781 1574 917 1608 tribuual
937 1574 1053 1609 Christi

302 1640 373 1662 cum
407 1630 473 1662 suis
500 1628 688 1674 corporibus
711 1628 951 1675 comparebunt,
985 1629 1056 1663 red—

302 1682 396 1717 dituri
420 1683 459 1716 de
482 1682 571 1717 factis
594 1683 728 1730 propriis
753 1683 920 1723 rationem,
946 1691 976 1717 ut
1006 1697 1056 1718 re-

302 1737 376 1771 ferat
400 1738 619 1785 unusquisque
644 1738 767 1784 propria
787 1739 940 1785 corporis,
965 1749 1056 1786 prout

300 1792 408 1837 gessit,
436 1792 502 1826 sive
526 1792 658 1830 bonum,
686 1793 750 1827 sive
779 1794 905 1827 malum.

351 1849 365 1889 g
398 1847 431 1879 55.
463 1846 688 1886 Decernentes,
725 1847 900 1893 praedictas
935 1856 1057 1883 nostras

304 1900 501 1935 definitiones
512 1914 565 1935 seu
580 1901 858 1935 determinationes
873 1910 901 1935 et
917 1903 1054 1949 ipsarum

303 1954 444 2000 singulas
469 1955 508 1988 ab
531 1955 680 1989 omnibus
698 1955 843 1989 Iidelibus
860 1969 928 1990 esse
946 1965 1057 1991 teneu-

304 2009 369 2043 das.
404 2009 606 2056 Quicumque
628 2017 732 2043 autem
757 2009 907 2056 deinceps
931 2011 1056 2057 praedi-

304 2070 424 2097 ctarum
449 2072 624 2097 nostrarum
646 2064 866 2098 definitionum
887 2077 942 2099 seu
957 2064 1059 2098 deter-

305 2116 512 2151 minationum
536 2130 571 2151 ae
594 2116 790 2162 singularum
821 2118 959 2163 ipsarum
981 2132 1059 2153 cou-

305 2171 434 2205 trarium
470 2171 604 2205 scienter
636 2180 665 2205 et
699 2173 899 2218 pertinaciter
934 2181 1058 2211 tenere,

306 2234 458 2262 asserere,
487 2225 694 2270 praedicare,
717 2226 832 2260 docere
864 2234 917 2260 aut
949 2226 1059 2261 defen-

306 2279 379 2312 dere
420 2278 513 2312 verbo
551 2279 595 2312 vet
632 2280 748 2326 scripto
791 2282 1058 2326 praesumpserit,

306 2341 412 2366 contra
436 2344 506 2365 eum
523 2333 604 2366 sieut
626 2342 733 2368 contra
754 2334 946 2368 haereticum
965 2335 1059 2369 modo

307 2386 412 2421 debito
440 2386 639 2433 procedatur.

357 2444 371 2483 5
399 2440 430 2474 6.
460 2439 542 2473 ΝυΙΙι
567 2453 643 2486 ergo
672 2440 835 2474 homiuum
867 2439 957 2475 liceat
981 2442 1060 2476 lianc

310 2495 455 2540 paginam
483 2503 607 2528 nostrae
630 2494 881 2535 constitutionis,
908 2503 959 2528 etc.

359 2548 427 2582 Dat.
457 2547 634 2591 minione,
665 2551 684 2582 2'4
715 2548 863 2582 kalendas
888 2548 1033 2583 februarii
1053 2577 1060 2589 ,

310 2610 394 2648 pont.
418 2602 520 2637 ,nostri
544 2615 627 2636 anuo
650 2606 682 2636 2.

348 2663 408 2693 Dat.
427 2663 473 2694 die
496 2664 533 2694 29
552 2664 677 2694 ianuarii
700 2664 876 2703 1335,1›0ni.
896 2674 973 2695 anuo
992 2674 1020 2695 u.

1734 277 1801 310 547

1446 341 1497 375 VI.

1101 420 1323 454 Ordinationes
1360 429 1385 453 ee
1419 423 1650 465 reformationes
1682 435 1740 468 pro
1774 424 1851 458 bono

1148 470 1294 513 regimine
1318 481 1515 504 monacorum
1538 471 1710 516 Nigrorum
1732 473 1850 506 ordinis

1148 518 1183 551 S.
1209 518 1376 552 Benedicti.

1370 587 1584 621 SUMMARIUM

1098 663 1287 694 Prooemuun.
1311 681 1349 686 —-
1373 666 1395 693 l.
1427 664 1547 694 Sanctio
1568 667 1685 695 concilii
1706 668 1851 703 generalls

1138 707 1173 737 de
1185 709 1334 737 communi
1347 708 1485 738 abbatum
1500 709 1626 739 concilio
1649 711 1802 740 servanda.
1815 728 1853 735 —-

1136 753 1206 790 Cap.
1221 752 1239 781 l.
1254 751 1291 782 De
1310 753 1448 791 capitulis
1462 754 1704 786 provincialibus.
1715 769 1755 777 -—
1767 754 1800 784 Il.
1814 755 1852 785 De

1138 796 1353 827 visitatoribus.
1371 814 1410 820 —
1433 797 1480 827 Ill.
1506 797 1544 827 De
1564 799 1701 836 rapitutis
1724 806 1851 836 genera-

1139 842 1227 877 libus,
1252 846 1280 871 et
1298 841 1457 872 reddendis
1481 843 1656 872 rationibus.
1682 859 1722 866 -—
1746 842 1792 873 IV.
1814 843 1853 874 De

1138 887 1389 917 subventionibus
1407 891 1435 917 et
1457 887 1601 917 collectis.
1623 903 1662 910 --
1688 885 1720 918 V.
1739 888 1777 919 De
1800 899 1851 920 ca·-

1139 932 1240 970 pitulis
1264 932 1455 971 quotidianis.
1482 949 1521 955 —-
1542 932 1586 962 VI.
1608 931 1647 962 De
1671 934 1789 965 studiis.
1816 951 1855 960 -

1137 975 1195 1005 VII.
1224 976 1261 1006 De
1295 976 1485 1006 studentibus
1514 977 1548 1006 ad
1576 977 1725 1015 generalia
1750 976 1852 1009 Studia

1139 1020 1299 1050 mittendis.
1315 1038 1353 1043 —
1369 1019 1440 1050 VIII.
1454 1020 1492 1050 De
1510 1020 1706 1059 pensionibus
1731 1024 1854 1054 Studen-

1139 1066 1220 1094 tium.
1240 1082 1279 1086 —-
1297 1065 1334 1094 De
1359 1065 1565 1103 promovendis
1585 1066 1619 1094 ad
1642 1066 1853 1097 baccalaurea·

1139 1112 1209 1145 tum,
1229 1109 1446 1146 magisterium,
1466 1113 1514 1138 ele.
1541 1126 1579 1131 -—
1602 1107 1645 1138 IX.
1666 1108 1703 1139 De
1724 1112 1854 1146 mutuis.

1139 1153 1358 1183 venditionibusv
1378 1154 1523 1192 sylvarum
1555 1158 1582 1182 et
1605 1155 1852 1185 concessionibus

1139 1196 1258 1226 iurium.
1274 1214 1313 1219 —
1337 1197 1368 1227 X.
1391 1197 1429 1226 [ie
1447 1198 1522 1227 lictis
1552 1202 1578 1226 et
1601 1197 1713 1227 dolosis
1737 1204 1855 1228 contra-

1137 1240 1247 1270 ctibus.
1270 1259 1308 1264 -
1332 1241 1374 1271 XI.
1394 1241 1498 1271 Forma
1524 1242 1679 1271 iuramenti
1703 1252 1717 1271 a
1742 1245 1854 1281 praela-

1139 1287 1174 1314 tis
1198 1287 1377 1323 praestandi.
1394 1303 1432 1308 —-
1456 1285 1513 1315 XII.
1533 1285 1571 1315 De
1594 1286 1709 1322 spoliis.
1727 1303 1765 1309 --
1783 1286 1853 1319 XIII.

1138 1329 1176 1358 De
1196 1331 1370 1359 inventuriis
1393 1341 1407 1358 a
1432 1329 1639 1367 superioribus
1660 1331 1791 1361 locorum
1814 1333 1855 1362 sa-

1138 1375 1262 1404 ciendis.
1280 1390 1319 1396 -—-
1334 1374 1403 1404 XIV.
1423 1374 1461 1404 De
1482 1374 1553 1403 locis
1572 1383 1630 1404 non
1650 1375 1800 1406 tradendis
1818 1379 1854 1408 ad

1139 1420 1252 1449 firmam
1273 1420 1329 1448 nisi
1347 1429 1412 1456 cuin
1431 1424 1508 1448 certa
1529 1419 1725 1449 solemnitate.
1741 1437 1779 1443 —
1797 1420 1852 1451 XV.

1138 1463 1176 1492 oe
1201 1464 1363 1502 privilegiis
1383 1469 1408 1493 et
1433 1464 1522 1493 rebus
1550 1463 1617 1493 aliis
1638 1473 1694 1494 non
1720 1467 1854 1498 tenendis

1138 1514 1216 1537 extra
1246 1509 1307 1538 loca
1333 1509 1636 1538 administrationum.
1660 1527 1698 1532 -—
1718 1509 1788 1540 XVI.
1815 1510 1854 1541 De

1138 1551 1292 1582 monacbis
1314 1557 1342 1582 et
1365 1553 1517 1582 conversis
1537 1553 1742 1592 proprietariis
1763 1561 1789 1585 et
1806 1566 1855 1586 ne*

1138 1597 1342 1634 gotiatoribus.
1366 1614 1403 1619 —-
1421 1595 1504 1627 XVII.
1526 1597 1567 1627 Ne
1587 1599 1723 1629 victualia
1744 1600 1772 1630 in
1800 1611 1853 1640 pe-

1138 1643 1223 1672 cunia
1237 1643 1452 1673 ministrentur.
1466 1640 1612 1672 -XVIIL
1628 1642 1668 1673 Ne
1685 1645 1854 1676 saeculares

1138 1689 1318 1726 deputentur
1336 1687 1370 1717 ad
1388 1688 1494 1717 victum
1514 1688 1667 1717 monachis
1686 1689 1854 1720 ministran-

1139 1734 1219 1769 dum,
1238 1742 1291 1762 nec
1311 1733 1446 1762 monac-lii
1466 1732 1588 1762 alterius
1611 1734 1782 1764 monasterii
1805 1741 1855 1765 aut

1138 1778 1262 1807 ordinis.
1280 1794 1319 1799 —
1336 1776 1404 1806 xix.
1427 1776 1467 1806 Ne
1488 1776 1628 1806 mulieres
1649 1783 1802 1809 morentur
1824 1780 1853 1809 in

1140 1823 1339 1852 monasteriis.
1361 1839 1400 1844 -
1422 1821 1476 1851 XX.
1500 1821 1541 1851 Ne
1565 1823 1701 1852 monachi
1724 1824 1856 1854 nutriant

1140 1869 1181 1897 vel
1206 1871 1324 1896 teneant
1348 1866 1486 1896 animalia
1511 1871 1561 1896 aut
1587 1866 1676 1896 laicos
1703 1867 1732 1896 in
1756 1877 1856 1898 mona·

1140 1911 1248 1941 steriis.
1280 1928 1319 1933 —-
1341 1910 1409 1940 XXI.
1431 1910 1471 1940 De
1495 1910 1645 1940 solvendis
1669 1911 1810 1943 censibus
1828 1918 1856 1943 et

1140 1955 1304 1985 redditibus
1325 1965 1374 1992 pro
1403 1955 1550 1984 alimentis
1572 1955 1795 1986 monachorum.
1817 1974 1856 1979 —

1139 1999 1219 2029 XXII.
1234 1999 1274 2029 De
1290 2000 1457 2037 receptione
1476 1999 1696 2028 monachorum.
1712 1999 1855 2031 —xxtu

1141 2043 1178 2074 De
1204 2044 1293 2073 forma
1320 2049 1345 2073 et
1369 2044 1522 2073 honestate
1546 2044 1681 2072 vestium.
1704 2061 1741 2066 -
1762 2042 1854 2075 XXIV.

1141 2088 1179 2118 [le
1203 2089 1330 2118 licentiis
1348 2092 1424 2117 extra
1445 2087 1623 2116 monasteria
1644 2087 1767 2117 exeundi
1786 2091 1856 2118 rian-

1141 2132 1204 2169 dis3
1227 2136 1253 2161 et
1277 2132 1311 2161 de
1342 2132 1444 2168 poenis
1476 2135 1684 2169 apostatarum.
1713 2149 1751 2154 ——
1776 2130 1856 2162 XXV.

1141 2176 1179 2206 De
1211 2177 1365 2206 monacbis
1395 2177 1429 2206 ad
1464 2175 1606 2205 beneficia
1639 2176 1799 2211 inittendis;
1828 2181 1856 2207 et

1141 2222 1226 2251 modo
1249 2221 1444 2251 conversandi
1463 2221 1490 2249 in
1511 2221 1563 2249 eis⁴
1577 2236 1617 2242 ·—
1634 2219 1728 2249 XXVI.
1745 2219 1785 2250 De
1803 2229 1855 2252 esu

1142 2268 1274 2297 carnium
1294 2271 1323 2295 et
1341 2264 1534 2295 abstinentia:
1556 2281 1593 2286 —
1611 2264 1650 2294 De
1672 2265 1855 2302 dormitorio,

1142 2312 1287 2350 modoque
1305 2310 1443 2340 cubandi.
1460 2326 1497 2331 --
1515 2307 1620 2339 XXVII.
1638 2308 1677 2338 De
1694 2310 1852 2340 missarum

1142 2355 1339 2384 celebratione
1368 2358 1396 2382 et
1419 2353 1628 2382 communione
1660 2358 1854 2384 caeterorum.

1140 2416 1180 2421 -—-
1194 2398 1313 2428 XXVIII.
1333 2398 1372 2428 De
1392 2398 1523 2427 custodia
1544 2403 1783 2427 ornamentorum
1803 2397 1856 2429 Ec-

1142 2443 1260 2478 clesiae,
1283 2448 1311 2472 et
1338 2443 1506 2481 provisione
1529 2441 1682 2471 librorum.
1705 2459 1743 2464 —
1763 2440 1854 2473 XXIX.

1143 2487 1180 2517 Ile
1200 2486 1319 2516 decanis
1343 2492 1368 2515 et
1390 2486 1573 2524 praepositis,
1597 2486 1721 2525 aliisque
1745 2487 1780 2516 ad
1803 2496 1853 2515 sa-

1143 2532 1303 2561 cerdotium
1324 2530 1539 2568 promovendis.
1557 2546 1596 2552 -—
1613 2529 1691 2560 XXX.
1713 2529 1752 2559 De
1772 2530 1855 2560 insti-

1143 2575 1252 2605 tuendo
1272 2575 1369 2613 priore
1388 2574 1550 2604 claustrali.
1569 2590 1608 2595 —
1628 2572 1720 2604 XXXI.
1740 2573 1778 2603 De
1794 2582 1855 2604 mo-

1143 2621 1246 2649 nachis
1269 2618 1470 2648 obtinentibus
1487 2618 1629 2648 beneficia
1654 2618 1682 2647 in
1706 2622 1856 2648 monaste-

1143 2666 1194 2694 riis
1228 2665 1344 2693 alienis.
1373 2680 1411 2686 —-
1442 2662 1544 2692 XXXII.
1579 2662 1616 2692 tie
1650 2662 1853 2692 obtinentibus

1869 286 1919 313 An.
1935 286 1964 313 C.
1986 286 2050 314 ¹536
