2274 3265
8 2949 11 3029 t

8 3032 11 3063 l

8 3066 11 3150 !

7 3154 12 3265 l

86 278 136 302 An.
154 274 180 300 C,
199 275 263 301 ¹295

281 334 312 361 et
339 327 435 362 robur
462 327 603 362 obtinere
637 326 903 362 incommutabilis
939 327 1032 361 lirmi-

282 377 362 417 tatis,
382 378 565 411 auctoritate
583 376 739 423 praedicta
759 376 931 411 districtius
950 376 1031 409 inlii-

282 426 405 481 bemus,
434 439 472 462 ne
499 426 614 474 aliquis
635 426 862 473 cuiuscumque
886 439 929 473 pi
922 426 1031 460 cemi-

282 477 419 515 nentiae‚
449 476 582 519 ordinis,
610 475 811 520 conditionis,
837 483 890 510 aut
921 483 1031 517 status,

281 526 403 560 etiamsi
426 526 595 573 episcopali
620 525 666 559 vel
693 524 953 572 archiepiscopali
977 537 1031 558 seu

282 576 365 622 regia
406 575 588 622 praefulgeat
632 574 802 620 dignitate,
847 573 1030 608 huiusmodi

283 625 512 660 ordinationem
532 624 624 659 Sedis
642 623 784 659 eiusdem
808 624 919 671 quovis
942 636 1033 671 quae-

283 675 343 709 sito
377 674 481 709 colore
522 674 567 708 vel
607 673 720 717 m0d0,
753 673 817 708 sive
853 686 945 708 causa
988 674 1031 708 vel

284 724 449 759 occasione
491 723 632 770 qualibet
669 723 865 760 adinventis„
906 722 1033 757 turbare

285 786 339 808 sen
377 772 613 820 quomodolibet
649 773 802 820 impedire
843 781 1031 819 praesumat.

285 823 350 858 Nos
371 822 453 857 enim
476 835 512 857 ex
536 835 621 857 nunc
639 823 760 858 irritum
784 822 986 857 decernimus
1005 831 1034 857 et

285 872 388 913 inane,
407 872 432 906 si
457 884 547 907 secus
569 884 667 919 super
685 873 744 908 hoc
764 885 818 920 per
840 884 1032 919 quemcum-

283 934 343 969 que
365 921 534 968 apostolica
564 922 611 956 vel
629 922 686 956 alia
714 922 824 969 quavis
851 921 1034 956 auctoritate

283 971 448 1018 contigerit
486 972 646 1006 attentari:
688 980 718 1006 et
757 970 963 1006 nihilominus
1003 972 1032 1006 in

283 1033 348 1065 eos,
366 1021 419 1067 qui
439 1033 477 1055 ex
496 1029 578 1055 certa
601 1021 728 1056 scientia
748 1021 939 1056 contrarium
960 1033 1035 1067 quo-

283 1071 327 1105 vis
349 1070 442 1105 modo
472 1072 751 1117 praesumpserint,
777 1072 1035 1106 excommunica-

283 1120 390 1163 tionis,
413 1120 636 1167 suspensionis
658 1128 688 1155 et
718 1120 874 1155 interdicti
903 1128 1034 1154 senten-

283 1171 356 1204 tiam
385 1170 643 1216 promulgamus,
671 1183 687 1204 a
723 1183 784 1217 qua
817 1169 942 1204 nonnisi
981 1182 1035 1216 per

282 1217 462 1253 Romanum
491 1219 675 1255 Pontificem
698 1219 905 1254 absolutionis
938 1218 1034 1253 bene-

284 1268 391 1303 ficium
414 1269 514 1303 valeat
533 1269 676 1304 obtineri.
700 1269 783 1303 Nulli
807 1281 882 1315 er<o
905 1270 1035 1304 omnino

285 1317 448 1353 hominum
478 1318 581 1363 liceat,
619 1319 700 1354 lianc
735 1320 879 1373 paginam
914 1326 1035 1353 nostra-

285 1380 353 1402 rum
373 1368 551 1423 erectionis,
570 1368 792 1423 insigriitioiiis,
813 1368 1033 1415 exemptionis,

283 1417 532 1459 constitutionis,
555 1419 781 1456 concessionis,
805 1418 957 1458 dationis,
980 1418 1034 1452 de-

284 1467 465 1513 putationis,
483 1468 684 1514 provisionis,
703 1467 902 1502 inhibitionis
918 1476 948 1502 et
967 1480 1035 1514 pro-

283 1517 485 1564 mulgationis
508 1517 690 1564 infringere,
715 1517 760 1551 vel
783 1518 810 1552 ei
834 1531 914 1552 ausu
939 1526 1034 1552 tome-

282 1567 362 1602 rario
384 1567 550 1602 contraire.
573 1566 605 1602 Si
629 1568 700 1614 quis
722 1574 826 1602 autem
849 1576 901 1602 etc.

332 1615 445 1652 Datum
468 1617 630 1663 Anagniae
654 1617 778 1652 decimo
801 1617 949 1652 kalendas
978 1630 1034 1651 au-

281 1667 376 1711 gusti,
405 1666 604 1713 pontificatus
627 1667 724 1701 nostri
752 1680 834 1701 anno
863 1668 972 1714 primo.

345 1728 406 1758 Dat.
430 1729 477 1759 die
492 1728 531 1758 23
546 1729 609 1759 iulii
629 1729 712 1766 1295,
730 1730 832 1769 pontif.
852 1739 927 1759 {inno
946 1739 962 1759 1.

624 1945 688 1980 Vll.

286 2034 377 2074 Ouod
399 2034 510 2077 fratres
528 2035 645 2067 ordinis
671 2034 707 2066 Β.
733 2034 855 2067 Mariae
872 2035 908 2066 de
933 2035 1034 2067 Monte

332 2083 470 2116 Carmelo
505 2085 609 2127 cappis
631 2084 709 2117 albis
735 2086 772 2117 de
798 2092 913 2117 caetero
941 2091 1033 2117 utan—

332 2140 393 2171 tur,
419 2134 553 2167 dimissis
575 2134 644 2167 aliis
671 2135 821 2166 nzanlelli's
844 2135 1034 2167 diuersorum

330 2184 463 2216 colorum
485 2185 540 2225 (1).

551 2261 763 2292 SUMMAtttUM

282 2324 448 2354 Exordium.
483 2341 520 2346 -—
554 2325 577 2353 1.
602 2323 704 2354 Petilio
727 2325 761 2354 ad
793 2324 973 2355 Pontificem,
997 2343 1034 2348 —

322 2369 348 2398 ⁶2.
374 2369 517 2399 Statutum
542 2369 661 2408 capituli
698 2370 845 2408 generalis
869 2371 904 2400 de
931 2371 1032 2410 cappis

322 2432 359 2436 —
382 2414 408 2444 3.
431 2415 625 2445 Confirmatur
643 2425 657 2444 a
683 2414 831 2445 Pontifice.

319 2478 357 2512 (t)
374 2477 513 2509 Ordinem,
532 2477 688 2513 regulasque
708 2478 910 2504 Carmelitarum
937 2478 1034 2505 contir-

284 2518 366 2544 mavit
381 2517 514 2544 Honorius
530 2517 563 2543 111
582 2517 642 2549 PR,
660 2518 901 2549 Constit.cxxv111,
915 2521 978 2545 tom.
994 2527 1032 2550 tn,

285 2566 342 2593 pag.
360 2558 421 2585 415.
443 2557 514 2591 Quas
534 2558 637 2593 regulas
648 2558 791 2584 declaravit
805 2559 974 2586 Innocentius
992 2557 1033 2591 tv,

285 2597 396 2625 Constit.
409 2600 624 2633 x1v‚ibid.‚pag.
638 2598 698 2624 555.
713 2597 764 2624 Illis
776 2606 840 2625 vero
856 2598 976 2626 diversas
989 2608 1035 2626 ve—

284 2640 364 2666 atium
380 2639 481 2674 speeies
496 2638 569 2664 iuxta
587 2638 707 2665 diversas
724 2639 748 2664 in
766 2638 865 2666 Ordine
881 2639 978 2674 gradus
994 2640 1035 2666 di-

284 2679 391 2706 stribuit
406 2678 553 2706 Alexander
562 2678 606 2711 tv,
619 2678 731 2705 Constit.
748 2687 804 2710 xvi,
818 2681 892 2711 ibid„
904 2687 962 2714 PQ-
972 2680 1032 2706 615.

882 272 1071 295 BONtFACtUs
1094 273 1150 294 Vttt
1176 273 1224 294 ΡΡ.

1705 265 1772 297 155
1839 275 1886 301 An.
1907 275 2014 301 01295

1072 330 1224 359 noniraoius
1248 331 1389 367 episcopus
1408 339 1504 362 servus
1531 340 1671 362 sorvorum
1695 333 1750 366 Det.
1782 334 1824 362 dt-

1117 379 1198 407 lectis
1216 379 1281 408 filiis
1297 381 1428 415 generati,
1445 383 1474 410 et
1493 383 1610 411 caeteris
1629 383 1766 419 prioribus
1796 385 1825 412 et

1118 428 1255 458 fratribus
1274 430 1377 459 ordinis
1405 430 1432 458 Β.
1452 432 1553 461 Mariae
1577 433 1608 461 de
1638 433 1729 463 Monte
1759 434 1824 463 Gar-

1117 478 1195 511 melo,
1218 479 1337 508 satutem
1356 481 1385 508 et
1404 481 1582 516 apostoticam
1601 482 1823 512 benedictionem-

1123 550 1214 586 lustis
1238 552 1412 598 petentium
1437 552 1604 588 desideriis
1625 554 1755 601 dignum
1779 564 1823 589 est
1871 569 1987 590 Ennium.

1076 617 1132 640 nos
1160 605 1281 640 facilem
1306 606 1454 653 praebere
1476 619 1679 653 consensum,
1695 618 1724 643 et
1744 619 1823 645 vota.

1074 669 1155 705 quae
1182 672 1197 694 a
1226 660 1354 694 rationis
1382 661 1504 695 tramite
1541 674 1601 695 non
1630 662 1824 707 discordant,

1075 712 1187 748 effectu
1217 722 1427 761 prosequente
1449 715 1622 762 complere.

1123 772 1138 810 ς’
1175 770 1205 802 1.
1241 767 1325 803 Sane
1352 768 1430 804 lecta
1466 781 1569 804 coram
1607 769 1698 805 nobis
1727 779 1824 805 vestra
1849 786 2025 808 mmmm<

1077 821 1184 867 petitio
1207 822 1398 863 continebat,
1426 823 1509 870 quod
1538 824 1612 858 olim
1648 824 1698 859 bo.
1733 818 1925 860 mern.¹¹fi‘''“'‘

1075 874 1186 911 Latino
1214 876 1336 912 Ostien.
1360 879 1521 925 episcopo,
1549 886 1580 913 et
1605 878 1757 915 Gervasio
1781 881 1826 914 tit.

1076 928 1108 963 S.
1137 930 1259 965 Martini
1296 931 1327 966 in
1362 931 1525 967 Montibus
1553 932 1736 980 presbytero
1765 947 1829 969 car-

1075 982 1172 1017 dinali
1207 984 1479 1030 significantibus,
1521 999 1574 1032 per
1609 999 1683 1021 suas
1723 987 1829 1023 literas

1077 1036 1157 1071 inter
1189 1037 1266 1073 alias
1300 1039 1511 1079 continentes,
1548 1041 1641 1087 priori
1676 1043 1827 1087 generali,

1076 1090 1271 1138 caeterisque
1313 1092 1460 1128 fratribus
1500 1094 1592 1129 vestri
1633 1094 1754 1129 ordinis
1795 1097 1826 1129 in

1075 1144 1213 1189 generali
1250 1158 1335 1181 nunc
1366 1147 1492 1182 instanti
1529 1147 1665 1194 capitulo
1698 1161 1830 1196 congre-

1075 1197 1204 1244 gandis,
1240 1200 1325 1246 quod
1349 1200 1398 1235 fel.
1431 1213 1527 1236 recor.
1557 1200 1717 1236 Honorius
1743 1202 1828 1250 Papa

1076 1250 1117 1284 lv
1145 1252 1367 1298 praedecessor
1395 1263 1511 1295 noster,
1536 1255 1575 1290 de
1598 1255 1728 1290 fratrum
1751 1269 1829 1291 suo-

1076 1318 1145 1340 rum
1171 1307 1314 1349 consilio,
1341 1310 1399 1350 eis,
1423 1310 1472 1357 pia
1496 1318 1525 1344 et
1560 1309 1686 1356 provida
1710 1311 1828 1347 delibe-

1077 1361 1196 1396 ratione
1228 1370 1438 1408 concesserat,
1467 1371 1499 1398 ut
1534 1375 1644 1398 eorum
1673 1364 1827 1407 habitum,

1075 1415 1139 1450 sive
1175 1416 1355 1452 varietatem
1387 1417 1488 1465 ipsius
1516 1418 1620 1453 minus
1651 1418 1828 1463 decentem,

1076 1479 1107 1504 et
1129 1471 1348 1518 displicentem
1372 1484 1468 1520 quam
1491 1472 1648 1520 pluribus,
1677 1474 1706 1508 in
1734 1474 1827 1510 alium

1076 1524 1238 1560 decentem
1261 1535 1482 1562 commutaret.

1124 1584 1139 1621 g*
1160 1581 1192 1612 2.
1218 1579 1368 1627 Idemque
1391 1581 1474 1628 prior
1490 1581 1645 1628 generalis
1666 1590 1694 1617 et
1719 1582 1827 1619 fratres
1855 1597 2027 1624 stat-numem-

1077 1634 1278 1679 postmodum
1305 1635 1334 1668 in
1361 1635 1499 1682 capitulo
1531 1638 1709 1683 congregati
1739 1629 2025 1687 prae-{ffissfffflhw

1075 1687 1172 1729 dicto,
1195 1688 1419 1725 deliberatione
1449 1703 1543 1737 super
1566 1693 1738 1727 mutatione
1768 1693 1827 1727 liu-

1076 1742 1210 1777 iusmodi
1239 1743 1418 1790 praehabita
1452 1744 1608 1791 diligenti,
1639 1747 1828 1782 unanimiter

1075 1803 1264 1843 statuerunt,
1287 1807 1320 1833 ut
1347 1811 1384 1834 ex
1408 1808 1483 1835 tunc
1505 1800 1619 1835 caeteri
1655 1801 1775 1848 priores
1798 1811 1828 1837 et

1075 1852 1185 1887 fratres
1219 1853 1318 1901 ipsius
1353 1856 1471 1890 ordinis
1498 1856 1655 1891 mantellis
1682 1856 1826 1893 diverso—

1076 1920 1144 1941 rum
1169 1909 1330 1952 colorum,
1358 1911 1474 1959 quibus
1508 1911 1551 1946 uti
1587 1923 1826 1956 consueverant,

1075 1968 1225 2008 dimissis,
1239 1968 1369 2003 omnino
1389 1967 1497 2015 cappis
1515 1966 1594 2001 albis
1618 1967 1647 2001 in
1668 1975 1826 2014 posterum

1077 2031 1249 2058 uterentur.

1124 2083 1138 2121 ἓ
1167 2082 1199 2113 5.
1231 2078 1295 2113 Νο5
1323 2078 1427 2124 itaque
1455 2075 1564 2110 vestris
1590 2076 1828 2123 supplicationi·
1856 2091 1992 2112 confirmatur
2015 2097 2025 2111 a

1076 2132 1135 2167 bus
1163 2133 1313 2171 inclinati,
1336 2131 1421 2178 quod
1449 2131 1528 2166 circa
1558 2130 1739 2165 huiusmodi
1762 2121 1951 2167 mti-P⁰‘¹'¹fi‘⁰'

1076 2187 1222 2222 tationem
1259 2186 1384 2221 habitus
1424 2186 1452 2220 in
1487 2186 1544 2220 liac
1579 2193 1665 2232 parte
1701 2186 1827 2232 provide

1076 2241 1189 2276 factum
1217 2249 1281 2281 est,
1316 2249 1413 2276 ratum
1446 2249 1475 2275 et
1506 2240 1630 2274 firmum
1665 2238 1825 2277 habentes,

1076 2295 1105 2330 id
1128 2297 1311 2330 auctoritate
1345 2295 1513 2342 apostolica
1539 2294 1774 2337 confirmamus,
1797 2303 1827 2327 et

1077 2350 1253 2396 praesentis
1267 2349 1373 2397 scripti
1392 2348 1564 2396 patrocinio
1579 2348 1824 2382 communimus.

1076 2403 1159 2438 Nulli
1183 2416 1257 2451 ergo
1285 2411 1337 2438 etc.

1126 2458 1239 2493 Datum
1278 2458 1397 2493 Romae
1435 2456 1516 2503 apud
1557 2456 1590 2491 S.
1626 2455 1755 2490 Petrum
1806 2458 1823 2488 7

1076 2513 1224 2548 kalendas
1259 2511 1452 2551 decembris,
1489 2510 1688 2558 pontificatus
1726 2510 1823 2544 nostri

1075 2581 1157 2603 anno
1181 2568 1290 2615 primo.

1109 2635 1168 2664 Dat.
1187 2635 1231 2664 die
1248 2634 1284 2662 25
1302 2632 1468 2662 novembris
1484 2632 1569 2668 1295,
1587 2636 1664 2671 pont.
1680 2641 1755 2662 anno
1772 2641 1789 2661 1.
