2274 3265
138 267 186 292 Αη.
206 266 234 291 C.
254 267 318 292 ¹⁴¹8

141 1156 206 1177 Set—nn
223 1159 268 1176 arta

128 1188 183 1207 ritat:

140 1306 248 1331 Quemque

127 1337 213 1360 omine,
235 1338 254 1356 iu
272 1343 311 1362 qun

127 1374 202 1387 novam
242 1374 293 1387 vnn‘

283 1158 312 1176 ir-

292 1306 310 1324 in

286 1371 311 1386 sil

136 1398 290 1425 prole-sionem
301 1414 305 1422 ,

127 1433 183 1450 stare
199 1433 308 1456 praec-ipit.

138 1895 207 1921 Vagus

239 1899 307 1916 autem

124 1927 149 1946 ad
173 1933 229 1946 suam
256 1927 308 1946 reli-

124 1960 206 1982 gionem
218 1958 260 1977 vult
272 1964 307 1977 re-

124 1995 203 2010 meare.

127 2575 306 2597 [inin-verounu-

286 2610 305 2627 'n

121 2614 457 2665 posterumwhit-cantium
486 2629 667 2665 huiusmodi
696 2631 732 2664 ad
756 2631 892 2677 aliquem
923 2635 1074 2666 monasti-

121 2609 182 2628 simm
208 2608 252 2628 sseii

975 269 997 291 M
1004 271 1019 291 A
1025 269 1140 291 ttTtNth
1163 268 1182 290 V
1206 270 1252 290 ΙΨ.

1759 260 1827 291 679

333 329 385 355 aut
414 321 508 367 recipi
545 334 598 368 per
620 322 761 368 aliquos,
785 323 877 357 etiam
906 324 1084 370 superiores
1126 335 1198 356 cum
1223 322 1389 366 Ordinem,
1408 323 1624 358 Cartbusiensi
1648 324 1808 359 dumtaxat
1828 336 1879 360 ex-

333 369 462 404 Ordinis
484 382 538 404 sen
558 372 736 405 monasterii
753 379 806 405 aut
829 372 885 406 loci
907 372 1082 411 monastici,

332 432 387 453 sou
429 418 504 453 alias
540 420 569 453 in
606 432 772 454 monacum
813 420 857 454 vel
893 421 921 454 in
956 420 1080 455 fratrem

331 468 464 502 alicuius
491 481 527 502 ex
559 468 733 503 Ordinibus
769 469 948 504 monasticis
971 482 1083 516 supra-

331 517 434 560 dietis,
451 516 496 551 vel
516 517 585 552 aliis
608 518 766 564 expressis
780 526 811 551 et
828 531 888 552 non
912 519 1081 565 expressis,

331 566 451 600 Ordine
486 565 703 601 Cartliusiensi
735 567 897 602 dumtaxat
927 577 1081 614 excepto,

331 615 389 649 snb
415 626 512 660 poena
549 616 908 660 excommunicationis,
932 616 961 650 in
986 629 1080 663 quam

332 672 391 697 tam
425 664 614 710 recipientes
645 677 739 711 quam
765 666 880 711 recepti
907 665 974 712 ipso
1002 666 1081 701 sacto

334 713 505 756 incurrant,
521 722 551 747 et
562 726 656 760 quam
670 727 707 748 ex
722 727 818 754 nunc,
833 722 924 761 prout
939 727 975 749 ex
996 723 1080 756 tunc,

331 770 438 796 eontra
462 763 635 808 quemlibet
659 772 921 808 transgressorem
945 776 1080 811 quomo-

330 811 447 844 dolibet
465 811 494 844 in
509 812 699 857 praemissis,
713 811 841 846 scientia
854 821 883 846 et
896 814 1080 848 auctoritate

331 860 488 905 praefatis,
513 860 702 906 proferimus
726 863 755 895 in
777 861 826 895 bis
845 863 983 909 scriptis,
1009 871 1039 897 et
1064 875 1079 897 a

330 909 466 948 nemine,
484 909 542 943 nisi
554 909 715 944 dumtaxat
728 923 744 944 a
756 910 900 945 Romano
916 912 1079 952 Pontifice,

331 966 549 1004 praeterquam
585 959 615 993 in
639 960 748 994 mortis
775 960 918 1001 articulo,
951 973 1080 996 excom-

329 1007 476 1041 municati
512 1007 692 1042 huiusmodi
718 1009 839 1054 possint
870 1009 1079 1045 absolutionis

329 1055 517 1090 beneficium
541 1057 779 1103 quomodolibet
801 1057 952 1093 obtinere.

377 1105 452 1151 §2-
477 1105 516 1139 Et
541 1106 747 1140 nibilominus
782 1119 874 1141 secus
909 1108 954 1142 vel
990 1108 1079 1142 aliter

329 1153 406 1188 sacta
430 1166 491 1188 non
517 1163 653 1195 teneant,
676 1165 705 1189 et
728 1156 846 1190 nullius
873 1157 1006 1191 existant
1033 1157 1079 1191 ef-

329 1202 467 1244 ficaciae,
492 1203 612 1238 roboris
635 1204 680 1239 vel
705 1205 869 1239 momenti.

376 1253 441 1299 55.
457 1252 671 1288 Decernentes
684 1254 776 1287 etiam
793 1263 822 1288 et
839 1254 979 1288 volentes
993 1254 1076 1301 quod

327 1301 351 1335 si
376 1301 446 1348 quis
469 1302 632 1342 bactenus,
653 1303 765 1336 virtute
780 1303 919 1337 cuiusvis
936 1303 1078 1337 licentiae

327 1363 381 1384 seu
402 1351 513 1385 indulti
535 1351 714 1386 huiusmodi
732 1351 843 1386 fuisset
867 1359 1012 1398 receptus
1039 1352 1076 1385 ad

326 1399 461 1446 aliquem
482 1401 691 1434 monasticum
709 1400 876 1441 Ordinem,
893 1410 921 1434 et
938 1400 1075 1434 babitum

325 1457 511 1483 consuetum
535 1449 648 1495 gestari
673 1462 727 1495 per
751 1462 901 1484 monacos
925 1450 994 1484 talis
1021 1449 1078 1483 Or-

324 1497 409 1531 dinis
429 1499 632 1544 suscepisset,
655 1499 719 1532 sive
747 1499 974 1544 professionem
998 1498 1077 1532 emi-

324 1547 397 1580 serit
431 1547 495 1581 sive
523 1559 598 1588 non,
621 1547 680 1581 sub
700 1547 780 1581 dicta
810 1560 908 1594 poena
936 1556 1077 1582 teneatur

325 1596 353 1629 in
373 1598 565 1631 monasterio
585 1597 612 1630 in
631 1609 692 1643 quo
709 1606 854 1643 receptus
869 1597 937 1640 fuit,
952 1597 1075 1631 etiamsi

325 1644 474 1680 beneficia
498 1646 708 1680 ecclesiastica
726 1659 780 1680 seu
800 1648 949 1680 rectorias
970 1646 1077 1680 Eccle-

323 1694 438 1729 siarum
463 1696 645 1741 quarumvis
672 1695 822 1738 obtineat,
845 1704 925 1729 stare
953 1696 982 1729 in
1006 1696 1075 1729 eius

326 1744 410 1778 totali
435 1745 595 1778 vocatione
621 1745 650 1778 in
669 1744 851 1779 huiusmodi
873 1745 994 1779 Ordine
1013 1757 1076 1778 mo-

300 1818 303 1819 r
325 1793 444 1827 nastico
463 1802 492 1827 et
515 1793 679 1828 Altissimo
702 1794 871 1828 deservire.

372 1842 392 1888 S
414 1845 445 1876 4.
470 1842 503 1876 Si
527 1843 599 1889 quis
627 1851 744 1883 autem,
776 1852 936 1889 praetextu
961 1844 1074 1877 liuius-

324 1891 407 1925 modi
435 1892 590 1932 licentiae,
613 1905 685 1926 cum
703 1892 808 1926 babitu
832 1893 876 1926 rel
900 1894 979 1936 sine,
1001 1906 1073 1940 quo-

324 1940 496 1975 modolibet
532 1942 673 1987 vagando
702 1941 873 1984 incederet,
901 1943 1074 1976 monitione

324 1990 457 2035 praevia,
482 1999 623 2025 teneatur
649 1998 679 2024 et
706 1990 829 2030 debeat,
854 1991 931 2025 infra
958 1992 1074 2025 termi-

323 2052 396 2072 num
426 2040 605 2086 quiudecim
629 2040 751 2073 dierum
775 2052 789 2074 a
813 2040 864 2074 die
890 2041 1074 2074 monitionis

323 2088 505 2122 huiusmodi
533 2089 834 2135 computamlorum,
859 2089 895 2123 ad
919 2090 987 2123 eius
1009 2089 1074 2124 Re-

322 2137 469 2182 ligionem
493 2146 523 2171 et
545 2137 711 2178 Ordinem,
742 2138 824 2172 unde
856 2151 925 2172 cum
952 2139 1072 2173 licentia

322 2187 366 2220 vel
384 2187 451 2221 sine
472 2196 652 2227 recesserat,
676 2199 830 2222 remeare:
855 2188 940 2234 quod
961 2189 984 2221 si
1003 2188 1072 2222 esli-

320 2249 390 2270 cere
425 2236 618 2281 neglexerit,
648 2244 717 2283 post
746 2238 849 2283 ipsum
880 2237 1072 2276 terminum,

321 2294 479 2331 tamquam
504 2286 645 2320 notorius
672 2294 810 2332 apostata
834 2294 863 2320 et
887 2298 1072 2320 excommu-

321 2336 442 2368 nicatus
471 2335 500 2368 in
523 2335 672 2369 omnibus
698 2343 726 2369 et
751 2348 806 2382 per
827 2336 930 2369 omnia
960 2335 1072 2370 debeat

322 2396 376 2429 per
399 2383 570 2430 quemlibet
602 2384 737 2431 reputari
764 2393 791 2418 et
817 2385 953 2424 tractari,
981 2386 1071 2419 etiam

323 2446 376 2479 per
395 2434 623 2468 invocationem
650 2434 767 2468 brachii
787 2434 968 2474 saecularis,
986 2447 1073 2480 quo·-

322 2483 378 2515 ti‹·s
407 2482 498 2516 fuerit
522 2490 749 2529 opportunum.

370 2536 385 2573 ς’
408 2536 438 2565 5.
465 2531 497 2565 ln
523 2532 661 2565 futurum
686 2540 789 2566 autem
815 2532 921 2566 nullus
944 2545 981 2567 ex
1006 2546 1073 2579 pro-

322 2580 493 2615 fessoribus
524 2581 654 2615 alicuius
680 2594 715 2616 ex
740 2581 917 2615 Ordinibus
951 2582 1073 2616 Mendi-

1126 380 1231 418 cepto‚
1249 372 1346 418 possit
1368 382 1421 406 ant
1440 372 1551 407 debeat
1569 386 1623 420 per
1641 386 1878 421 quemcumque

1127 421 1222 466 recipi
1240 421 1285 454 vel
1301 421 1435 465 admitti,
1456 422 1566 456 virtute
1582 422 1715 457 alicuius
1735 423 1877 458 licentiae

1127 470 1171 503 vel
1192 470 1315 509 indulti,
1334 470 1452 517 absque
1475 471 1567 505 Sedis
1589 472 1730 506 eiusdem
1752 472 1875 507 licentia

1124 519 1263 564 speciali,
1281 519 1445 553 subdictis
1469 520 1593 566 poenis;
1616 528 1646 554 et
1669 521 1876 555 nibilominus

1124 580 1217 602 secus
1240 568 1317 603 facta
1341 581 1402 602 non
1426 578 1551 603 teneant
1574 569 1642 615 ipso
1665 570 1740 605 iure.

1173 622 1188 660 ἕ
1219 619 1252 652 6.
1285 617 1474 652 Huiusmodi
1511 618 1647 653 licentiis
1683 628 1712 653 et
1736 619 1875 663 indultis,

1124 678 1246 700 necnon
1261 666 1539 702 constitutionibus
1553 668 1731 712 apostolicis
1746 676 1775 702 et
1791 667 1876 702 Men-

1123 716 1293 749 dicantium
1313 715 1470 750 Ordinum
1489 716 1734 763 praedictorum,
1753 718 1875 752 etiamsi

1123 764 1161 799 de
1189 765 1236 799 bis
1262 765 1406 812 specialis
1431 773 1460 799 et
1488 777 1634 812 expressa
1662 778 1697 800 ac
1719 766 1757 799 de
1783 766 1876 801 verbo

1123 814 1159 848 ad
1183 814 1311 848 verbum
1347 815 1377 848 in
1406 815 1519 849 nostris
1549 814 1645 849 literis
1672 815 1790 849 mentio
1819 816 1876 849 ba-

1124 863 1224 898 benda
1254 864 1353 904 soret,
1375 872 1406 898 et
1433 863 1501 899 aliis
1536 864 1700 898 contrariis
1728 876 1789 898 non
1819 864 1876 898 ob-

1122 912 1276 947 stantibus
1298 913 1566 960 quibuscumque.

1170 962 1190 1008 S
1213 964 1244 996 5.
1263 963 1344 996 Nulli
1364 975 1437 1008 ergo
1453 963 1583 997 omnino
1602 961 1765 996 bominum
1783 962 1874 997 liceat

1122 1011 1202 1045 banc
1231 1012 1375 1057 paginam
1405 1020 1529 1046 nostrae
1557 1011 1789 1050 declarationis,
1811 1012 1874 1046 de-

1122 1061 1211 1104 creti,
1234 1061 1354 1105 statuti,
1378 1061 1561 1108 prolationis
1583 1069 1612 1095 et
1635 1059 1804 1095 voluntatis
1833 1062 1873 1095 in-

1122 1109 1269 1155 fringere,
1292 1117 1344 1144 etc.

1169 1158 1285 1193 Datum
1311 1158 1487 1203 Gebennis,
1509 1168 1621 1206 quarto
1644 1158 1793 1194 kalendas
1817 1172 1874 1194 au-

1121 1208 1218 1253 gusti,
1241 1220 1323 1241 anno
1353 1208 1464 1255 primo.

1176 1269 1235 1298 Dat.
1259 1269 1306 1299 die
1325 1269 1362 1299 ⁶29
1382 1270 1446 1299 iulii
1465 1270 1550 1306 1418,
1574 1270 1679 1309 pontif.
1699 1279 1776 1299 anno
1793 1279 1811 1298 1.

1473 1417 1525 1452 lV.

1121 1497 1166 1529 De
1198 1499 1300 1542 officio
1331 1505 1356 1530 et
1390 1499 1591 1542 qualitatibus
1626 1499 1811 1543 scriptorum
1848 1505 1874 1531 et

1169 1548 1416 1580 abbreviatorwn
1440 1549 1599 1581 literarum
1620 1548 1872 1591 apostolicarum,

1168 1598 1357 1640 custodisque
1378 1596 1588 1630 cancellariae
1613 1609 1650 1630 ac
1675 1598 1874 1630 examinato-

1167 1658 1248 1684 mm,
1271 1647 1460 1679 bullatarum
1483 1654 1509 1678 et
1536 1647 1787 1690 ²·e91'sti·aloruvn,
1813 1658 1872 1679 att·

1167 1696 1374 1739 (litorumque,
1406 1703 1644 1739 procuratorum
1678 1703 1703 1727 et
1731 1697 1872 1728 notario-

1167 1756 1236 1777 rum
1264 1745 1359 1778 Rotae
1379 1751 1405 1777 et
1427 1746 1645 1778 advocatorum
1675 1746 1871 1778 consistoria-

1167 1795 1253 1827 llum.

1385 1871 1599 1902 SUMMARlUM

1117 1933 1284 1962 Exordium.
1303 1950 1341 1955 —
1361 1935 1386 1963 1.
1406 1933 1673 1963 l'raetlecessmum
1694 1932 1868 1962 Pontificum

1157 1978 1250 2006 editas
1267 1978 1320 2006 har.
1337 1977 1371 2006 de
1389 1986 1418 2006 re
1450 1978 1674 2006 constitutiones
1705 1977 1869 2006 confirmat.

1156 2038 1193 2043 -
1210 2021 1247 2049 De
1265 2031 1321 2050 non
1341 2022 1483 2058 exigendo
1501 2021 1574 2050 ultra
1594 2026 1698 2050 taxam.
1716 2038 1755 2043 -
1774 2020 1869 2050 Poena

1156 2071 1272 2103 praeter
1305 2070 1397 2094 [axam
1422 2065 1609 2102 exigentibus
1634 2065 1804 2102 infligenda,
1831 2082 1871 2087 —

1157 2109 1187 2138 Et
1207 2109 1443 2138 abbreviatorum
1464 2109 1607 2138 examine.
1623 2125 1662 2130 —-
1677 2109 1702 2137 3.
1720 2108 1757 2137 De
1775 2109 1869 2138 literis

1157 2153 1367 2187 rescribendis,
1391 2158 1418 2181 et
1442 2162 1533 2191 poena
1554 2153 1715 2182 errantium
1746 2153 1773 2181 in
1798 2154 1870 2182 scri-

1156 2196 1250 2226 bendo
1284 2197 1327 2225 vel
1352 2197 1561 2226 abbreviando.
1588 2213 1627 2218 —-
1651 2197 1679 2225 4.
1704 2196 1741 2225 De
1764 2197 1868 2225 distri-

1157 2241 1330 2270 butionibus
1361 2241 1536 2270 absentibus
1560 2251 1617 2270 non
1641 2241 1755 2270 dandis.
1781 2257 1820 2262 —
1841 2241 1868 2269 5.

1156 2284 1314 2324 Scriptoria
1338 2285 1547 2321 (lancellariae,
1565 2290 1593 2314 et
1613 2285 1766 2323 scriptoria
1791 2283 1867 2313 Poe-

1155 2329 1338 2359 nitentiariae
1359 2329 1605 2369 incompatibilcs.
1623 2345 1662 2350 —
1682 2329 1709 2358 6.
1730 2328 1767 2357 [ie
1787 2330 1866 2358 assi-

1156 2373 1300 2402 stentibus
1332 2374 1450 2412 praevio
1473 2373 1605 2402 examine
1625 2372 1797 2412 probandis.
1830 2389 1869 2395 —

1157 2418 1181 2446 7.
1209 2417 1410 2447 Cancellariae
1433 2417 1572 2447 officiales
1606 2417 1732 2454 singulis
1762 2416 1867 2446 diebus

1155 2462 1183 2490 in
1208 2471 1239 2491 ea
1270 2467 1440 2501 praesentes
1469 2471 1536 2491 esse
1559 2461 1676 2491 debent.
1708 2478 1745 2482 —
1778 2462 1804 2490 8.
1829 2461 1867 2490 De

1157 2507 1319 2536 iuramento
1348 2517 1361 2535 a
1396 2507 1517 2536 custode
1540 2507 1721 2543 emittendo,
1743 2507 1867 2546 eiusque

1156 2552 1260 2580 officio.
1279 2569 1317 2573 —
1332 2553 1360 2581 9.
1379 2552 1416 2580 De
1435 2551 1697 2581 constitutionibus
1716 2551 1868 2581 Cancetta-

1155 2596 1214 2624 riae
1235 2596 1342 2634 petenti
1361 2596 1477 2625 dandis.
1493 2613 1531 2617 —
1550 2596 1594 2626 10.
1615 2595 1653 2624 De
1682 2597 1866 2634 expeditione

1156 2640 1306 2669 literarum
1328 2640 1466 2669 institiae.
1494 2657 1533 2662 —
1559 2641 1601 2669 lt.
1622 2639 1659 2668 [te
1682 2641 1865 2670 examinato-

1896 271 1943 296 Λῐι.
1962 270 1990 295 C.
2011 270 2077 296 lists

1891 628 2027 648 mutantibus
2041 629 2076 648 de-

1892 663 1949 684 rogat

1922 973 1995 993 clausu

1999 974 2039 994 lae.
