2274 3265
886 311 983 334 txnnx
1015 310 1224 334 niinnicsstuum

374 361 535 404 gantibus,
558 363 661 406 deque
682 363 870 396 eorumdem
892 364 1037 396 animad-

376 410 538 451 versione,
574 422 610 444 ac
645 411 862 454 praelatorum
890 412 1038 445 facultate

375 458 557 492 absolvendi
588 459 814 502 resipiscentes
847 460 885 492 ab
912 470 1038 492 excom—

378 507 609 547 municatione,
632 513 663 540 et
687 518 785 550 super
806 507 1039 550 irregularitate

376 555 580 598 dispensandi
606 556 728 589 ratione
754 557 943 600 apostasiae,
961 557 1035 590 326.

289 603 336 635 III.
359 602 449 642 Quod
471 605 583 637 fratres
605 604 820 638 Mendicanies
844 606 882 639 ad
907 605 1040 638 Ordines

334 663 336 666 ’
375 652 608 685 monachorum
621 652 793 695 Nigrorum
811 659 841 686 et
855 654 1040 686 cistercien-

376 699 458 732 sium
485 701 622 733 transire
652 712 715 744 non
745 702 889 744 possint,
921 702 1040 744 absqw¹

375 747 502 780 licentia
523 749 656 782 Romani
677 750 852 789 Pontificis,
874 750 948 783 3028.

287 795 332 827 IV.
357 794 552 828 Reformatio
577 796 704 829 Ordinis
729 798 945 831 CiSterciensis
971 810 1039 830 mo-

375 844 553 877 nachorum
574 845 605 878 S.
629 846 804 887 Benedicti,
831 847 905 881 3⁶29.

287 892 320 923 V.
340 892 488 926 Definitio
498 894 713 936 quorumdam
730 896 941 928 articuloium
957 897 1041 928 ciica

380 940 550 973 Beatorum
589 942 763 987 visionem,
795 944 1041 986 animaiumque

377 988 608 1023 beatitudinem
635 982 665 1023 et
690 970 942 1032 daninationem,
964 993 1038 1026 345.

287 1037 333 1069 VI.
375 1036 599 1071 Ordinationes
642 1045 671 1071 et
704 1040 950 1073 1eformationes
985 1051 1042 1083 pro

374 1085 459 1118 bono
486 1087 641 1128 regimine
668 1089 905 1121 monachorum
928 1088 1041 1129 Nigro-

373 1143 446 1166 rum
467 1134 593 1168 Ordinis
613 1136 643 1169 S.
667 1136 841 1176 Benedicti,
863 1137 938 1170 347.

287 1181 346 1213 VII.
370 1181 487 1215 Contra
512 1183 696 1217 Fraticellos
721 1194 899 1227 eorumque
927 1195 1041 1227 sequa-

376 1240 428 1263 ces
448 1235 477 1263 et
503 1232 643 1264 fautores
665 1243 722 1275 per
741 1232 855 1265 Sedem
883 1234 1041 1275 Apostoli-

376 1289 446 1312 cam
468 1279 647 1321 damnatos,
669 1280 744 1314 387.

288 1325 362 1358 VIII.
394 1326 484 1365 Quod
514 1334 656 1361 rectores
689 1334 848 1361 terrarum
880 1329 1042 1362 Romanae

377 1374 536 1409 Ecclesiae
570 1377 827 1419 consanguineos
860 1378 907 1409 vel
933 1378 1043 1409 aflines

377 1428 451 1456 suos
466 1424 505 1456 ad
521 1423 652 1466 aliquod
668 1424 809 1456 officium
827 1426 1041 1457 exercendum

376 1470 409 1503 in
435 1471 555 1504 eisdem
579 1472 672 1504 terris
698 1472 831 1504 minime
861 1472 1039 1511 admittant,

287 1566 335 1598 IX.
363 1566 455 1605 Quod
492 1574 633 1602 rectores
658 1575 687 1602 et
712 1569 905 1601 thesaurarii
939 1575 1039 1601 terra-

377 1625 448 1648 rum
472 1615 634 1649 Romanae
669 1617 828 1649 Ecclesiae
858 1617 1039 1660 stipendia,

376 1674 457 1706 quae
479 1664 597 1697 dantur
612 1675 670 1708 pro
692 1665 816 1705 militia,
831 1665 1042 1697 familiaribus

376 1712 441 1744 suis
461 1712 622 1755 assignare
648 1723 711 1745 non
734 1713 867 1756 possint,
890 1712 965 1746 389.

287 1759 323 1791 X.
346 1759 436 1797 Quod
461 1760 881 1804 heneficia¹vacatura³per
897 1760 1040 1804 adeptio-

371 1813 444 1843 nem
479 1808 616 1842 alioruin
654 1809 828 1852 apostoliea
853 1809 1041 1842 auctoritate

377 1857 482 1890 collat.
509 1863 666 1891 reservata
683 1861 886 1897 censeantur,
904 1859 1039 1897 etiamsi,

376 1911 449 1938 ante
455 1907 690 1940 assecutionem
702 1907 862 1939 dictorum
871 1906 1040 1939 beneficio-

375 1963 461 1994 rum,
475 1964 510 1987 ex
528 1955 885 1998 causa²per1nutati0nis
902 1956 950 1988 vel
970 1955 1041 1988 sim-

375 2002 468 2045 plicis
497 2003 719 2046 resignationis
748 2003 936 2043 vacaverint,
964 2003 1037 2037 389.

288 2050 336 2082 XI.
361 2050 585 2085 Ordinationes
609 2057 640 2085 et
660 2056 785 2085 statuta·
800 2059 858 2095 pro
878 2052 963 2086 bono
989 2062 1040 2086 re-

375 2098 495 2142 gimine
522 2099 649 2134 Ordinis
674 2100 987 2133 fratrum‘Minoru‘m
1007 2100 1037 2133 S.

377 2147 537 2181 Francisei
557 2148 595 2180 de
621 2149 750 2188 Assisio‘,
773 2148 847 2182 394.

375 2195 507 2229 Statum·
521 2201 550 2229 et
571 2197 788 2229 ordinationes
809 2207 866 2239 pro
883 2197 967 2229 bono
989 2207 1039 2229 re-

375 2244 493 2286 gimine
536 2245 802 2278 Poenitentiariae
840 2244 1040 2287 A‘postolicae

376 2293 509 2335 eiusque
542 2293 727 2326 officialium
760 2303 794 2326 ac
825 2293 1038 2325 forma‘iura-

287 2195 350 2228 XII.

375 2342 474 2375 menti
496 2341 680 2384 praestandi·
699 2341 737 2374 ab
757 2341 890 2379 eisdem,
916 2340 991 2374 415.

288 2393 363 2426 XIII.
387 2393 588 2427 Constitutio
600 2393 697 2426 totius
717 2393 842 2427 Ordinis
867 2393 1039 2425 canonico

376 2453 448 2480 ium
474 2447 671 2498 regularium
697 2446 823 2479 Ordinis
844 2446 949 2501 Sancti
975 2448 1038 2478 Au-

376 2500 506 2544 gumini,
528 2496 603 2533 494.

286 2555 359 2588 XIV
384 2554 541 2587 Institutio
562 2553 664 2587 Studii
684 2554 843 2596 generalis
863 2554 895 2585 ln
916 2554 1039 2586 civitate

376 2607 561 2647 Veronensi,
587 2606 663 2641 459.

286 2660 347 2695 XV.
371 2660 413 2693 De
433 2660 545 2694 Studio
560 2660 702 2703 generali
722 2659 753 2691 in
774 2659 897 2691 civitate
918 2658 1039 2692 Gratia-

369 2713 433 2742 Ball
460 2712 538 2742 Rom.
562 2712 616 2741 Vol.
635 2712 680 2741 IV.
884 2711 922 2740 99

1711 305 1778 337 78ἲὶ

1173 364 1355 407 nopolitana
1374 371 1492 406 erecto,
1505 368 1733 411 nonnullisque
1750 369 1834 402 eius-

1169 412 1240 445 dem
1263 413 1398 453 Iegilnw,
1420 414 1495 447 460.

1084 460 1155 491 XVI.
1177 460 1344 494 Revocalio
1360 463 1561 503 vectigalium
1579 469 1606 495 et
1625 465 1833 508 pedagiorum

1171 520 1186 540 a
1209 510 1329 552 populo
1346 511 1502 551 Romano,
1520 512 1639 555 absque
1655 512 1745 546 Sedis
1756 514 1837 556 Apo-

1171 556 1300 589 stolicae
1322 558 1466 598 licentia,
1491 559 1732 602 impositorum,
1757 560 1832 595 461.

1085 604 1169 635 xvll.
1193 604 1308 637 Contra
1330 616 1394 645 eos,
1417 607 1470 649 qui
1494 608 1562 639 Ioco
1583 607 1631 640 sui
1652 608 1731 641 alios
1759 620 1835 652 sup-

1173 659 1295 694 ponunt
1333 655 1469 686 examini
1510 667 1566 698 pro
1604 657 1838 700 consequendis

1172 700 1338 733 beneficiis
1372 703 1618 741 ecclesiasticis,
1641 706 1687 737 vel
1721 716 1753 737 se
1779 716 1836 747 pro

1172 749 1241 781 aliis
1261 749 1344 782 dicto
1365 751 1501 783 examini
1531 759 1731 795 supponunt,
1759 753 1833 786 469.

1085 797 1184 828 xvut.
1226 798 1401 830 Declaratio
1435 810 1532 842 super
1565 801 1659 832 cerus
1692 800 1838 843 capitulis

1172 847 1328 878 conterius
1349 847 1380 878 in
1401 847 1627 880 constitutione
1643 848 1725 880 edita
1742 859 1839 891 super

1172 899 1252 927 statu
1265 894 1391 928 Ordinis
1407 896 1640 928 monachorum
1652 896 1836 938 Nigrorum,

1340 1039 1514 1073 CLEMENS
1540 1040 1586 1072 VI.

1086 1134 1105 1165 I.
1135 1134 1310 1176 Insignium
1332 1135 1585 1168 sacerdotiorum
1620 1141 1714 1179 atque
1735 1137 1838 1168 eccle-

1173 1183 1371 1215 siasticarum
1407 1183 1596 1225 dignitatum
1636 1184 1773 1227 provisio
1807 1185 1838 1215 in

1172 1230 1298 1263 Siciliae
1314 1241 1413 1273 regno
1430 1231 1502 1264 Sedi
1523 1232 1723 1274 Apostolicae
1740 1242 1839 1264 reser-

1172 1283 1264 1311 vatur
1283 1280 1321 1311 ad
1342 1284 1481 1323 tempus,
1504 1280 1578 1313 467.

1085 1326 1119 1357 ll.
1142 1326 1319 1359 Declaratio
1335 1327 1434 1369 quod,
1457 1338 1532 1369 rege
1553 1328 1679 1361 Siciliae
1700 1328 1836 1368 minore,

1173 1375 1262 1416 regni
1289 1375 1473 1417 procuratio
1507 1381 1626 1418 spectat
1661 1376 1698 1408 ad
1724 1375 1837 1408 Sedem

1172 1422 1401 1465 Apostolicam‚
1423 1423 1498 1456 468.

1084 1469 1132 1502 III.
1158 1470 1303 1503 Facultas
1323 1470 1428 1504 abbati
1453 1471 1709 1514 congregationis
1728 1482 1839 1505 mona-

1173 1519 1308 1551 chorum
1321 1519 1353 1551 B.
1369 1519 1484 1552 Mariae
1504 1519 1618 1552 Montis
1637 1518 1759 1559 oliveti,
1781 1519 1838 1553 Or-

1172 1567 1254 1600 dinis
1270 1567 1300 1600 S.
1320 1567 1493 1607 Benedicti,
1512 1567 1670 1601 retinendi
1687 1572 1717 1600 et
1732 1568 1840 1611 acqui-

1174 1616 1262 1648 rendi
1280 1626 1358 1649 nova
1374 1617 1443 1649 loca
1460 1622 1488 1650 et
1506 1616 1709 1655 monasteria,
1732 1616 1839 1658 ibique

1172 1664 1384 1697 ecclesiastica
1405 1669 1603 1698 sacramenta
1624 1664 1836 1704 ministrandi,

1171 1712 1246 1746 471.

1085 1760 1130 1792 IV.
1155 1760 1321 1803 Pragensis
1341 1763 1499 1795 Ecclesiae
1520 1762 1638 1794 erectio
1660 1762 1690 1793 in
1711 1762 1836 1794 archie-

1173 1810 1386 1853 piscopatum,
1414 1810 1489 1843 473.

1085 1857 1116 1888 V.
1141 1857 1318 1891 Ludovicus
1343 1859 1380 1890 de
1415 1858 1565 1901 Hispania
1590 1858 1836 1891 Fortunatarum

1172 1906 1269 1938 Insui.
1294 1917 1348 1939 rex
1372 1906 1588 1945 constituitur,
1611 1905 1685 1939 474.

1084 1952 1129 1985 VI.
1150 1953 1356 1987 Confirmatio
1369 1953 1550 1997 diplomatis
1565 1964 1583 1986 a
1598 1954 1718 1986 Ioanna
1728 1954 1838 1997 regina

1172 2002 1204 2033 in
1224 2003 1362 2035 favorem
1385 2002 1516 2035 Sanciae
1537 2002 1646 2034 matris
1680 2004 1835 2042 concessi,

1083 2097 1142 2131 VII.
1163 2098 1357 2132 Reformatio
1373 2098 1500 2132 Ordinis
1516 2099 1651 2131 fratrum
1664 2098 1836 2132 Servorum

1171 2147 1284 2180 Beatae
1313 2145 1428 2179 Mariae
1461 2144 1701 2188 Virginis'circa
1722 2146 1838 2189 prioris

1171 2194 1328 2237 generalis
1348 2200 1376 2227 et
1397 2194 1534 2227 aliorum
1556 2194 1701 2237 priorum
1727 2199 1757 2226 et
1781 2194 1835 2226 de*

1171 2242 1336 2275 finitorum
1371 2252 1507 2274 munera
1526 2247 1556 2274 et
1576 2242 1760 2281 electiones,
1784 2252 1835 2274 ca-

1172 2291 1413 2333 pitulorumque
1433 2290 1633 2333 generalium
1658 2295 1688 2322 et
1713 2291 1837 2332 provin-

1171 2340 1300 2372 cialium
1321 2339 1582 2377 celebrationem,
1603 2338 1678 2372 480.

1179 2387 1354 2420 Prohibitio
1384 2387 1477 2420 dandi
1504 2387 1551 2419 vel
1571 2386 1758 2429 acquirendi
1778 2386 1835 2419 do-

1171 2436 1305 2469 minium
1327 2442 1379 2469 aut
1400 2436 1652 2469 iurisdictionem
1673 2435 1720 2467 vel
1740 2445 1834 2478 prae—

1170 2485 1375 2518 eminentiam
1401 2490 1454 2517 aut
1479 2484 1706 2534 obligationem
1739 2493 1837 2527 super

1170 2529 1247 2562 locis
1267 2534 1296 2562 et
1321 2528 1430 2561 castris
1457 2527 1640 2580 patrimonii
1674 2527 1704 2560 S.
1733 2527 1833 2567 Petri,

1170 2578 1223 2605 aut
1242 2572 1472 2615 quoquomodo
1492 2574 1528 2605 ea
1544 2570 1739 2621 occupandi,
1756 2570 1831 2604 484.

1080 2617 1130 2649 IX.
1162 2616 1368 2665 Confirmatio
1401 2621 1545 2649 actorum
1579 2615 1706 2648 concilii
1732 2597 1833 2647 ²Poso-

1169 2660 1299 2700 niensis,
1319 2659 1394 2693 486.

1084 2386 1155 2419 VIII.
