2274 3265
466 289 533 322 790

502 352 683 395 Hieronymi
710 352 746 383 de
768 351 906 384 Fesulis‘.
938 349 1066 386 Ordini,
1089 351 1164 383 alias

500 403 538 435 ab
559 400 743 434 Innocentio
761 400 807 432 VII
829 398 1017 442 approbato,
1040 398 1102 431 alia
1117 410 1165 431 ac-

1006 295 1192 318 nummulum
1224 293 1386 317 anhusen

1297 348 1386 380 Sedis
1416 347 1616 390 Apostolicae
1652 346 1779 379 licentia
1803 347 1932 390 speciali
1953 374 1959 385 ,

1297 395 1468 435 interdicit,
1491 395 1564 429 678.

500 449 636 493 ripiendi
660 449 739 485 loca,
759 449 935 489 fratresque
956 446 1034 478 alios
1054 447 1164 478 admit-
1209 447 1252 479 ir.
1284 447 1324 478 De
1345 445 1450 478 officio
1478 449 1508 476 et
1532 443 1740 487 qualitatibus
1766 443 1960 487 scriptorum

499 497 584 531 tendi
606 497 737 529 facultas
762 494 961 531 conceditur,
989 493 1063 527 653.

642 593 872 627 ALEXANDER
897 593 929 624 V.

412 694 507 726 Unica
533 692 732 727 Constitutio.
763 692 878 724 Contra
905 701 935 721 se
965 690 1160 731 ingerentes,

498 742 545 774 vel
566 740 709 783 regimen
730 745 757 772 et
780 737 1087 771 administrationem
1110 737 1163 769 Ec-

1296 499 1325 526 ot
1345 493 1602 526 abbreviatorum
1624 491 1788 525 literarum
1815 491 1961 534 apostoli-

1294 552 1425 578 carum,
1453 540 1658 583 custodisque
1685 539 1901 573 Cancellariae
1926 550 1960 571 ar

1295 590 1548 623 examinatorum
1563 615 1570 628 ,
1593 589 1789 622 bullatoruin
1815 593 1845 622 et
1877 589 1960 631 regi-

1294 644 1479 673 stratorum,
1516 637 1786 680 auditorumque,
1810 647 1960 680 procura-

1294 692 1398 720 torum
1421 691 1449 719 et
1473 686 1672 719 notariorum
1698 685 1794 718 Rotae
1815 690 1846 718 et
1865 686 1960 718 advo—

1294 740 1438 767 catorum
1461 734 1744 773 consistorialium,
1767 733 1841 767 679.

498 789 688 827 etesiarum,
716 786 984 820 monasteriorum
1012 785 1163 817 aliorum-
1206 785 1237 815 Υ.
1267 784 1299 816 ln
1321 782 1426 816 officio
1458 782 1705 825 provincialatus
1734 792 1798 814 non
1828 787 1958 825 possunt

498 849 560 880 que
600 835 830 869 beneficiorum
871 833 1161 866 ecclesiasticorum

498 884 739 928 quomodolibet
755 887 951 918 exercentes,
975 881 1074 914 literis
1089 893 1163 924 apo-

497 932 616 966 stolicis
641 942 717 964 suae
745 930 932 973 provisionis
953 929 1085 962 minime
1113 940 1164 962 ex-

497 981 622 1024 peditis,
649 980 723 1013 655.

639 1075 801 1109 IOANNES
823 1075 925 1107 XXIII.

409 1176 429 1208 I.
472 1174 648 1208 Deelaratio
690 1183 867 1216 poenarum
906 1176 1016 1204 contra
1053 1171 1163 1203 dantes

497 1222 616 1266 aliquid
655 1222 701 1254 vel
737 1220 959 1264 promittentes
997 1224 1051 1251 aut
1080 1219 1161 1252 reci-

499 1271 620 1313 pientes
642 1280 698 1313 pro
726 1269 899 1302 obtinenda
919 1267 1019 1311 gratia
1046 1267 1092 1300 vel
1118 1266 1163 1299 iu-

497 1319 579 1352 stitia
599 1319 683 1362 apud
704 1318 818 1351 Sedem
837 1316 1065 1360 Apostolicam,
1085 1315 1158 1349 657.

408 1369 443 1401 Π.
476 1367 600 1401 Erectio
632 1365 824 1399 cathedralis
852 1364 1011 1398 Ecclesiae
1040 1365 1161 1407 Leopo-

497 1417 571 1449 lien.
601 1416 631 1448 in
659 1415 801 1458 partibus
822 1414 953 1447 Russiae
974 1424 1047 1446 cum
1070 1412 1163 1455 privi-

497 1464 655 1507 legiorum
677 1463 896 1501 concessione,
918 1461 992 1495 658.

409 1514 458 1547 III.
488 1512 653 1545 Damnatio
683 1511 839 1544 librorum
874 1522 929 1548 seu
969 1514 1162 1543 tractatuum

496 1560 623 1594 loannis
643 1559 777 1598 Wikles,
806 1559 937 1602 Dialoyi
963 1563 993 1591 et
1022 1558 1165 1601 Trinloqi

497 1614 772 1652 nuncupatorum,
791 1618 865 1640 cum
878 1606 1095 1650 prohibitione
1111 1617 1165 1639 eos

498 1657 623 1699 legendi
635 1667 690 1689 seu
708 1655 887 1699 exponendi
903 1654 934 1687 in
955 1655 1165 1697 quibuscum-

496 1717 558 1748 que
580 1704 840 1738 Universitatibus
860 1714 915 1736 seu
937 1702 1068 1739 Studiis,
1087 1702 1160 1735 661.

409 1754 455 1787 IV.
492 1753 624 1786 indic-tio
657 1752 816 1795 generalis
850 1751 977 1784 concilii
1010 1752 1163 1784 Constan-

497 1801 606 1835 tiensis
631 1812 688 1845 pro
714 1801 764 1833 die
789 1801 798 1832 1
825 1800 942 1833 mensis
962 1800 1163 1839 novembris,

498 1851 572 1885 anni
594 1850 691 1889 1414,
719 1849 792 1883 662.

664 1959 859 1993 MARTINUS
880 1960 912 1991 V.

412 2079 434 2111 l.
468 2076 633 2110 Damnatio
676 2086 823 2108 errorum
870 2074 996 2107 Ioannis
1025 2074 1165 2113 Wikles,

500 2125 627 2159 Ioannis
647 2125 740 2162 Huss,
764 2124 946 2166 Hieronymi
964 2124 1003 2155 de
1018 2123 1119 2165 Praga
1139 2127 1169 2155 et

500 2174 637 2207 aliorum
677 2173 716 2205 de
753 2173 962 2206 sacramentis
1008 2172 1168 2205 Ecclesiae

502 2222 584 2254 male
613 2221 835 2260 sentientibus,
865 2220 1053 2253 eorumdem
1079 2231 1167 2253 com-

502 2270 620 2313 plicum
641 2275 669 2302 et
684 2271 844 2302 fautorum
859 2281 864 2301 z
884 2280 920 2301 ac
937 2270 1039 2301 forma
1054 2270 1167 2302 haere-

502 2318 580 2351 ticos
617 2322 846 2360 suspectosque
887 2318 925 2350 de
946 2318 1069 2350 haeresi
1095 2330 1167 2351 exa-

502 2367 656 2406 minandi,
678 2366 752 2400 665.

414 2417 449 2449 II.
473 2416 589 2449 Contra
614 2415 825 2458 impedientes
852 2415 1071 2447 executionem
1099 2415 1168 2447 lite-

502 2474 610 2496 rarum
627 2464 893 2506 apostolicarum,
918 2468 1080 2506 praetextu
1098 2474 1170 2495 con-

504 2512 656 2546 cessionis
675 2513 722 2544 vel
748 2511 863 2544 indulti
884 2511 1002 2544 Urbani
1023 2511 1070 2547 VI,
1093 2511 1166 2544 677.

417 2562 465 2594 III.
499 2560 624 2593 Ordinis
657 2560 904 2593 Mendicantium
937 2560 1172 2602 professoribus

505 2608 669 2650 quibusvis
685 2609 721 2640 ad
739 2608 828 2646 alios,
851 2619 947 2650 quam
964 2608 1170 2641 Cart-husien—

505 2667 570 2690 sem
601 2656 775 2697 Ordinem,
811 2656 981 2689 transitum
1001 2683 1010 2697 ,
1051 2656 1171 2700 absque

1295 833 1407 864 fratres
1431 830 1558 863 Ordinis
1583 830 1796 863 Eremitarum
1831 829 1861 863 S.
1897 831 1959 863 An-

1293 879 1411 921 gustini
1440 879 1548 921 reeligi
1576 890 1634 911 nec
1654 878 1852 918 confirmari,
1875 878 1963 912 bien-

1295 928 1347 960 nio
1368 927 1414 959 vel
1441 927 1578 960 triennio
1610 928 1797 970 completo,
1834 937 1893 960 nec
1923 927 1961 959 ad

1296 986 1407 1009 eorum
1430 976 1522 1008 vitam
1546 975 1576 1007 in
1594 976 1662 1019 ipso
1683 986 1863 1014 remanere,
1885 974 1960 1008 689.

1207 1025 1252 1057 l'l.
1268 1023 1424 1067 Expositis
1441 1023 1489 1063 iis,
1511 1035 1594 1066 quae
1611 1027 1739 1067 peracta
1750 1027 1826 1056 sunt
1840 1022 1873 1056 in
1889 1033 1963 1056 con·

1295 1072 1499 1105 demnatione
1529 1082 1677 1105 errorum
1707 1070 1828 1104 Nicolai
1861 1071 1958 1105 Seru—

1295 1120 1382 1160 rarii,
1397 1119 1648 1163 archiepiscopis
1662 1125 1691 1153 et
1701 1119 1860 1163 episcopis
1871 1130 1961 1152 man-

1295 1169 1388 1201 datur
1414 1174 1445 1201 ut
1478 1168 1643 1211 inquirant
1670 1173 1781 1201 contra
1812 1167 1881 1200 eius
1910 1179 1961 1203 se-

1295 1221 1442 1255 uiatores,
1465 1216 1539 1250 690.

1207 1265 1265 1297 t‘ll.
1291 1264 1454 1307 Exemptio
1481 1264 1607 1297 Ordinis
1636 1266 1769 1297 fratrum
1801 1264 1961 1297 Cartusia-

1294 1323 1409 1345 norum
1445 1324 1460 1344 a
1491 1312 1651 1345 solutione
1686 1311 1901 1355 primitiarum
1932 1317 1959 1344 et

1295 1361 1508 1397 decimarum,
1531 1361 1604 1394 695.

1317 1409 1496 1441 Iurisdictio
1524 1411 1695 1442 consulum
1733 1410 1809 1442 artis
1839 1420 1962 1442 merca—

1295 1462 1385 1490 turae
1407 1468 1587 1500 pannorum
1609 1458 1647 1490 de
1668 1458 1768 1497 Urbe,
1792 1458 1877 1492 iuxta
1888 1459 1963 1491 artis

1296 1505 1439 1538 eiusdem
1470 1511 1596 1546 statuta,
1619 1506 1833 1548 cognoscendi
1853 1517 1964 1540 causas

1295 1565 1517 1597 quascumque
1559 1555 1596 1587 ad
1630 1555 1730 1597 ipsam
1759 1560 1859 1588 artem
1887 1567 1959 1599 spe-

1296 1607 1428 1641 ctantes,
1451 1602 1525 1635 696.
1815 1640 1818 1642 ,

1208 1655 1255 1687 IX.
1282 1654 1361 1687 [nio
1385 1655 1530 1686 omnium
1562 1655 1793 1688 canonicorum
1824 1657 1961 1699 Regula-

1297 1703 1379 1735 rium
1413 1703 1538 1735 Ordinis
1573 1704 1603 1736 S.
1641 1703 1809 1746 Augustini
1845 1705 1965 1748 ubique

1297 1752 1514 1794 professorum
1549 1751 1581 1784 in
1612 1762 1708 1785 unam
1739 1754 1964 1796 congregatio-

1297 1811 1369 1833 nem
1382 1811 1456 1833 cum
1467 1800 1670 1833 innovatione
1683 1801 1961 1836 constitutionum.

1297 1854 1327 1881 et
1360 1849 1653 1882 communicatione
1688 1849 1751 1882 sive
1780 1851 1964 1884 extensione

1298 1897 1553 1940 privilegiorum,
1580 1897 1655 1931 697.

1209 1946 1244 1979 X.
1260 1945 1383 1979 Erectio
1403 1946 1595 1979 cathedralis
1608 1946 1769 1980 Ecclesiae
1785 1948 1965 1982 Fortisven-

1297 2000 1388 2027 turae
1410 1995 1441 2027 in
1461 1994 1577 2028 Insulis
1599 1995 1753 2036 Canariis,
1776 2007 1859 2039 quae
1878 1997 1964 2040 Ispa-

1298 2043 1378 2077 lensi
1403 2043 1545 2076 subiecta
1571 2044 1765 2084 declaratur,
1788 2044 1862 2078 701.

1210 2093 1259 2125 XI.
1284 2092 1491 2125 Confirmatio
1508 2092 1649 2135 Regulae
1670 2093 1806 2126 fratrum
1827 2099 1857 2127 et
1876 2105 1966 2127 soro-

1299 2151 1370 2174 rum
1391 2141 1488 2173 Tertii
1508 2141 1635 2174 Ordinis
1660 2141 1832 2175 Servorum
1854 2143 1967 2176 Beatae

1299 2189 1413 2221 Mariae
1435 2189 1582 2232 Virginis,
1607 2189 1680 2223 709.

1212 2238 1273 2270 XII.
1293 2237 1496 2279 Privilegium
1508 2238 1720 2281 exemptionis
1731 2240 1964 2272 monachorum

1300 2286 1329 2319 S.
1364 2286 1525 2319 Benedicti
1551 2287 1678 2320 Ordinis
1706 2287 1924 2321 Cisterciensis
1951 2299 1966 2320 a

1208 1410 1280 1442 x'lll.

1301 2335 1461 2367 solutione
1479 2335 1691 2374 decimarum,
1715 2335 1788 2369 707.

1213 2384 1289 2417 XIII.
1322 2383 1443 2416 Statuta
1477 2388 1505 2415 et
1543 2383 1761 2416 ordinationes
1795 2385 1967 2418 nonnullae

1301 2432 1491 2464 sanciuntur
1510 2432 1549 2463 ab
1570 2432 1771 2465 auditoribus
1792 2432 1889 2465 Rotae
1905 2433 1967 2466 Ro-

1303 2490 1428 2519 manae,
1447 2480 1682 2523 advocatisque,
1706 2481 1969 2523 procuratoribus

1303 2528 1330 2555 et
1353 2524 1484 2557 notariis
1505 2525 1573 2557 eius
1599 2524 1713 2557 Curiae
1738 2525 1965 2561 observandae.

1303 2568 1419 2609 quibus
1446 2568 1523 2607 vita,
1552 2578 1722 2611 moresque
1750 2568 1841 2611 probi
1875 2579 1967 2612 prae,-

1303 2612 1500 2651 scribuntur,
1528 2612 1602 2645 708.

1214 2655 1287 2688 xlv.
1325 2655 1515 2690 Sanctorum
1537 2656 1651 2691 canoni
1666 2657 1818 2691 adscribit
1835 2656 1966 2691 Beatum
