2274 3265
67 262 115 288 An.
132 259 241 286 (21275

299 311 334 341 ab
363 310 489 340 Honorio
512 310 546 339 lll
574 309 691 348 saepius
720 309 754 338 de
784 308 828 337 liis
861 305 1005 340 monitus,

298 360 473 395 rogatusque
492 359 523 384 ut
540 355 575 383 ab
596 352 761 383 huiusmodi
782 350 950 380 abstineret.
968 366 1005 370 —

298 401 325 430 ⁶2.
349 400 484 430 Sanctius
508 398 650 437 Alplionsi
673 397 751 426 lilius
775 405 789 424 a
808 393 946 432 Gregorio
972 392 1005 421 lx

298 446 333 475 de
360 445 470 474 eisdem
494 443 582 472 rebus
605 441 743 471 monitus.
763 456 801 461 —
823 439 849 468 3.
873 438 1004 477 impera-

299 495 357 519 tum
381 493 479 528 postea
504 487 538 516 ab
563 485 730 515 Innocentio
753 483 787 512 lV
815 482 950 516 subditis,
975 486 1006 511 ut

298 534 447 572 Alplionso
484 531 581 561 comiti
614 528 781 558 Bolonieusi
817 527 894 565 regis
925 526 1003 556 fratri

299 578 457 608 obedirent:
475 592 513 598 —
533 575 560 604 4.
582 574 748 612 Alplionsus
772 581 848 608 vero,
871 571 1004 611 quamvis

298 622 425 653 remedia
438 620 484 650 his
496 629 526 650 se
542 619 697 648 allaturum
717 616 891 656 promiserit,
907 615 1004 654 peiora

298 672 393 698 tamen
412 668 512 704 patrat.
529 680 567 684 —-
586 662 680 700 Papae
698 670 764 699 erga
785 670 850 690 eum
871 660 1004 698 longani-

298 712 393 742 mitaS.
416 726 454 731 —
472 709 498 738 5.
516 707 595 737 Missi
618 707 653 736 nd
674 715 740 735 cum
765 705 864 735 nuncii
888 710 1005 743 aposto-

298 756 356 786 lici.
371 771 409 776 —
424 754 450 784 6.
467 753 572 782 Parum
594 751 623 780 hi
642 750 807 789 proficiunt.
823 766 860 770 —
878 749 902 778 7.
920 749 1005 779 Prae-

296 800 366 839 cipit
392 799 482 837 igitur
505 801 534 826 ut
552 795 720 835 Alplionsus
744 794 820 823 iuret
842 793 1003 823 observan-

298 844 365 873 tiam
398 845 600 872 contentorum
633 840 662 868 in
695 838 786 867 literis
820 837 1004 867 Pontificum.

295 906 334 911 —
349 889 375 918 8.
394 887 502 916 Omnes
519 885 638 924 insuper
658 884 737 921 regni
754 882 892 913 officiales
908 883 1005 913 iurent

297 933 347 962 illa
381 930 500 969 infringi
530 939 636 959 senon
656 936 803 967 passuros:
830 943 867 948 --
893 927 920 956 0.
948 927 1005 956 Rex

299 985 364 1006 vero
388 974 528 1004 Ecclesiis
553 978 580 1003 et
601 973 812 1003 ecclesiasticis
837 971 946 1001 nullam
974 981 1004 1002 se

298 1020 434 1049 iniuriam
457 1022 506 1047 aut
532 1017 694 1046 molestiam
715 1016 879 1046 allaturum.
902 1033 939 1038 -—
961 1017 1003 1047 10.

295 1064 409 1093 Poenae
425 1067 524 1092 contra
552 1061 766 1092 inobedientes.
789 1078 827 1083 -—
842 1061 956 1091 Poenae
975 1061 1003 1091 111

296 1117 380 1147 reges
403 1107 615 1143 inobedientes,
639 1123 676 1127 —
699 1105 730 1135 Et
753 1105 879 1136 barones
898 1106 1004 1136 010111-

297 1152 396 1183 ciales.
416 1169 454 1174 -—-
475 1151 642 1181 Clausulae.

301 1228 445 1263 Gregorius
463 1228 603 1263 episcopus
623 1233 716 1255 servus
735 1232 874 1254 servorum
903 1225 957 1258 Dei,

391 1277 424 1305 ad
450 1277 610 1312 perpetuam
637 1276 677 1304 rei
704 1276 869 1304 memoriam.

306 1348 352 1383 De
381 1359 478 1394 regno
513 1346 721 1394 portugalliae
748 1355 855 1382 eontra
882 1346 1002 1382 dudum

75 1409 173 1433 flumana.
190 1410 243 1444 divi·
257 1406 287 1434 et
315 1409 409 1437 nunc,
432 1405 558 1444 propter
590 1405 716 1443 peccata
745 1396 845 1431 forsan
875 1397 1002 1444 populi,

61 1446 128 1498 ἓξὲξ
140 1440 195 1493 Μ’ζῗξ
209 1445 245 1492 hffi
258 1454 424 1496 regnantes
441 1447 471 1481 in
494 1447 574 1494 ipso,
596 1445 634 1480 ab
656 1445 729 1480 olim
753 1446 865 1492 ingens
886 1447 1003 1481 clamor

60 1503 105 1538 Μή
120 1502 175 1523 ‘¹0¹0'
193 1501 244 1523 Gn·
257 1496 447 1537 ascendens,
482 1496 511 1529 in
546 1504 657 1542 gentes
689 1503 719 1530 et
752 1508 846 1542 regna
880 1496 1002 1530 illorum

61 1538 137 1560 ΜΝΞ
257 1546 381 1583 diffudit
407 1545 579 1589 infamiam,
613 1553 643 1580 et
680 1545 859 1580 exclamans
896 1545 925 1580 in
965 1558 1002 1580 co

256 1604 362 1633 sancta
385 1596 551 1642 prosterni,
578 1594 748 1636 Ecclesias,
774 1607 922 1642 personas
944 1608 1002 1630 ec—

257 1645 462 1690 clesiasticas,
496 1653 526 1680 et
561 1644 736 1680 libertatem
765 1646 903 1691 ipsarum
939 1658 1000 1680 non

256 1695 432 1732 conculcari
448 1694 678 1736 tantummodo,
698 1693 752 1729 sed
771 1695 858 1741 quasi
873 1695 1002 1730 omnino

256 1746 413 1785 subverti;
441 1756 572 1791 regnum
600 1744 703 1791 ipsun]
732 1744 1002 1779 01111151115113111-

256 1794 408 1832 tatoribus
436 1806 490 1842 per
512 1802 678 1840 regnantes
700 1794 826 1828 eosdem
850 1806 911 1829 non
938 1795 1000 1841 regi

257 1846 303 1881 vel
325 1844 434 1891 dirigi,
461 1843 515 1879 sed
544 1844 629 1878 velut
656 1844 762 1878 datum
791 1843 820 1877 111
857 1845 1001 1892 praedam

256 1897 295 1932 ab
317 1895 392 1942 ipsis
420 1903 450 1928 et
483 1895 548 1929 suis
569 1902 727 1942 tamquam
750 1906 765 1928 a
789 1894 1003 1941 praedonibus

258 1951 427 1985 inhumane
451 1950 586 1995 tractari,
615 1949 753 1996 undique
779 1950 893 1997 diripi,
917 1957 1002 1984 tota-

257 2001 388 2048 literque
421 2001 582 2043 consumi,
610 2001 804 2036 diversorum
841 2000 1003 2036 Romano-

257 2063 324 2086 rum
356 2051 546 2086 Pontificum
574 2051 853 2099 praedecessorum
878 2060 1003 2087 nostro-

255 2113 336 2145 rnm,
359 2109 389 2135 et
408 2110 528 2136 nostras
549 2114 641 2136 aures
661 2101 794 2149 perculit
815 2110 844 2136 et
866 2101 902 2136 ad
918 2114 1003 2149 prae-

256 2150 408 2185 dictorum
439 2151 677 2192 correctionem,
715 2151 874 2199 ipsiusque
915 2152 999 2199 regni

256 2204 458 2240 directionem
481 2217 518 2240 eo
539 2205 706 2252 specialius
735 2205 859 2240 illorum
887 2215 917 2241 ct
945 2219 1002 2241 no-

256 2266 355 2293 strum
384 2259 528 2294 excitavit
560 2259 706 2305 officium,
741 2260 841 2296 affecit
863 2261 1002 2306 animos,

257 2313 436 2361 provocavit
457 2314 596 2356 affectus,
630 2315 713 2362 quod
738 2315 820 2350 idem
849 2328 978 2363 reguum
994 2344 1001 2357 ,

257 2367 342 2415 quod
377 2375 423 2403 est
456 2367 616 2403 Romanae
650 2369 809 2405 Ecclesiae
837 2372 1001 2412 censuale,

256 2423 313 2470 ipsi
336 2422 496 2458 Ecclesiae
519 2423 693 2470 specialiori
722 2425 788 2460 iure
818 2433 951 2460 tenetur.

304 2478 324 2524 5
352 2480 381 2511 1.
412 2477 539 2512 Dudum
563 2478 720 2525 siquidem
748 2491 819 2514 cum
841 2480 877 2514 ad
903 2480 1001 2515 felicis

72 2532 481 2594 Alpheum-3013recordationis
511 2533 642 2568 Houorii
677 2533 779 2581 Papae
808 2534 1001 2582 praedeces-

59 2573 192 2634 ζῖηῇζὲοὲζο
209 2606 241 2627 h„
256 2587 334 2622 soris
362 2588 457 2622 nostri
481 2587 672 2623 audientiam
697 2589 803 2625 validis
831 2589 999 2625 multorum

58 2638 157 2663 ⁸⁰⁹³¹¹¹⁶‘
179 2643 242 2664 ¹⁰³⁸·
255 2640 445 2677 clamoribus
476 2642 679 2689 pervenisset,
719 2643 802 2690 quod
842 2644 1000 2691 quondam

856 250 1040 276 GREGomUS
1067 249 1087 271 X
1117 249 1165 271 PP.

1697 236 1742 266 29
1808 244 1856 271 An,
1879 245 1897 271 c
1923 244 1986 271 1275

1045 303 1228 350 Alplionsus
1251 301 1459 348 portugalliae
1488 313 1539 336 rex
1568 300 1710 336 timorem
1742 299 1988 334 di-tuniueutabhu-

1046 353 1106 387 vini
1130 352 1267 387 nominis
1301 359 1331 386 et
1358 363 1496 386 amorem
1524 349 1744 385 damnabiliter
1774 362 1789 384 a
1806 339 1893 390 Lfflflm
1922 338 1987 359 'hm'

1045 415 1077 437 se
1101 414 1228 449 prorsus
1242 401 1405 441 abiiciens,
1423 409 1453 434 et
1475 409 1631 447 tamquam
1650 399 1687 435 ad
1713 400 1790 435 eius.-

1045 452 1116 486 dem
1141 451 1228 498 regni
1255 459 1285 486 et
1320 451 1530 485 habitatorum
1558 461 1687 484 suorum
1714 461 1792 484 con-

1045 501 1264 542 culcationem,
1292 513 1347 536 seu
1372 498 1477 547 potius
1498 498 1725 534 desolationem
1742 513 1792 534 ex-

1046 559 1174 586 tremam
1203 558 1232 585 et
1254 550 1491 585 subversionem
1515 549 1731 584 omnimodam
1746 561 1794 584 ec-

1045 601 1236 636 clesiasticae
1258 599 1409 635 libertatis
1429 598 1461 633 in
1479 598 1588 645 spiritu
1614 598 1791 645 tyrannicae

1046 650 1272 697 persecutionis
1299 648 1461 693 anhelans,
1485 648 1564 682 inter
1585 655 1704 683 caetera
1722 661 1793 694 gra-

1047 700 1090 734 via
1119 707 1149 734 et
1170 699 1322 738 enormia,
1350 698 1467 746 quibus
1498 705 1604 732 contra
1637 709 1671 732 se
1700 698 1792 731 ultio-

1046 762 1120 784 num
1140 749 1313 784 Dominum
1341 746 1539 794 provocabat,
1561 755 1791 782 sacrosanctam

1045 799 1217 834 Ecclesiam
1250 810 1397 845 sponsam
1435 797 1504 832 eius
1537 797 1567 830 in
1600 808 1697 843 regno
1724 796 1792 844 ipso

1044 849 1190 883 ancillare
1219 860 1273 895 pro
1300 847 1419 882 viribus
1452 845 1621 892 satagebat,
1650 854 1710 880 tam
1734 859 1793 881 ca-

1046 897 1251 942 thedralibus,
1274 909 1367 944 quarn
1385 896 1454 932 aliis
1469 895 1631 940 Ecclesiis,
1654 908 1711 931 nec
1732 909 1791 930 11011

1047 948 1253 988 monasteriis,
1277 945 1497 994 hospitalibus,
1524 944 1683 988 domibus,
1710 945 1794 980 aliis-

1045 1009 1106 1045 que
1129 997 1284 1043 religiosis
1311 996 1388 1032 locis
1411 1004 1442 1030 et
1464 994 1586 1030 clericis
1607 994 1682 1030 dicti
1706 997 1791 1041 regui

1045 1047 1191 1082 collectas
1217 1054 1248 1081 et
1273 1045 1333 1081 alia
1367 1043 1579 1093 importabilia
1613 1045 1792 1092 gravamina

1046 1104 1327 1143 praesumptuosus
1350 1095 1533 1142 imponens,
1564 1093 1640 1129 alias
1661 1093 1790 1129 eandem

1044 1146 1176 1180 diversis
1196 1153 1226 1180 et
1249 1145 1341 1180 variis
1367 1143 1590 1179 afflictionibus
1618 1143 1792 1191 opprimen-

1044 1195 1100 1236 do,
1130 1194 1288 1241 praefatus
1316 1194 1537 1241 praedecessor
1557 1192 1706 1228 eumdem
1735 1193 1794 1228 Al-

1045 1245 1202 1292 pliousum
1228 1256 1282 1291 per
1297 1256 1370 1279 suas
1388 1244 1491 1278 literas
1513 1242 1702 1289 rogandum,
1725 1255 1792 1277 mo-

1045 1293 1185 1328 nendum
1214 1293 1301 1328 duxit
1337 1293 1485 1329 attentius
1520 1300 1551 1327 et
1579 1291 1766 1326 hortandum
1784 1320 1791 1333 ,

1044 1343 1213 1378 obsecrans
1228 1354 1282 1390 per
1304 1342 1519 1391 aspersionem
1533 1340 1708 1387 Sanguinis
1722 1341 1792 1376 Iesu

1044 1392 1173 1434 Christi,
1211 1400 1244 1427 ut
1278 1391 1384 1439 culpas
1415 1403 1487 1426 suas
1514 1390 1674 1426 humiliter
1702 1403 1792 1426 reco-

1042 1454 1209 1489 gnoscens,
1226 1442 1363 1477 converti
1380 1441 1417 1477 ad
1433 1441 1606 1476 Dominum
1622 1439 1791 1484 festinaret,

1043 1502 1072 1527 et
1094 1493 1132 1527 ab
1160 1492 1377 1527 Ecclesiarum
1404 1499 1434 1526 et
1463 1501 1667 1538 personarum
1690 1490 1793 1526 eccle—

1043 1543 1239 1577 siasticarum
1257 1541 1408 1577 molestiis
1426 1548 1457 1576 et
1476 1539 1708 1587 gravaminibus
1723 1552 1792 1575 orn-

1043 1592 1118 1627 nino
1145 1591 1320 1631 desistens,
1361 1591 1460 1626 bonae
1491 1589 1662 1625 memoriae
1688 1589 1788 1625 archi-

1042 1642 1192 1689 episcopo
1211 1641 1414 1685 Bracliaren.,
1438 1639 1490 1688 qui
1506 1639 1688 1674 huiusmodi
1701 1651 1791 1675 occa-

1042 1692 1131 1726 sione
1158 1692 1375 1737 gravaminum
1403 1691 1432 1725 in
1455 1688 1604 1725 eumdem
1632 1701 1737 1736 regem
1757 1702 1792 1724 ac

1044 1741 1213 1776 nonnullos
1241 1741 1412 1789 complices
1438 1739 1790 1779 excommunicationis,

1042 1799 1072 1826 et
1109 1800 1220 1826 terram
1253 1791 1351 1838 ipsius
1382 1789 1610 1837 metropolitica
1637 1788 1695 1824 sibi
1724 1789 1791 1836 lege

1043 1842 1214 1876 subiectam
1250 1841 1405 1876 interdicti
1447 1839 1619 1875 sententias
1660 1838 1792 1873 duxerat

1044 1891 1302 1939 proniulganda5‚
1330 1892 1370 1927 de
1396 1891 1520 1926 damnis
1546 1898 1578 1925 et
1600 1890 1724 1925 iniuriis
1746 1902 1793 1924 ar-

1043 1944 1245 1993 chiepiscopo
1269 1943 1413 1990 irrogatis
1428 1942 1529 1978 eidem
1545 1941 1789 1977 satisfactionem

1044 1995 1212 2043 plenariam
1236 1994 1407 2038 exhiberet,
1429 1994 1523 2028 certis
1539 2005 1636 2041 super
1650 1993 1709 2028 hoc
1724 2005 1789 2029 exe-

1042 2045 1207 2093 qutoribus
1230 2044 1406 2093 deputatis,
1441 2043 1635 2091 adiectisque
1656 2044 1791 2079 commi-

1044 2095 1223 2130 nationibus
1245 2094 1394 2141 gravibus
1420 2102 1450 2128 ct
1477 2093 1622 2133 diversis,
1649 2106 1730 2141 quae
1752 2094 1790 2128 de

1044 2145 1130 2191 regni
1155 2145 1248 2180 etiam
1273 2144 1444 2180 amissione
1471 2143 1670 2179 formidinem
1695 2143 1790 2190 inge—

1044 2195 1163 2229 rebant.

1091 2245 1111 2292 3
1132 2246 1165 2278 2.
1191 2244 1337 2291 Cumque
1353 2243 1511 2291 quondam
1529 2242 1676 2278 Sanctius
1693 2242 1789 2290 ipsius
1816 2252 1926 2289 Sanctiu-¹
1951 2253 1986 2273 Ata

1042 2294 1197 2340 Alpliousi
1236 2295 1318 2329 filius
1355 2302 1385 2329 et
1426 2294 1455 2328 iu
1494 2304 1589 2340 regno
1625 2305 1789 2328 successor
1803 2284 1986 2341 ssssssssssssffluid}

1042 2345 1164 2385 eodem,
1189 2353 1344 2391 tamquam
1368 2344 1398 2377 111
1419 2344 1521 2390 ipsum
1543 2354 1615 2377 cum
1635 2342 1787 2389 sanguine
1803 2348 1882 2383 01⁹de
1925 2346 1986 2367 rehu*

1044 2394 1224 2429 huiusmodi
1248 2394 1397 2442 pravitate
1418 2393 1542 2433 diffusa,
1565 2391 1711 2439 fugienda
1735 2404 1788 2427 se·
1803 2381 1901 2399 mmm

1042 2456 1142 2491 quens
1169 2444 1294 2490 vestigia
1321 2442 1485 2489 genitoriS,
1512 2453 1662 2477 excessus
1689 2454 1790 2477 enor-

1043 2506 1110 2529 mes
1132 2494 1162 2528 in
1191 2493 1417 2529 ecclesiasticas
1439 2500 1469 2526 et
1492 2491 1651 2538 religiosas
1674 2504 1790 2539 perso-

1043 2556 1098 2579 nas
1125 2556 1185 2578 non
1211 2555 1324 2586 miuus,
1358 2554 1454 2576 immo
1489 2554 1587 2588 magis
1615 2542 1789 2589 perniciose

1042 2594 1269 2633 committeret,
1306 2604 1395 2639 prava
1431 2591 1585 2640 quaedam
1620 2600 1650 2627 et
1684 2591 1788 2640 iniqua

1042 2644 1122 2678 inter
1144 2651 1263 2678 caetera
1293 2641 1513 2689 prosequendo
1543 2648 1675 2684 statuta,
1710 2654 1788 2691 quae
