2274 3265
103 281 151 306 An.
170 279 197 303 C.
219 279 284 305 ¹539

115 1282 142 1303 De
158 1284 254 1304 accubitu
265 1285 285 1305 in

102 1316 198 1335 donnum
205 1321 237 1334 ns.

906 276 1099 300 nnxnntc'rtts
1121 277 1164 299 ΧΙΙ
1189 276 1236 299 ΙΨ.

302 341 444 381 tempore
467 334 649 369 huiusmodi
674 333 885 381 impositionis
906 334 1051 380 praclue-

302 383 376 423 rint,
398 395 493 430 quam
518 396 721 419 successores
741 395 851 418 eorum
875 383 995 418 solvere
1012 390 1049 417 te-

302 441 447 468 neantur.

350 483 370 530 S
392 484 448 517 48.
468 481 510 517 Ut
530 482 640 518 salutis
661 483 790 518 Auctori
814 482 922 529 purius
937 482 1051 517 servia-

118 541 146 560 Ab
176 546 212 560 εει·
238 546 287 560 cur-
302 539 364 576 tur,
386 533 553 567 statuimus
577 532 661 580 quod
686 533 822 568 universi
844 531 985 566 canonici
1002 544 1051 566 rc-

103 578 158 591 ninm
204 572 286 598 quand·

102 603 256 622 abstinendum.

302 581 427 628 ligionis
443 582 598 630 praefatae
633 582 672 616 ab
695 595 749 617 esu
773 582 914 617 carnium
938 581 1051 616 diebus

302 632 438 672 veneris,
460 631 580 666 sabbati
609 641 639 666 et
672 644 727 679 per
754 640 852 666 totum
869 630 1049 666 Adventum

302 680 430 716 Domini
441 681 586 716 studeant
595 681 766 722 abstinere,
782 693 842 716 non
853 681 1052 716 obstantibus

299 731 426 766 statutis
449 731 494 765 vel
513 731 679 766 contrariis
700 731 970 779 quibuscumque.
988 730 1051 765 Su-

301 793 356 827 per
382 780 571 815 abstinentia
606 793 678 815 vero
709 781 749 816 ab
776 793 831 816 esu
868 780 1050 815 huiusmodi

299 830 441 865 carnium
470 830 499 864 in
523 838 632 876 quarta
657 830 728 865 feria
753 839 782 864 et
810 831 1051 878 septuagesima,

301 879 429 927 praelati
451 891 507 914 seu
522 879 584 919 alii,
599 880 637 914 ad
662 892 742 927 quos
764 881 961 927 spectaverit,
976 893 1051 915 con-

300 928 485 965 suetudines
508 937 538 963 et
567 937 703 973 statuta,
727 931 854 977 antiqua
884 938 913 964 et
945 942 1023 964 nova
1043 957 1050 966 .

301 978 430 1013 honesta
468 988 498 1013 et
533 979 727 1014 rationabilia
750 992 880 1014 suorum
910 979 1050 1015 locorum

299 1037 436 1072 servent,
464 1038 494 1064 et
517 1028 632 1063 faciant
665 1029 835 1064 observari.
863 1029 929 1063 Illis
948 1038 1050 1064 tamen

299 1078 353 1125 qui
372 1078 410 1113 ad
435 1078 584 1113 maiorem
604 1078 828 1113 abstinentiam
852 1087 928 1113 sunt
943 1079 1053 1113 adstri-

300 1128 353 1168 cti,
370 1140 426 1175 per
441 1127 501 1162 boc
515 1140 603 1163 esum
620 1129 760 1163 carnium
779 1141 838 1163 non
857 1128 1052 1163 intendimus

300 1177 476 1224 indulgere.

348 1227 369 1274 g
390 1229 449 1262 49.
484 1226 609 1262 Rursus
633 1227 856 1273 praecipimus,
879 1227 963 1274 quod
992 1240 1052 1262 ca—

301 1277 404 1311 nonici
438 1276 601 1322 religionis
636 1276 778 1311 eiusdem
817 1277 993 1311 residentes
1021 1278 1050 1311 in

300 1326 458 1367 claustris,
480 1338 591 1360 omnes
613 1326 721 1365 simul,
751 1325 796 1359 vel
829 1327 853 1360 si
883 1326 1052 1361 multitudo

300 1387 410 1410 eorum
434 1387 496 1410 non
517 1375 602 1415 sinit,
624 1375 734 1409 saltem
752 1383 871 1422 quanto
895 1375 999 1421 plures
1013 1388 1050 1411 ex

300 1425 377 1472 ipsis
391 1424 558 1460 commode
574 1432 732 1471 poterunt,
751 1425 780 1458 in
796 1437 856 1459 una
871 1424 966 1459 domo
983 1425 1053 1460 dor-

299 1474 398 1509 miant
419 1482 451 1509 et
480 1474 656 1521 quiescant,
680 1475 764 1509 iuxta
789 1474 942 1521 regularia
960 1476 1051 1510 insti-

300 1532 364 1558 tuta
381 1525 546 1564 canonica,
570 1536 632 1558 non
651 1524 803 1558 babentes
817 1533 977 1571 separatas
996 1537 1051 1560 ca-

300 1585 403 1609 meras
419 1574 483 1608 sive
505 1572 614 1618 cellas,
637 1574 777 1621 exeeptis
792 1574 839 1617 iis,
854 1574 907 1620 qui
926 1583 1052 1622 propter

299 1631 517 1662 senectutem,
548 1623 743 1658 valetudines
777 1623 976 1671 corporaleS,
999 1633 1048 1659 aut

300 1681 429 1720 propter
455 1672 745 1708 administrationes
763 1685 816 1707 seu
841 1673 954 1714 officia,
969 1687 1051 1721 quae

299 1723 468 1769 gesserint,
493 1722 539 1756 vet
562 1735 599 1757 ex
622 1722 691 1757 aliis
712 1723 817 1758 causis
833 1723 916 1757 iuxta
940 1723 1052 1771 dispo-

299 1772 446 1807 sitionem
470 1773 518 1807 sui
543 1772 717 1819 superioris
745 1773 971 1808 rationabiliter
996 1786 1052 1808 ex-

297 1830 461 1857 cusantur.
488 1822 666 1857 Statuimus
688 1823 780 1857 etiam
804 1822 887 1868 quod
918 1822 946 1856 in
979 1823 1053 1857 dor-

299 1872 433 1906 mitoriis
458 1872 553 1906 cellas
576 1883 637 1906 non
667 1871 872 1915 habentibus,
894 1872 992 1907 cellae
1014 1873 1053 1907 de

298 1929 422 1956 caetero
445 1921 550 1955 nullae
573 1921 658 1956 liant.
689 1921 908 1956 Permittimus
935 1929 1052 1963 tamon,

298 1971 382 2018 quod
410 1972 440 2005 in
462 1971 520 2008 eis,
544 1970 596 2005 ubi
629 1980 703 2005 sunt
725 1972 821 2006 cellae
854 1972 913 2005 iam
942 1971 1051 2012 sactae,

299 2029 502 2061 remaneant;
524 2020 579 2054 sed
598 2033 613 2054 3
638 2029 723 2067 parte
749 2021 896 2056 anteriori
918 2021 1051 2056 debeant

299 2070 425 2117 aperiri,
458 2071 496 2104 ita
521 2070 604 2117 quod
628 2082 644 2104 a
665 2070 903 2106 transeuntibus
918 2099 925 2111 ‚
946 2071 975 2105 bi
999 2072 1050 2119 qui

300 2120 379 2155 intra
403 2120 541 2163 fuerint,
565 2121 707 2167 conspici
736 2121 856 2155 valeant
883 2129 911 2155 ct
944 2121 1052 2161 videri,

299 2177 329 2204 et
356 2170 438 2217 quod
463 2181 517 2217 per
545 2170 700 2216 praelatos
722 2170 862 2206 locorum
891 2170 967 2204 infra
999 2183 1051 2205 sex

301 2231 428 2254 menses
442 2232 457 2254 a
481 2227 634 2266 tempore,
656 2232 720 2267 quo
739 2228 921 2268 praesentes
940 2221 1052 2255 consti-

300 2269 437 2304 tutiones
460 2269 575 2304 fuerint
599 2270 797 2316 publicatae,
826 2270 871 2305 vel
897 2270 973 2317 ipsis
996 2283 1053 2305 ne-

300 2319 492 2365 gligentibus
515 2331 570 2353 seu
601 2331 661 2353 non
687 2319 872 2358 valentibus,
897 2332 953 2366 per
974 2321 1053 2354 visi-

301 2376 418 2403 tatores
442 2369 472 2403 in
493 2369 740 2416 provincialibus
761 2369 907 2416 capitulis
925 2370 1053 2417 deputa-

302 2426 362 2459 tos,
376 2419 405 2452 in
421 2419 518 2465 prima
530 2419 714 2459 visitatione,
725 2432 818 2466 quam
829 2420 1051 2466 impenderint,

301 2480 412 2502 omnes
438 2468 516 2502 tales
537 2468 634 2503 cellae
656 2469 695 2503 ab
715 2469 863 2504 anteriori
889 2478 974 2517 parte
997 2470 1052 2504 de-

303 2517 396 2552 bcant
418 2518 549 2564 aperiri,
572 2527 601 2552 et
623 2519 648 2553 si
671 2531 767 2567 snper
790 2519 848 2554 boc
867 2519 981 2554 suerint
1001 2521 1052 2554 ali-

302 2568 356 2614 qui
392 2569 573 2603 resistentes
604 2568 649 2602 vel
674 2569 936 2616 impedimentum
961 2582 1052 2617 prae-

303 2626 421 2652 stantes
443 2630 498 2653 sen
528 2620 676 2665 praestari
702 2627 916 2665 prorui-antes,
940 2621 984 2654 vel
1013 2621 1050 2655 ad

304 2667 333 2701 id
351 2667 460 2702 dantes
476 2668 640 2712 auxilinm,
656 2669 822 2704 consilium
840 2670 884 2704 vel
903 2669 1051 2709 favorem,

1722 269 1790 301 >4:35

1093 333 1218 380 publice
1242 333 1288 367 vel
1317 333 1449 374 occulte,
1474 334 1519 369 vel
1544 334 1725 369 buiusmodi
1749 336 1842 370 cellas

1092 382 1130 417 dc
1153 395 1233 417 novo
1261 383 1362 418 facere
1385 393 1633 430 praesumentes,
1656 396 1842 419 excommu-

1093 432 1260 467 nicationis
1282 433 1440 468 incurrant
1463 434 1649 469 sententiam
1666 434 1734 482 ipso
1750 435 1839 469 facto.

1091 481 1182 524 Quos
1214 482 1307 516 etiam
1343 482 1399 528 ipsi
1430 483 1557 530 praelati
1597 493 1626 518 et
1666 484 1842 519 visitatori-s

1093 532 1221 578 praefati
1252 544 1307 579 per
1334 532 1390 566 alia
1409 533 1485 567 iuris
1511 542 1541 568 ct
1566 533 1666 580 ipsius
1682 534 1843 581 religionis

1094 581 1231 616 remedia
1285 582 1404 616 valeant
1444 595 1540 629 snper
1574 583 1623 617 bis
1659 584 1843 619 auctoritate·

1091 631 1262 678 apostolica
1287 643 1444 666 coercere.
1465 632 1514 666 Ab
1537 632 1718 667 huiusmodi
1739 642 1842 668 antem

1092 682 1429 722 excommunicatione,
1457 682 1481 716 si
1511 682 1609 729 ipsam
1635 683 1843 724 incurrerint,

1094 731 1216 778 possint
1246 731 1363 766 absolvi
1392 744 1449 779 per
1482 732 1657 767 visitatores
1691 732 1844 780 praefatos

1094 780 1139 815 vel
1165 793 1220 828 per
1247 781 1403 828 praelatos
1431 781 1632 817 immediatos
1653 795 1787 826 eorum,
1814 792 1841 816 et

1093 842 1164 865 cum
1188 831 1235 865 eis
1249 843 1346 879 super
1367 831 1606 878 irregularitate,
1629 832 1654 866 si
1671 845 1765 880 quam
1781 832 1845 866 sor-

1093 893 1147 915 san
1164 881 1387 922 contraxerint,
1402 894 1456 929 per
1473 882 1706 929 simplicitatem
1722 889 1753 917 et
1770 882 1845 917 iuris

1093 930 1300 976 ignorantiam
1329 934 1412 974 (non
1437 940 1538 966 tamen
1575 932 1604 966 in
1628 940 1843 979 contemptum

1093 981 1251 1023 clavium)
1279 981 1468 1016 celebrando
1490 981 1593 1017 divina
1617 981 1664 1017 vel
1687 994 1721 1016 se
1755 982 1845 1027 inge-

1094 1030 1190 1065 rendo
1220 1030 1363 1075 eisdem,
1388 1043 1442 1079 per
1469 1031 1597 1067 eosdem
1627 1031 1749 1067 valeant
1777 1031 1845 1065 dis-

1095 1091 1231 1126 pensari.

1142 1130 1245 1176 §50-
1287 1129 1463 1176 Religionis
1497 1131 1640 1166 eiusdem
1680 1131 1844 1166 consuler(¹

1094 1179 1268 1213 commodis
1302 1187 1331 1214 et
1369 1192 1554 1227 praecavere
1581 1180 1757 1227 dispendiis
1783 1193 1844 1215 cu-

1094 1228 1228 1274 pientes,
1251 1229 1419 1263 statuimus
1442 1238 1474 1264 nt
1496 1230 1598 1277 siquis
1619 1230 1780 1265 Ecclesiae
1793 1242 1845 1265 ca-

1094 1277 1239 1318 thedrali,
1264 1279 1468 1319 monasterio,
1495 1280 1658 1326 prioratui,
1682 1280 1845 1328 praeposi-

1093 1334 1180 1361 turae
1198 1339 1252 1362 seu
1271 1327 1534 1363 administrationi
1558 1329 1660 1364 cuivis
1681 1329 1783 1364 dictae
1799 1341 1845 1364 re-

1094 1376 1217 1422 ligionis
1235 1376 1430 1424 praesidens,
1450 1387 1503 1412 aut
1521 1378 1656 1425 simplex
1671 1379 1844 1414 canonicus

1093 1437 1147 1459 seu
1170 1438 1343 1460 conversus
1363 1427 1524 1474 religionis
1548 1428 1702 1468 eiusdem,
1727 1428 1844 1476 privile-

1093 1475 1155 1521 gia,
1180 1475 1284 1510 literas
1307 1476 1353 1511 vel
1375 1477 1583 1512 instrumenta
1611 1490 1762 1513 concessa
1789 1490 1843 1512 seu

1093 1524 1235 1560 confecta
1247 1538 1343 1573 super
1357 1526 1568 1572 libertatibus,
1579 1528 1846 1575 possessionibus,

1094 1574 1188 1609 rebus
1210 1588 1264 1609 sen
1298 1576 1421 1611 iuribus
1443 1577 1628 1612 eorumdem
1646 1605 1654 1617 ,
1687 1585 1739 1612 aut
1775 1590 1845 1612 vasa

1093 1636 1184 1659 aurea
1202 1638 1257 1660 seu
1272 1635 1418 1671 argentea
1442 1627 1548 1661 divino
1571 1627 1669 1662 cultui
1693 1627 1846 1664 dedicata.

1095 1685 1217 1709 necnon
1241 1675 1402 1722 reliquias,
1424 1685 1605 1711 ornamenta
1622 1677 1846 1714 ecclesiastica.

1094 1723 1190 1758 libros
1212 1733 1329 1760 autres
1351 1725 1426 1760 alias
1448 1726 1603 1761 notabiles
1623 1727 1671 1762 vel
1696 1727 1847 1774 pretiosas

1094 1773 1248 1820 ipsorum,
1276 1782 1360 1809 extra
1383 1775 1570 1816 Ecclesiam,
1595 1777 1821 1812 monasterinm
1839 1805 1846 1818 ,

1095 1823 1264 1869 prioratum
1302 1837 1357 1859 seu
1392 1825 1701 1862 administrationem
1732 1827 1847 1862 buius-

1095 1872 1203 1913 modi,
1227 1875 1256 1908 in
1289 1874 1440 1909 damnum
1465 1875 1629 1922 ipsorum,
1658 1877 1740 1924 apud
1771 1889 1847 1911 suos

1094 1924 1349 1969 consanguineos
1377 1924 1423 1959 vel
1448 1925 1645 1974 propinquos
1666 1938 1721 1961 seu
1749 1939 1846 1974 quos-

1094 1984 1232 2019 cumque
1270 1973 1349 2008 alios
1384 1974 1603 2010 fraudulenter
1634 1985 1846 2024 transportare

1094 2034 1149 2056 seu
1173 2031 1278 2057 tenere
1295 2025 1543 2072 praesumpserit
1570 2026 1654 2069 (nisi
1672 2026 1750 2061 infra
1766 2026 1846 2060 ‹luo-

1096 2084 1162 2106 rum
1202 2074 1358 2108 mensium
1387 2075 1546 2121 spatium,
1581 2084 1674 2123 prout
1697 2076 1845 2123 possibile

1095 2124 1187 2160 fuerit
1206 2126 1247 2167 ei,
1275 2127 1312 2161 ad
1336 2127 1402 2163 loca
1427 2128 1492 2176 ipsa
1521 2128 1702 2174 reduxerit,
1730 2130 1846 2164 velea-

1094 2179 1164 2214 dem
1188 2180 1254 2215 loca
1278 2194 1333 2216 seu
1356 2182 1646 2219 administrationes
1663 2183 1740 2219 inl'ra
1762 2184 1844 2219 idem

1094 2234 1229 2280 spatium
1248 2235 1407 2271 indemnia
1431 2236 1673 2282 reddiderit),ex
1687 2245 1762 2273 tunc
1777 2250 1846 2286 pos-

1094 2287 1201 2323 sidens
1222 2290 1298 2336 ipsa,
1320 2290 1454 2335 tamdiu,
1476 2290 1577 2326 donec
1606 2292 1789 2340 praemissa,
1814 2302 1843 2327 ut

1096 2343 1280 2389 praefertur,
1302 2345 1540 2391 emendaverit,
1569 2346 1609 2381 ab
1636 2346 1844 2381 administra-

1096 2398 1179 2433 tione
1204 2399 1424 2446 temporalium
1447 2400 1689 2447 sitsuspensus;
1708 2401 1842 2448 simplex

1095 2464 1166 2487 vcro
1189 2454 1361 2488 canonicus
1387 2453 1431 2488 vel
1460 2466 1644 2495 conversus,
1671 2455 1709 2490 ad
1745 2455 1844 2490 bene-

1095 2507 1162 2541 ficia
1186 2520 1240 2542 seu
1269 2508 1370 2543 officia
1394 2509 1553 2555 quaelibet
1570 2509 1731 2555 religionis
1746 2509 1846 2558 ipsius

1094 2561 1282 2604 obtinenda,
1309 2563 1348 2597 sit
1382 2575 1419 2597 eo
1452 2563 1519 2610 ipso
1547 2564 1664 2598 tamdiu
1685 2564 1844 2606 inhabilis,

1093 2628 1260 2664 quousque
1295 2630 1350 2664 per
1388 2617 1607 2653 immediatum
1647 2619 1843 2666 superiorem

1095 2671 1212 2718 ipsius,
1246 2672 1459 2707 satisfactione
1484 2674 1674 2721 praemissa,
1701 2685 1773 2708 cum
1801 2675 1846 2708 eis

1858 278 1904 304 An.
1925 278 1950 304 C.
1972 279 2039 305 ¹330

1862 1138 1881 1158 1ἰ
1890 1139 1980 1164 irilegm,
1996 1140 2045 1159 tite-

1861 1177 1901 1192 ι·ι-,
1914 1174 2045 1190 instrumen-

1861 1205 1888 1224 ta,
1904 1202 1986 1228 ultaque
2003 1208 2046 1221 rno-

1861 1233 1909 1251 bdia
1921 1236 1941 1252 et
1953 1233 2047 1253 immobi-

1869 1270 1887 1282 ΙΔ
1905 1270 1940 1283 -ΙΙΓΙ
1951 1270 1991 1283 ΙΙΙΙΙ]
2004 1270 2046 1283 ΠΗ)-

1862 1296 1928 1314 »eima
1945 1295 1990 1314 lot-u
