2274 3265
248 288 295 313 Αιι,
318 289 336 313 (ἶ
363 287 430 315 ΝΛΞ

261 1418 401 1439 Εικ1ς<1ειιιιιιι

240 1450 355 1475 pinel-itus,
400 1457 423 1469 e*

241 1486 283 1505 μς,
296 1481 391 1507 altosque
403 1488 413 1500 ιι

240 1512 331 1531 concilio
355 1515 422 1531 tnter*

240 1546 288 1562 sint,
307 1542 408 1562 lioitatui,

494 278 560 310 664

446 343 610 376 >ceuritate
632 342 764 376 civitatis
787 342 989 377 Constantine
1008 345 1196 389 antedictae,

444 408 536 441 «piam
560 395 760 430 securitatem
799 396 866 442 ipse
895 408 947 431 rex
973 398 1194 444 praestiturum

444 459 471 482 et
493 450 521 483 in
546 450 614 496 ipso
637 449 770 483 concilio
794 450 1002 496 personaliter
1024 451 1194 486 afl'nturum

445 503 622 547 pollicetur,
638 502 779 537 volentes
795 511 823 536 et
843 502 881 537 ab
895 503 1014 537 intImis
1030 506 1196 551 cupientes

444 567 475 590 nt
500 556 635 603 praefata
670 556 840 591 celebratio
873 557 998 592 concilii
1027 558 1195 593 salubriter

443 610 609 657 impleatur
635 619 664 644 et
699 619 840 658 optatum
875 621 1087 659 consequatur
1115 612 1196 646 ell'e—

441 673 539 705 ctum,
562 663 746 699 huiusmodi
771 665 956 700 electionem
981 666 1039 700 loci
1063 675 1093 700 et
1114 676 1195 701 tem-

443 719 527 763 poris
543 746 552 757 ‚
576 726 607 751 ut
630 718 806 765 praefertur
822 746 830 761 ,
855 719 980 763 factam,
1008 722 1194 756 auctoritate

441 773 631 818 apostolica,
660 780 769 806 tenore
808 773 1045 819 praesentium,
1072 775 1111 808 de
1140 788 1194 809 eo-

443 826 588 860 rumdem
624 826 752 860 fratrum
791 834 970 861 nostrorum
1004 829 1136 863 consilio
1164 838 1192 862 et

440 892 585 920 assensu,
608 880 810 921 ratificamus,
834 880 1046 926 approbamus
1068 890 1099 916 et
1121 894 1194 916 con-

441 935 612 973 firmamus,
635 946 671 968 ac
693 934 720 968 ei
740 933 904 980 apostolici
935 934 1056 968 roboris
1083 935 1194 969 adiici-

441 999 509 1019 inus
533 987 724 1025 firmitatem,
755 987 992 1034 praefatumque
1021 989 1192 1023 concilium

441 1041 470 1073 in
494 1041 617 1075 civitate
641 1040 799 1088 praedicta
823 1040 1062 1076 Constanticnsi
1092 1042 1142 1076 die
1175 1045 1185 1076 1

439 1095 556 1129 mensis
589 1094 772 1130 novembris
803 1095 945 1142 proxime
980 1097 1101 1131 venturi
1132 1097 1193 1131 ini-

438 1148 579 1183 tiandum
603 1158 644 1189 et,
669 1157 797 1184 auctore
825 1148 975 1188 Domino,
1000 1149 1115 1184 exinde
1138 1164 1192 1186 ce-

439 1202 636 1246 lebrandum,
651 1202 761 1237 eadem
779 1203 962 1237 auctoritate
977 1211 1005 1237 et
1020 1216 1191 1244 consensu,

436 1255 545 1290 barum
569 1257 649 1291 serie
676 1257 857 1300 statuimus,
883 1258 1136 1303 proimnciamus
1163 1268 1192 1292 et

437 1310 651 1345 decernimus.

485 1368 500 1406 ἃ
529 1366 560 1398 7.
588 1364 793 1399 venerabiles
827 1364 938 1399 fratres
974 1373 1099 1399 nostros
1135 1378 1191 1412 pa-

438 1417 601 1462 triarchas,
623 1419 889 1465 archiepiscopos,
908 1419 1086 1466 episcopos,
1102 1428 1131 1453 et
1148 1420 1191 1454 di-

439 1472 535 1505 lectos
572 1472 653 1506 filios
676 1472 810 1517 electos,
838 1471 966 1506 abbates
993 1480 1023 1506 et
1050 1481 1191 1508 caeteros

439 1524 650 1560 Ecclesiarum
681 1534 711 1559 et
741 1526 1003 1560 monasteriorum
1036 1527 1191 1573 praelatos

439 1579 644 1624 requirentes,
665 1579 826 1614 hortantes
847 1587 875 1613 ct
901 1588 1079 1623 monentes,
1103 1593 1136 1615 ac
1160 1581 1188 1614 in

437 1633 549 1667 virtute
566 1633 703 1680 praestiti
729 1634 897 1667 iuramenti
922 1642 952 1667 et
971 1643 1099 1668 sanctae
1113 1635 1191 1669 obe-

436 1685 571 1721 dientiae
593 1687 711 1721 eisdem
736 1686 923 1721 mandantes
939 1695 1097 1734 quatenus
1118 1701 1190 1735 per-

435 1741 600 1782 sonaliter,
631 1754 751 1775 necnon
782 1741 963 1775 carissimos
996 1741 1025 1775 in
1062 1742 1190 1777 Christo

437 1793 516 1827 filios
539 1806 639 1840 reges,
662 1803 693 1828 et
713 1794 835 1828 nobiles
858 1795 950 1835 viros,
965 1795 1075 1839 duces,
1100 1796 1188 1842 prin—

436 1848 533 1893 cipes,
557 1849 754 1883 marchiones
776 1859 806 1882 et
822 1848 913 1889 alios,
930 1849 982 1896 qui
1002 1849 1187 1884 huiusmodi

436 1902 569 1936 concilio
586 1903 736 1937 interesse
751 1902 881 1947 debent,
902 1903 948 1937 vel
965 1903 1019 1949 qui
1036 1903 1188 1950 prodesse

438 1964 568 2000 possunt
583 1956 823 2003 quoquomodo,
845 1969 898 2003 per
914 1957 1033 1991 viscera
1050 1957 1189 1992 caritatis

436 2007 474 2041 D.
511 2009 547 2043 N.
571 2008 639 2045 Iesu
671 2010 788 2045 Christi
820 2012 988 2045 invitantes
1015 2019 1045 2045 et
1071 2012 1187 2047 exhor-

437 2070 536 2096 tantes
564 2074 742 2110 qnatenuS,
773 2077 829 2111 pro
857 2077 932 2111 paee
965 2065 1125 2100 Ecclesiae
1158 2076 1188 2102 ct

436 2118 576 2151 omnium
594 2118 952 2162 christianortmi,etiam
970 2121 1187 2166 personaliter,

437 2170 495 2209 vel,
517 2171 540 2204 si
566 2172 772 2218 personaliter
806 2185 866 2207 non
892 2173 1027 2219 possint,
1052 2186 1106 2219 per
1128 2187 1186 2207 so-

436 2223 557 2259 lemnes
579 2235 731 2267 oratores,
754 2239 895 2273 congruo
919 2236 1083 2274 tempore,
1107 2241 1186 2263 con-

435 2277 506 2311 cilio
529 2278 613 2313 dieto
635 2280 769 2315 debeant
800 2281 962 2321 interesse,
986 2290 1018 2316 ut
1042 2282 1098 2320 sic,
1115 2296 1188 2317 con-

435 2341 560 2376 gregata
585 2333 722 2368 fidelium
760 2334 961 2369 multitudine
989 2337 1128 2383 copiosa,
1151 2349 1185 2371 ea

435 2398 514 2431 qnae
531 2386 560 2420 iu
576 2387 686 2422 eodem
702 2389 835 2422 concilio
851 2389 970 2434 agenda
987 2390 1186 2434 incumbunt,

437 2439 502 2472 Deo
524 2450 650 2475 auctore
672 2451 700 2475 et
723 2443 877 2485 adiutore,
905 2444 1073 2478 salubriter
1100 2445 1187 2478 ordi-

438 2502 561 2528 nentur.
585 2495 671 2529 Nulli
701 2508 776 2542 ergo
798 2505 850 2530 etc.

487 2548 598 2582 Datum
624 2549 749 2584 Laudae
772 2551 881 2597 quinto
906 2550 977 2584 idus
996 2550 1186 2590 decembris,

438 2602 640 2647 pontificatus
663 2604 759 2638 nostri
784 2617 866 2638 :iuno
888 2613 1011 2651 quarto.

465 2663 526 2693 Dat.
542 2665 589 2694 die
605 2665 622 2694 9
638 2664 805 2694 decembris
821 2666 906 2699 1413,
923 2670 1003 2704 pont.
1026 2674 1103 2694 anno
1120 2673 1155 2693 tv.

1026 292 1062 313 titt
1069 291 1124 313 ΗΑ
1131 291 1209 313 ΙΙΙΙΙΜ
1236 292 1301 313 mn!
1308 292 1323 313 't
1330 292 1395 313 NUM

1473 389 1695 440 tttARTtNtts
1729 392 1755 439 V

1498 494 1591 524 t’AI‘A
1615 495 1719 525 CCVlll

1348 578 1439 609 Anno
1470 576 1597 608 Domini
1624 576 1874 610 MCCCCXVJI.

1238 674 1348 745 Anno
1378 707 1470 738 1417
1487 733 1495 748 ,
1517 704 1569 738 die
1595 709 1632 739 tt
1670 705 1861 746 novembris,
1885 707 1989 741 cardi-

1238 764 1324 798 nales
1347 763 1462 809 aliique
1484 776 1499 797 a
1520 763 1655 798 concilio
1677 763 1913 798 Constantiensi
1939 778 1992 799 uo-

1238 822 1345 855 minati
1369 822 1522 855 electores
1551 822 1712 856 nationum
1738 822 1904 856 universali
1928 823 1991 857 Ec-

1236 879 1349 913 clesiae
1379 880 1557 927 praefecere
1589 879 1734 914 Odonem
1763 881 1919 914 Columna
1956 880 1989 914 S.

1237 937 1365 983 Georgii
1410 937 1447 972 ad
1485 938 1597 972 Velum
1639 938 1780 973 Aureum
1820 938 1988 972 diaconum

1236 995 1441 1037 cardinalem,
1465 996 1520 1042 qui
1544 996 1698 1031 Martinus
1718 995 1744 1029 V
1769 995 1863 1030 voluit
1879 996 1990 1042 appel-

1237 1053 1304 1094 lari,
1327 1062 1356 1087 ct
1379 1053 1430 1088 die
1452 1056 1492 1087 21
1535 1054 1653 1088 mensis
1685 1053 1840 1097 eiusdem,
1875 1066 1990 1087 conse-

1235 1111 1376 1146 cratione
1410 1120 1580 1159 suscepta,
1603 1111 1788 1146 solemniter
1819 1121 1990 1146 coronatus

1235 1177 1292 1203 est.
1308 1169 1379 1214 Hic,
1394 1170 1483 1204 annis
1498 1182 1570 1214 xtn,
1584 1169 1750 1204 mensibus
1764 1181 1815 1212 nt,
1828 1169 1940 1203 diebus
1954 1182 1988 1210 x,

1235 1227 1351 1274 quibus
1383 1228 1518 1262 Summo
1556 1228 1687 1274 praefuit
1714 1227 1913 1271 Sacerdotio,
1941 1240 1990 1262 re-

1234 1294 1350 1331 gnante
1361 1287 1390 1320 in
1402 1286 1578 1320 Occidente
1587 1285 1808 1332 sigismundo,
1818 1285 1849 1319 in
1859 1284 1990 1320 Oriente

1236 1356 1307 1378 vero
1330 1343 1539 1379 Emmanuele
1565 1344 1602 1385 ll,
1628 1356 1698 1378 mox
1722 1343 1841 1378 Ioanne
1863 1343 1916 1378 Vll
1936 1343 1988 1378 Pa-

1236 1402 1390 1449 laeologo,
1426 1402 1526 1436 tribus
1562 1402 1677 1436 habitis
1711 1401 1989 1448 promotionibus,

1234 1460 1343 1494 decem
1368 1469 1396 1494 et
1420 1470 1492 1495 octo
1514 1460 1690 1495 cardinales
1713 1460 1839 1500 creavit,
1868 1468 1990 1507 praeter

1234 1517 1450 1553 Balthasarem
1473 1519 1607 1553 Cossam
1626 1546 1635 1562 ,
1656 1531 1751 1566 quem
1781 1519 1859 1552 sacri
1883 1518 1989 1552 cardi—

1235 1575 1352 1610 nalium
1389 1576 1515 1622 collegii
1548 1577 1703 1611 decanum
1728 1585 1757 1610 et
1782 1576 1987 1610 portuensem

1233 1635 1423 1681 episcopum
1465 1647 1535 1669 csse
1576 1635 1716 1681 permisit
1735 1661 1743 1674 ,
1785 1642 1815 1668 et
1855 1642 1989 1681 quatuor

1235 1692 1549 1739 pseudo-cardinales
1584 1692 1667 1727 Petri
1704 1693 1742 1727 de
1777 1693 1879 1731 Luna,
1908 1704 1988 1739 quos

1235 1763 1304 1785 vera
1319 1751 1512 1785 cardinalitia
1529 1751 1683 1798 dignitate
1702 1751 1875 1786 decoravit.
1901 1749 1986 1784 Obiit

1234 1821 1306 1843 vero
1340 1809 1460 1844 Romae
1488 1809 1538 1843 die
1567 1812 1613 1843 20
1643 1809 1790 1844 februarii
1824 1812 1930 1849 1451,
1958 1818 1988 1842 et

1232 1868 1378 1914 sepultus
1400 1877 1446 1902 est
1472 1869 1501 1902 in
1525 1868 1659 1902 ecclesia
1685 1868 1901 1902 Lateranensi.
1925 1867 1989 1902 Va—

1232 1926 1312 1960 cavit
1335 1927 1427 1960 sedes
1449 1926 1518 1960 dies
1541 1938 1588 1960 xi.

1282 1984 1409 2018 Mortuo
1445 1984 1540 2018 Petro
1573 1984 1612 2018 ‹le
1636 1984 1724 2019 Luna
1759 1997 1842 2019 anno
1869 1986 1987 2027 1424,

1233 2050 1295 2076 tres
1318 2042 1349 2086 ii,
1371 2055 1452 2089 quos
1476 2042 1795 2089 pseudo-cardinales
1818 2052 1891 2077 ante
1919 2043 1988 2076 obi-

1232 2108 1297 2134 tum
1315 2099 1448 2140 dixerat,
1464 2100 1532 2134 eius
1553 2100 1634 2144 loco,
1652 2113 1712 2134 non
1730 2100 1849 2146 absque
1864 2101 1985 2135 enormi

1230 2158 1378 2196 simonia,
1402 2170 1510 2192 mense
1526 2159 1613 2192 iunio
1637 2159 1801 2206 sequentis
1823 2159 1909 2198 anni,
1926 2158 1986 2192 Pa-

1232 2229 1302 2263 pam
1339 2215 1447 2250 dixere
1470 2216 1637 2261 AEgidium
1662 2215 1768 2250 Sancii
1798 2216 1960 2250 Munionis
1976 2244 1984 2260 ,

1230 2274 1419 2309 canonicum
1448 2273 1731 2318 Barcinonensem,
1754 2274 1806 2321 qui
1835 2273 1984 2308 Clemens

1230 2332 1300 2367 Vlll
1338 2332 1515 2380 appellatus
1550 2340 1606 2366 est.
1643 2332 1714 2373 Hic,
1737 2333 1885 2379 quintum
1916 2341 1984 2380 post

1230 2404 1360 2433 annum,
1377 2390 1498 2437 papalia
1519 2390 1680 2437 deponens
1696 2391 1842 2436 insignia,
1858 2403 1892 2424 ac
1909 2390 1984 2425 Mar·

1231 2450 1330 2482 tinum
1351 2448 1375 2482 V
1393 2461 1449 2494 pro
1467 2448 1607 2494 legitimo
1627 2448 1780 2482 pontifice
1794 2460 1983 2494 agnoscens,

1230 2508 1410 2554 exemplum
1446 2508 1512 2541 suis
1546 2507 1632 2540 dedit
1669 2519 1776 2553 pacem
1818 2506 1983 2541 Ecclesiae

1232 2566 1287 2599 bac
1304 2578 1431 2611 quoqne
1451 2578 1487 2599 ex
1505 2573 1592 2611 parte
1609 2565 1776 2609 reddendi,
1796 2565 1880 2612 quod
1898 2577 1984 2612 prac—

1229 2625 1386 2658 stiterunt.
1587 2626 1589 2628 ’

2005 293 2054 318 Αιι.
2078 293 2107 318 (ἶ.
2125 293 2189 319 tnt7
