2274 3265
93 269 141 294 An.
159 269 188 295 C.
207 268 274 294 ¹5¹0

108 472 213 492 officiales
226 478 278 499 qua-

95 504 125 524 les
159 508 207 524 esse
240 504 278 523 de-

94 534 163 553 beant.

123 963 150 984 De
166 964 256 991 placitis.

109 1406 224 1427 potestatis
251 1408 284 1427 iu-

97 1438 192 1458 riediciio
208 1438 282 1464 qualis.

129 1992 266 2012 Emeudurum

103 2024 171 2049 pretia
187 2028 198 2042 e
214 2021 288 2049 quibus

102 2053 250 2080 percipienda:

140 2443 249 2464 clausula·

925 265 1069 289 emmens
1097 266 1115 287 V
1143 265 1191 288 ΡΡ.

292 330 427 371 quatuor
453 322 510 357 viis
533 334 586 357 vos
612 321 729 368 eligere
763 321 918 369 poteritis,
951 333 1044 368 quam

293 371 392 418 magis
419 371 570 406 duxeritis
595 371 830 418 acceptandam.

341 421 445 468 §20-
485 420 652 456 Caeterum
688 419 781 455 iudex
826 418 1044 454 extimatorum

293 478 324 506 et
345 470 409 506 duo
431 469 552 505 iudices
589 469 794 504 instituantur
811 467 849 503 ad
872 467 975 502 brevia
996 479 1048 514 po-

294 519 396 554 nenda
421 531 475 566 per
503 518 651 553 vicarium
686 525 829 552 nostrum
856 516 888 551 in
916 516 1047 551 consilio

293 568 427 603 civitatis
447 567 603 603 eiusdem.
638 566 813 601 Potestates
848 577 919 600 vero
941 573 972 600 ct
998 566 1047 600 iu-

294 617 380 652 dices
414 617 444 651 in
468 616 617 651 comitatu
648 613 811 650 Ferrariae
844 622 875 649 et
903 614 1046 649 districtu

295 665 433 713 ponendi
457 665 496 700 de
518 664 664 700 fidelibus
685 663 827 699 eiusdem
852 663 985 699 civitatis
1003 664 1048 699 ci-

295 715 400 756 vibus;
445 713 595 749 custodes
639 725 712 749 vero
754 712 974 748 fortalitiorum
1019 721 1047 748 et

293 772 478 805 castrorum,
500 775 536 798 ac
558 762 714 810 capitanei
753 761 995 809 undecumque,
1018 770 1049 796 et

295 820 451 860 ponantur
476 811 576 847 libere
604 823 659 859 per
685 810 788 847 solum
816 811 964 846 vicariurn
991 824 1050 846 su-

295 862 486 908 pradictum.

343 911 363 958 S
389 913 447 945 2¹.
476 909 593 945 Placita
617 922 689 945 vero
712 909 814 944 trib'us
841 909 956 944 diebus
982 909 1050 944 sin-

294 959 378 1005 gulis
400 960 492 994 annis
520 958 551 993 in
574 959 698 994 civitate
727 959 793 1005 ipsa
829 971 885 1006 per
912 958 1048 994 eundem

295 1008 444 1044 vicariurn
481 1016 656 1049 teneantur,
679 1008 720 1042 ita
748 1016 852 1042 tamen
879 1007 962 1054 quod
992 1020 1050 1055 po-

295 1058 416 1092 testatis
437 1065 467 1093 et
489 1057 620 1092 aliorum
656 1056 837 1092 officialium
873 1056 1051 1092 iurisdictio

295 1107 418 1142 interim
447 1115 548 1141 cesset
574 1106 720 1146 omnino,
749 1113 904 1140 ιηθεειιεῑο
937 1105 1051 1140 nihilo-

296 1156 414 1196 minus,
437 1155 521 1202 quod
545 1167 602 1190 nos
625 1155 670 1190 vel
691 1166 891 1189 successores
923 1163 975 1189 aut
997 1154 1052 1189 Se-

295 1207 352 1240 des
379 1204 507 1252 praefati
545 1204 704 1251 possimus
731 1203 823 1238 etiam
851 1203 947 1238 alium
979 1203 1052 1250 qui-

296 1254 369 1289 dem
393 1253 542 1288 vicarium
564 1252 603 1288 ad
626 1252 796 1288 tenendum
819 1251 913 1296 dicta,
926 1253 950 1287 si
966 1252 1052 1287 vide-

297 1303 394 1346 bitur,
420 1302 586 1349 deputare.

347 1352 367 1398 S
389 1353 446 1385 22.
476 1351 640 1386 Postremo
662 1351 871 1390 declaramus,
896 1357 928 1384 ut
963 1358 1052 1396 pote-

299 1408 373 1441 stas,
408 1400 462 1447 qui
497 1400 526 1435 in
562 1400 627 1447 ipsa
661 1400 785 1435 civitate
820 1411 876 1447 pro
911 1407 1053 1445 tempore

301 1449 404 1493 suerit,
438 1449 520 1484 illam
555 1457 586 1484 et
620 1449 763 1483 eamdem
799 1448 1051 1483 iurisdictionem

299 1498 423 1543 haheat,
445 1511 539 1546 quam
563 1498 662 1545 ipsius
684 1498 816 1533 civitatis
840 1505 978 1545 potestas
1004 1509 1052 1531 re-

300 1547 425 1583 troactis
468 1547 582 1582 habere
622 1547 820 1595 temporibus
868 1546 1052 1590 consuevit,

298 1597 391 1632 salvis
426 1596 587 1637 omnibus,
614 1609 695 1643 quae
730 1596 879 1644 superius
901 1604 975 1630 sunt
996 1607 1054 1630 ex—

299 1658 416 1694 pressa.
457 1646 491 1681 Si
527 1658 600 1681 vero
628 1658 684 1694 per
711 1645 880 1681 consilium
908 1653 938 1679 et
965 1657 1054 1680 com-

298 1708 392 1730 mune
416 1695 550 1742 praefata
581 1696 737 1743 acceptari
762 1694 940 1740 contigerit,
968 1694 1051 1741 quod

298 1757 356 1779 uos
373 1753 404 1780 et
423 1744 580 1792 praedicta
604 1744 745 1780 Ecclesia
772 1743 914 1779 Romana
941 1755 1053 1778 omnes

299 1794 477 1841 praedictos
499 1793 632 1835 fructus,
669 1793 814 1829 redditus
833 1801 863 1828 et
882 1802 1053 1839 proventus

298 1843 490 1890 recipiamus
505 1844 535 1877 in
561 1850 673 1887 totum,
689 1843 888 1878 medietatem
905 1842 1055 1877 condem-

300 1893 463 1927 nationum
516 1891 728 1927 faciendarum
768 1904 823 1939 per
868 1899 1052 1937 potestatem

300 1949 331 1975 et
352 1941 500 1976 officiales
534 1941 668 1976 civitatis
695 1941 837 1976 eiusdem
861 1941 891 1974 in
922 1940 1054 1975 mobili—

302 1990 361 2025 bus
382 1990 541 2031 liabeatis3
561 1990 599 2025 de
621 2002 681 2038 qua
702 1990 868 2025 medietate
886 1989 1055 2024 ambassia-

303 2048 417 2081 tarum,
439 2039 696 2087 legationumque
716 2047 888 2074 vestrarum
909 2047 1056 2085 sumptus

304 2088 370 2123 lieri
394 2088 515 2124 valeant
537 2097 566 2123 et
588 2100 755 2136 expensae.
796 2087 887 2130 Quod
912 2088 935 2121 si
959 2088 1056 2133 elige-

305 2138 372 2172 ritis
394 2150 452 2173 nos
475 2138 675 2173 medietatem
698 2138 853 2185 ipsorum,
876 2146 906 2171 et
930 2149 983 2171 vos
1006 2149 1056 2171 re-

304 2187 421 2234 liquam
446 2188 523 2222 velle
553 2187 727 2234 percipere,
751 2195 826 2221 tunc
855 2185 1055 2220 medietatem

305 2237 448 2271 omnium
477 2237 778 2271 condemnatiouum
808 2236 948 2282 ipsarum
978 2236 1057 2270 sicut

304 2293 335 2319 et
362 2286 493 2320 aliarum
536 2285 683 2320 volumus
709 2293 739 2319 et
767 2284 970 2319 decernimus
1004 2296 1058 2318 vos

305 2334 434 2369 habere.

355 2384 375 2430 S
396 2385 455 2417 23.
481 2382 565 2417 Nulli
589 2395 664 2429 ergo
686 2383 814 2418 omnino
838 2383 1001 2417 hominum
1027 2382 1060 2416 li-

306 2442 374 2467 ceat
397 2433 478 2467 lianc
498 2432 642 2479 paginam
659 2440 838 2467 nostrorum
857 2440 1059 2475 statutorum,

307 2482 523 2522 ordinationis,
547 2482 754 2522 voluntatum,
779 2482 947 2528 praecepti,
968 2493 1060 2515 man—

306 2531 381 2575 dati,
419 2530 647 2574 concessionis,
686 2529 899 2571 stabilitionis,
943 2530 1059 2564 iussio-

309 2580 368 2622 nis,
391 2580 611 2616 declarationis
633 2588 663 2614 et
699 2580 931 2614 constitutionis
954 2579 1063 2614 inirin-

309 2641 382 2676 gere
404 2638 457 2663 etc.

389 2686 463 2716 Bull.
488 2685 562 2716 Rom.
591 2685 645 2715 Vol.
670 2686 713 2715 ll'.
885 2686 920 2714 '27

1717 254 1787 288 209

1136 319 1252 355 Datum
1276 320 1422 355 Avinioni
1457 320 1547 356 tertio
1576 320 1645 356 idus
1677 319 1839 366 februarii,

1090 369 1289 416 pontificatus
1312 370 1410 405 nostri
1433 381 1516 405 anno
1539 370 1659 418 quinto.

1118 429 1178 460 Dat.
1195 431 1242 460 die
1259 431 1291 460 11
1312 430 1451 461 februarii
1469 431 1555 468 1310,
1571 432 1673 470 pontif.
1692 441 1767 462 anno
1784 440 1809 461 v.

1448 574 1486 610 X.

1093 647 1263 681 Damnatio
1275 654 1370 681 sectae
1391 649 1444 681 sub
1466 649 1588 682 nomine
1602 650 1761 683 Libertatis
1779 652 1842 694 spi-

1139 698 1217 730 ritus
1249 698 1283 730 in
1321 697 1514 742 Spoletmta,
1558 699 1686 743 aliisque
1717 699 1843 732 dit-ersis

1143 746 1254 779 Italiae
1278 747 1446 791 provinciis
1472 753 1597 781 escortae
1623 749 1678 790 (l).

1370 815 1584 847 SUMMARIUM

1092 875 1281 906 Prooemium.
1299 893 1339 899 —
1352 877 1432 913 Quae
1448 887 1519 908 cura
1538 877 1731 908 Pontificibus
1748 878 1846 907 inesse

1131 920 1237 950 debeat
1258 921 1294 951 de
1320 921 1451 951 Ecclesia
1484 921 1655 951 universali.
1676 938 1716 944 —
1738 922 1764 951 t.
1790 921 1848 951 No·

1133 974 1195 994 vam
1213 965 1414 1003 insurgentem
1440 966 1584 995 haeresim
1605 965 1747 1005 deplorat:
1763 982 1802 988 —
1818 966 1846 997 2.

1132 1006 1281 1047 Suamque
1305 1008 1528 1038 solicitudinem
1548 1008 1683 1047 explicat.
1701 1025 1741 1032 —-
1766 1008 1847 1040 Hanc

1133 1051 1279 1081 haeresim
1299 1052 1335 1082 ab
1355 1052 1495 1092 Apostolo
1514 1053 1731 1091 praesignatam
1751 1058 1847 1083 osten-

1133 1094 1182 1124 dit.
1201 1111 1239 1116 —
1255 1095 1281 1125 3.
1301 1094 1329 1125 S.
1349 1095 1425 1125 Petri
1442 1096 1478 1125 de
1497 1096 1654 1125 haereticis
1673 1095 1846 1126 huiusmodi

1133 1139 1260 1169 oracula.
1289 1156 1328 1161 —
1357 1140 1386 1169 4.
1420 1138 1552 1169 Vesanae
1589 1139 1670 1169 illius
1703 1139 1846 1169 libertatis

1133 1183 1286 1212 execratio.
1309 1199 1348 1205 --
1369 1182 1449 1218 Quae
1474 1191 1539 1212 vera
1563 1183 1601 1212 sit
1625 1183 1792 1220 evangelica
1813 1183 1849 1211 li-

1135 1225 1241 1256 bertas.
1259 1243 1298 1248 —
1316 1228 1342 1256 5.
1366 1226 1396 1255 D.
1420 1226 1508 1256 ludac
1528 1231 1619 1265 apost.
1640 1227 1779 1256 adversus
1796 1227 1849 1255 im-

1135 1278 1224 1307 puros
1255 1270 1426 1299 huiusmodi
1450 1270 1592 1299 sectarios
1616 1270 1789 1299 sententiae.
1811 1285 1850 1292 —-·

1134 1313 1160 1342 ὃ.
1184 1313 1324 1353 Spiritum
1353 1313 1381 1343 S.
1410 1314 1543 1352 impurae
1572 1313 1717 1343 libertatis
1745 1317 1847 1342 aucto-

1134 1366 1195 1386 rem
1215 1367 1279 1388 esse
1304 1367 1361 1387 non
1385 1367 1472 1396 posse
1492 1358 1721 1387 demonstratur:
1737 1373 1774 1378 —
1793 1356 1849 1387 Sed

1135 1401 1308 1431 daemonem
1325 1411 1391 1431 esse
1412 1402 1587 1432 ostenditur.
1603 1419 1640 1424 —
1661 1402 1686 1431 7.
1703 1400 1849 1440 Episcopo

1134 1444 1337 1482 Cremonensi,
1366 1451 1396 1475 ut
1423 1451 1523 1475 contra
1552 1445 1723 1475 huiusmodi
1748 1444 1851 1474 haere·

1137 1489 1209 1519 ticos
1233 1489 1347 1528 legibus
1366 1494 1446 1527 agat,
1469 1489 1674 1519 demandatur.
1705 1505 1741 1511 —-
1770 1488 1796 1518 8.
1820 1487 1849 1517 ln

1135 1534 1343 1572 resipiscentes
1367 1533 1532 1570 clementia,
1557 1534 1585 1563 in
1610 1533 1775 1573 pertinaces
1800 1541 1851 1562 se-

1135 1579 1255 1607 veritate
1279 1581 1387 1607 utatur.

1095 1649 1215 1677 Clemens
1234 1649 1375 1684 opiscopus
1398 1654 1493 1676 servus
1507 1654 1647 1677 sorvorum
1665 1647 1721 1680 Det.
1741 1653 1852 1677 venera·

1138 1697 1187 1726 bill
1206 1697 1295 1726 fratri
1314 1697 1447 1732 stayner-io
1466 1697 1591 1733 episcopo
1612 1696 1777 1728 Cremonen..
1808 1703 1853 1725 sa-

1139 1748 1226 1776 tutem
1251 1748 1281 1776 et
1300 1747 1481 1782 apostoticam
1497 1746 1721 1775 benedictionem.

1145 1814 1289 1848 Dilectus
1307 1814 1435 1848 Domini
1458 1822 1488 1848 et
1509 1814 1660 1860 pacificus
1686 1812 1851 1854 Salomon,

1098 1872 1167 1910 post
1194 1863 1333 1906 diversa,
1361 1875 1442 1909 quae
1468 1862 1567 1898 edidit
1595 1875 1701 1909 opera,
1729 1861 1850 1909 Spiritu

1096 1912 1215 1947 Sancto
1236 1912 1423 1958 inspirante,
1439 1912 1604 1958 loquutuS,
1622 1911 1659 1946 ad
1675 1918 1852 1946 extremum

1098 1962 1156 1995 iam
1185 1969 1440 1996 consummatum
1459 1962 1571 2000 virum,
1591 1969 1620 1995 et
1645 1961 1763 1995 calcato
1785 1971 1855 1994 sae-

1097 2011 1169 2045 culo
1193 2018 1424 2057 praeparatum,
1446 2010 1476 2043 in
1505 2009 1637 2044 Cantico
1660 2010 1853 2044 canticorum

1097 2059 1243 2105 Sponsae
1266 2059 1363 2093 vinxit
1397 2059 1606 2104 amplexibus,
1634 2066 1663 2092 et
1692 2059 1856 2104 inspectu-

1099 2121 1168 2142 rum
1200 2108 1303 2143 locum
1340 2109 1369 2142 in
1394 2108 1499 2142 libello
1531 2107 1690 2154 praedicto
1718 2106 1855 2149 tradidit,

1102 2158 1131 2191 in
1154 2169 1218 2204 quo
1237 2169 1377 2192 amorem
1394 2156 1590 2195 caelestium,
1613 2156 1856 2201 divinorumque

1099 2207 1292 2241 desiderium
1322 2206 1442 2241 inducit
1465 2206 1588 2239 animae
1615 2204 1675 2238 sub
1697 2205 1802 2250 specie
1820 2215 1856 2237 ac

1100 2256 1223 2290 mistico
1241 2255 1367 2289 nomine
1395 2255 1501 2301 sponsi
1520 2262 1549 2288 et
1568 2264 1717 2300 sponsae,
1740 2254 1857 2287 docens

1101 2305 1257 2339 cantantis
1285 2304 1405 2338 fervore
1428 2304 1464 2337 ad
1493 2303 1550 2337 Dei
1573 2303 1767 2336 consortium
1785 2313 1856 2347 per-

1102 2354 1217 2388 veniri:
1242 2353 1313 2387 licet
1329 2354 1397 2386 eius
1418 2360 1538 2387 caetera
1555 2352 1686 2394 cantica,
1702 2362 1784 2397 quae
1806 2350 1855 2384 lex

1101 2411 1131 2437 et
1155 2403 1324 2450 prophetae
1339 2401 1550 2436 diversimode
1565 2400 1762 2439 cecinerunt,
1788 2411 1857 2433 esse

1104 2452 1276 2491 videantur,
1294 2451 1439 2497 parvulae
1455 2450 1560 2484 adhuc
1573 2461 1718 2496 sponsae,
1731 2457 1762 2482 et
1778 2460 1858 2495 quae

1139 2527 1177 2561 (l)
1195 2527 1232 2553 Ex
1257 2526 1361 2561 Regest.
1384 2525 1456 2551 Vatic
1492 2539 1519 2543 -
1543 2523 1570 2549 ln
1593 2523 1708 2550 editione
1728 2522 1855 2549 Mainardi

1104 2567 1214 2593 habetur
1230 2567 1280 2592 sub
1291 2573 1364 2591 num.
1378 2565 1452 2596 Xlll,
1465 2564 1523 2590 licet
1534 2564 1594 2591 data
1609 2567 1662 2590 tres
1672 2564 1740 2589 circa
1754 2570 1859 2590 menses

1102 2611 1163 2634 ante
1197 2607 1263 2638 illas,
1285 2613 1352 2640 quae
1369 2605 1402 2631 ibi
1425 2604 1475 2631 sub
1493 2612 1566 2630 num.
1585 2604 1610 2630 X
1627 2608 1653 2629 et
1680 2603 1728 2635 Xl,
1753 2603 1858 2629 turbata

1105 2650 1254 2680 temporum
1272 2646 1348 2676 serie,
1370 2644 1500 2678 leguntur.
1524 2644 1560 2679 (τ.
1583 2643 1622 2678 ε.)

1852 265 1904 291 An.
1922 263 1948 289 C,
1972 264 2032 289 isti

1893 1827 2015 1848 Proammm
