2274 3265
115 260 161 285 ΑιιΔ
184 260 210 284 C.
230 259 296 285 1572

125 364 169 390 Quo
203 366 297 389 temporo

114 401 159 421 quis
174 396 194 414 in
206 394 297 420 collegio

115 427 190 445 motari
208 430 282 451 possit.

135 1760 175 1786 Qui
190 1758 252 1779 tuerit
274 1758 307 1778 vet

124 1791 149 1810 de
180 1791 306 1816 patrimonio

122 1821 156 1841 vel
184 1822 209 1841 de
237 1822 306 1848 aliquo

122 1852 227 1872 beneficio
251 1851 306 1871 Eccl.

123 1884 220 1908 provisus
241 1883 309 1903 disce-

124 1914 175 1934 dere
189 1915 273 1933 tenetur

924 254 1109 278 GttEGORttts
1136 255 1169 277 X}
1199 254 1246 276 ΡΡ.

360 310 380 358 g
407 313 439 345 5.
475 310 626 345 Praelatis
652 318 755 344 autom
791 310 986 344 scholaribus
1014 309 1057 342 sir

314 362 446 407 receptis
463 360 674 405 indulgemus,
692 369 723 394 ut
740 361 918 394 canonis-tae
935 372 1058 401 novem,

313 411 441 456 legistae
465 410 574 444 decem
603 411 754 444 contiuuo
790 419 931 457 tempore
958 409 1059 454 gravis

314 461 515 499 infirmitatis,
538 467 590 494 aut
613 460 705 494 etiam
730 468 881 506 tempore,
900 472 963 506 quo
991 461 1059 492 fue-

314 511 374 544 rint
396 511 554 549 absentes,
571 510 610 542 de
633 510 778 543 mandato
801 511 931 543 rectoris
953 518 981 542 et
1000 522 1061 542 ina-

314 561 389 594 ioris
431 560 525 607 partis
563 559 686 604 collegii
729 559 891 593 memorati
932 559 1060 604 negocia

313 610 428 644 domus
457 608 627 647 tractando.
657 608 702 642 vel
730 609 822 642 etiam
847 609 872 643 si
901 618 972 643 ante
1000 621 1060 642 eo-

314 672 381 694 rum
399 659 611 705 receptionem
636 658 701 692 iura
719 670 773 704 per
788 658 957 692 triennium
973 658 1063 692 dum·

314 716 397 743 taxat
422 708 592 749 audierim,
616 708 743 741 minime
771 707 963 752 deducto,in
980 707 1062 741 dicto

314 758 447 804 collegio
461 765 542 792 stare
560 758 698 804 possint:
723 757 908 792 mandantes
930 757 1062 795 eisdem,

315 816 474 855 quatenus
501 806 578 840 infra
603 806 678 840 illud
709 814 836 854 tempus
863 807 900 841 ad
929 806 1062 854 gradum

315 858 423 892 saltem
452 855 596 891 licentiae
619 856 752 890 docendi
781 856 1004 903 suscipiendae
1031 869 1064 890 se

315 905 496 952 disponam,
516 913 546 939 et
571 905 752 939 inhibentes
774 906 820 940 eis
847 918 1009 952 expresse,
1027 918 1065 940 ne

316 955 446 989 sormam
462 967 517 989 seu
534 955 773 1001 dispositionem
792 963 978 990 statutorum
996 956 1066 989 uni-

316 1005 470 1038 versitatis
497 1004 688 1039 scholarium
705 1004 884 1040 Bononien.
909 1005 990 1040 circa
1007 1006 1066 1052 pri-

317 1062 419 1087 vatum
440 1067 569 1088 examen
589 1054 756 1088 limitatum
776 1055 880 1101 aliqua
903 1055 1067 1089 occasione

315 1104 526 1138 trascendant.
542 1103 614 1146 Quo
629 1116 722 1138 cursu
739 1105 896 1151 completo
911 1105 956 1138 vel
973 1105 1066 1138 etiam

316 1153 459 1188 licentiae
478 1154 576 1200 gradu
595 1154 680 1200 prius
702 1161 861 1200 suscepto,
876 1153 952 1188 infra
971 1166 1066 1187 unum

316 1214 457 1237 mensem
489 1204 572 1237 exire
599 1203 638 1237 de
666 1203 826 1250 praedicto
854 1204 988 1250 collegio
1016 1212 1069 1237 te—

318 1261 464 1296 neantur,
487 1253 546 1287 nisi
565 1252 642 1286 inl'ra
666 1266 719 1287 sex
739 1265 863 1287 menses
887 1252 1069 1287 immediate

317 1311 486 1348 sequentes
511 1301 644 1348 gradum
675 1303 785 1336 vellent
809 1302 949 1349 recipere
965 1302 1069 1336 docto-

318 1360 417 1385 ratus:
433 1363 497 1398 quo
518 1363 592 1386 casu
620 1364 674 1398 per
697 1351 772 1385 illud
791 1360 915 1398 tempus
930 1359 1071 1385 tantum-

319 1400 413 1435 modo
440 1402 622 1444 tolerentur,
646 1400 692 1434 vel
717 1402 775 1435 nisi
798 1401 828 1434 in
845 1413 900 1435 sua
925 1400 1071 1435 facultate

319 1451 516 1485 examinatus
534 1458 564 1484 et
593 1450 768 1485 licentiatus
795 1450 832 1484 ad
861 1450 952 1484 aliam
977 1450 1072 1485 facul-

319 1507 414 1534 tatem
448 1500 629 1534 liuiusmodi
659 1500 775 1534 iurium
808 1500 973 1534 transiret:
1008 1512 1072 1547 quo

320 1562 408 1590 casu,
437 1558 470 1584 ut
491 1550 629 1597 amplius
653 1550 682 1584 in
706 1550 835 1584 scientia
856 1558 988 1594 crescat,
1016 1563 1072 1584 vo-

321 1600 428 1634 lumus
447 1600 539 1634 talem
564 1599 726 1634 dumtaxat
750 1599 867 1634 ibidem
893 1612 948 1647 per
974 1599 1070 1635 alium

323 1650 492 1684 triennium
522 1649 657 1684 tolerari.

370 1699 390 1747 S
417 1703 449 1734 6.
474 1699 639 1734 Praeterea
655 1712 726 1734 cum
748 1699 932 1734 intentionis
948 1707 1073 1734 nostrae

322 1750 371 1789 sit,
396 1749 567 1796 praefatum
590 1749 757 1795 collegium
794 1762 850 1796 pro
878 1749 1073 1784 scholaribus

323 1799 528 1846 pauperibus,
543 1800 596 1846 qui
617 1807 779 1846 parentum
803 1798 918 1846 opibus
940 1799 986 1832 vel
1005 1798 1073 1833 suf-

323 1848 501 1884 ficientibus
544 1848 747 1895 proventibus
786 1849 1007 1883 ecclesiasticis
1042 1849 1071 1882 iu

322 1897 435 1932 Studio
474 1897 665 1932 substentari
700 1910 760 1931 non
785 1906 928 1944 possunt,
954 1897 1000 1931 vel
1028 1898 1073 1931 eis

323 1946 359 1980 ad
377 1948 596 1994 prosequenda
624 1946 727 1981 studia
747 1946 907 1981 facultates
930 1947 1073 1994 propriae

324 2008 384 2030 non
413 2004 596 2044 suppetunt,
625 1996 787 2031 instituere
810 2005 840 2031 et
867 1995 987 2041 dotare,
1010 2004 1073 2030 sta-

324 2046 460 2080 tuimus:
483 2045 567 2093 quod
596 2046 620 2080 si
645 2058 838 2093 quemquam
862 2058 898 2080 ex
922 2046 995 2080 dicti
1013 2047 1074 2080 col-

324 2095 396 2140 legii
425 2095 621 2131 scholaribus
644 2096 806 2142 contingat
833 2096 862 2129 in
891 2105 980 2130 antea
1010 2096 1071 2129 be-

324 2145 470 2179 neficium
487 2157 540 2179 seu
565 2145 714 2179 beneficia
732 2146 943 2180 ecclesiastica
962 2145 1072 2179 valoris

323 2195 417 2228 annui
461 2195 687 2242 quinquaginta
735 2195 882 2229 librarum
927 2203 1070 2229 turonen.

325 2256 492 2291 parvorum
515 2245 690 2279 secundum
715 2245 902 2279 taxationem
918 2245 1071 2290 deciman,

324 2294 370 2327 vel
399 2295 596 2341 septuaginta
620 2294 806 2329 ducatorum
826 2295 893 2329 auri
912 2294 1072 2330 Bononiae

324 2352 530 2391 portatorum,
558 2352 611 2379 aut
639 2345 667 2378 in
693 2345 880 2391 patrimonio
907 2344 1073 2392 sibiappa-

325 2403 388 2428 rato
417 2393 610 2428 tantumdem
638 2394 792 2439 obtinere,
814 2402 843 2429 et
865 2394 903 2427 de
932 2407 994 2442 quo
1016 2407 1070 2429 seu

323 2444 437 2491 quibus
471 2456 565 2492 quam
600 2444 735 2491 primum
772 2443 830 2479 sibi
866 2444 1071 2485 obvenerint,

325 2494 436 2528 rectori
466 2503 497 2528 et
530 2493 663 2540 collegio
696 2493 773 2528 infra
802 2505 942 2528 mensem
976 2506 992 2529 a
1023 2495 1073 2529 die

326 2543 453 2578 notitiae
469 2543 561 2578 fidem
587 2543 686 2578 facere
709 2552 873 2578 teneantur
887 2543 963 2578 infra
979 2544 1073 2578 unius

324 2594 396 2627 anni
419 2593 552 2640 spatium
577 2606 591 2628 a
616 2593 677 2633 die,
693 2606 756 2640 quo
776 2593 868 2628 fuerit
892 2593 1071 2628 huiusmodi

326 2642 468 2677 beneficii
498 2643 542 2678 vel
573 2643 750 2690 patrimonii
776 2644 1006 2690 possessionem
1024 2656 1073 2691 pa-

406 2700 479 2730 Ball.
500 2700 575 2730 Rom.
599 2700 652 2729 t'ol.
676 2700 721 2730 IV.
898 2700 935 2730 69

1729 242 1797 275 545

1100 311 1219 343 ciliram
1243 316 1430 353 assecutus,
1463 308 1520 342 nisi
1550 310 1652 343 lbrsan
1690 308 1767 342 iulia
1795 319 1848 341 sex

1102 371 1226 393 meuses
1254 359 1413 405 proximos
1442 358 1620 393 immediate
1643 358 1776 405 gradum
1807 357 1849 390 li—

1102 410 1222 443 centiae
1246 409 1290 442 vel
1320 409 1513 448 doctoratus,
1539 417 1568 442 ut
1593 421 1687 455 supra
1707 408 1849 455 praemit-

1103 461 1203 500 titur,
1229 459 1318 492 vellet
1342 459 1515 504 suscipere,
1544 458 1583 492 «le
1611 458 1694 491 dicto
1716 457 1850 503 collegio

1104 508 1250 543 recedere
1288 516 1316 541 et
1353 509 1439 542 alteri
1481 508 1594 542 retlere
1627 516 1793 547 teneatur,
1821 516 1848 540 et

1103 559 1178 592 alter
1200 558 1268 592 loco
1291 558 1360 591 rius
1383 559 1516 592 idoneus
1534 566 1726 603 surrogetur.

1151 608 1171 655 S
1200 612 1231 642 7.
1256 607 1372 642 Verum
1397 608 1470 654 quia
1500 615 1627 654 propter
1653 619 1770 642 aunum
1787 616 1851 641 ste-

1863 251 1911 277 Αη.
1934 249 1963 275 C.
1982 249 2046 277 1572

1875 613 1946 634 Sterni
1956 616 2052 638 tempor·

1829 657 1832 662 -
1867 652 1908 666 non
1932 645 2049 665 dimtttendi

1105 658 1227 693 rilitatis
1264 666 1317 692 aut
1345 656 1473 691 fortuito
1500 669 1593 699 casu,
1623 658 1676 704 qui
1707 658 1852 691 humanis

1105 715 1266 756 nequeunt
1292 707 1434 742 consiliis
1463 706 1640 753 provideri,
1671 708 1852 752 contingere

1106 758 1207 793 l'orsau
1238 758 1351 805 poterit
1374 758 1402 791 in
1427 757 1580 797 futurum,
1596 756 1679 803 quod
1695 756 1855 803 aliquibus

1105 808 1207 850 annis,
1218 807 1360 841 redditus
1375 814 1405 840 et
1421 816 1591 854 proventus
1613 806 1716 840 dictae
1731 806 1857 846 domus,

1106 857 1251 891 deductis
1267 856 1428 896 oneribus,
1444 855 1481 890 ad
1499 864 1540 889 tot
1555 867 1759 902 personarum
1775 866 1860 902 prae-

1107 908 1272 941 missarum
1296 905 1579 941 substentationem
1596 917 1656 939 non
1668 905 1858 944 sufficerent,

1107 957 1274 991 statuimus
1296 955 1381 1003 quod
1405 968 1442 989 eo
1460 967 1554 994 anno,
1581 968 1644 1002 quo
1668 955 1715 988 vel
1745 954 1861 1001 quibus

1109 1006 1290 1040 huiusmodi
1306 1013 1492 1052 computum
1506 1017 1561 1038 seu
1585 1017 1715 1039 casuum
1729 1012 1860 1039 eventus

1109 1056 1293 1093 occurrerit,
1329 1055 1509 1089 nullatenus
1539 1062 1702 1101 propterea
1727 1066 1859 1101 posses-

1109 1106 1227 1149 siones,
1252 1104 1406 1144 redditus,
1431 1104 1514 1147 libri,
1543 1112 1715 1150 proventus
1734 1112 1787 1138 aut
1802 1103 1860 1137 alia

1111 1155 1218 1189 iocalia
1242 1168 1296 1188 seu
1322 1154 1401 1188 bona
1425 1154 1499 1187 ‹licti
1528 1153 1653 1199 collegii
1682 1153 1862 1187 distraban-

1112 1213 1161 1238 tur
1174 1216 1230 1238 seu
1255 1204 1443 1241 vendantur,
1467 1202 1521 1237 sed
1541 1203 1592 1237 hic
1610 1202 1688 1236 ordo
1710 1211 1860 1236 servetur.

1112 1253 1220 1287 Primo
1244 1265 1380 1300 namque
1408 1252 1447 1286 de
1471 1254 1615 1299 pecuniis
1638 1252 1863 1286 communibus

1112 1302 1263 1342 thesauri,
1291 1303 1315 1336 si
1344 1314 1425 1350 quae
1453 1302 1580 1341 fuerint,
1608 1313 1641 1335 se
1676 1301 1862 1341 substentet‚

1112 1352 1196 1399 quod
1225 1352 1250 1385 si
1275 1364 1336 1386 non
1368 1352 1431 1385 sint
1458 1351 1505 1385 vel
1530 1364 1590 1384 non
1619 1350 1787 1394 sufficiant,
1809 1351 1866 1384 de-

1113 1401 1277 1435 trahantur
1305 1401 1455 1435 collectae
1483 1400 1649 1435 doctorum
1673 1409 1703 1434 et
1726 1400 1865 1434 bidello-

1114 1464 1183 1485 rum
1212 1459 1241 1485 et
1264 1451 1341 1485 aliae
1361 1463 1519 1498 expensae
1541 1449 1820 1490 extraordinariae,
1836 1459 1866 1484 et

1113 1517 1165 1540 eas
1191 1505 1323 1552 quilibet
1340 1505 1439 1540 solvat
1466 1505 1504 1539 :le
1527 1505 1665 1552 propri03
1689 1504 1803 1538 deinde
1823 1504 1867 1538 di-

1115 1559 1274 1594 minuatur
1310 1572 1463 1594 numerus
1495 1558 1629 1592 familiae
1666 1566 1696 1591 et
1732 1557 1865 1592 aliorum

1115 1614 1401 1659 pensionariorum,
1421 1613 1548 1648 demum
1575 1612 1752 1646 vestiarium
1770 1611 1867 1646 scho-

1115 1666 1253 1709 larium;
1280 1668 1365 1715 quod
1394 1668 1418 1702 si
1449 1680 1506 1702 nec
1529 1668 1584 1702 ista
1612 1666 1785 1706 sufficiant,
1810 1679 1867 1700 nec

1116 1721 1184 1756 ideo
1227 1722 1422 1757 diminuatur
1456 1721 1648 1757 scholarium
1687 1733 1841 1755 numerus
1859 1748 1866 1761 ,

1115 1789 1174 1811 nec
1201 1777 1316 1824 aliquis
1342 1789 1453 1812 eorum
1477 1784 1581 1815 exeat,
1610 1775 1665 1810 sed
1682 1775 1815 1823 quilibet
1829 1775 1868 1809 de

1117 1832 1256 1879 proprio,
1275 1841 1428 1879 quantum
1452 1832 1509 1865 erit
1524 1831 1583 1865 sibi
1609 1830 1770 1878 possibile,
1787 1843 1867 1864 cou-

1115 1886 1242 1929 tribuat,
1257 1894 1287 1919 et
1310 1886 1415 1920 tandiu
1439 1885 1533 1919 simul
1557 1885 1750 1923 cohabitent,
1764 1897 1867 1932 quan-

1114 1941 1166 1974 diu
1179 1940 1298 1987 absque
1317 1941 1446 1987 penuria
1462 1941 1564 1974 vivere.
1588 1940 1681 1974 simul
1706 1947 1864 1986 poterunt.

1114 1994 1206 2036 Quod
1230 1994 1255 2028 si
1279 2002 1362 2029 tanta
1386 2002 1468 2029 esset
1492 1994 1635 2041 penuria,
1650 1994 1734 2040 quod
1753 2005 1866 2027 nume-

1116 2061 1168 2082 rus
1191 2048 1314 2082 tolerari
1333 2060 1393 2082 non
1408 2048 1505 2095 possit
1520 2048 1564 2081 vel
1586 2048 1747 2093 integrari,
1765 2048 1866 2094 primo

1116 2101 1313 2142 beneficiati,
1336 2102 1450 2136 deinde
1472 2101 1629 2148 graduati,
1656 2101 1784 2135 denium
1813 2100 1865 2134 alii

1115 2157 1220 2191 minus
1235 2169 1402 2204 pauperes,
1418 2157 1550 2191 durante
1562 2156 1612 2190 tali
1626 2156 1768 2203 penuria,
1781 2155 1867 2189 exire

1115 2210 1217 2257 ipsum
1255 2211 1426 2257 collegium
1461 2218 1648 2248 teneantur,
1677 2209 1864 2243 admittendi

1115 2264 1315 2311 postmodum
1342 2266 1370 2299 in
1402 2265 1506 2300 locum
1537 2264 1717 2312 pristinum,
1739 2264 1763 2298 si
1787 2276 1864 2311 sup-

1116 2327 1222 2366 petent
1250 2320 1422 2354 facultates.

1162 2374 1182 2419 g
1204 2377 1235 2408 8.
1259 2374 1292 2409 Si
1318 2387 1401 2414 vero,
1417 2374 1561 2408 universa
1578 2381 1754 2420 temporum
1768 2372 1864 2407 varie·

1115 2437 1175 2463 tate
1208 2429 1412 2472 adveniente,
1440 2437 1532 2475 prout
1563 2440 1658 2474 saepe
1684 2427 1864 2473 contingit,

1115 2483 1259 2518 redditus
1281 2492 1312 2518 et
1336 2490 1508 2530 proventus
1523 2481 1598 2516 dicti
1615 2480 1752 2527 collegii,
1768 2480 1863 2515 ‹ledu-

1114 2539 1172 2574 ctis
1183 2538 1341 2576 omnibus,
1353 2538 1719 2584 superexcreverint,eos
1731 2537 1759 2570 in
1772 2549 1863 2583 angu-

1115 2601 1254 2627 mentum
1280 2593 1515 2639 possessionum
1532 2601 1558 2625 et
1578 2592 1756 2626 reddituum
1780 2603 1862 2626 com-

1115 2648 1258 2682 munium
1283 2647 1356 2681 dieti
1381 2647 1503 2694 collegii
1531 2647 1681 2696 applicari
1717 2645 1861 2683 volumus

1868 678 1990 701 -rtiolnres,
2016 677 2051 697 ned

1868 709 2054 736 supplendummo-

1869 742 1893 761 d„
1911 741 1942 760 hir:
1967 743 2052 759 statuto,

1893 2382 1920 2404 De
1934 2384 2049 2405 redditibus

1901 2421 2042 2441 superexcre-

1879 2446 1987 2466 scentibus
2014 2447 2061 2473 quid

1879 2479 1905 2498 stt
1921 2479 2031 2503 agendum.
