2274 3265
104 290 151 316 Αη.
171 291 197 316 C.
219 291 285 317 1289

106 1148 134 1169 De
154 1151 278 1175 receptione

95 1181 118 1200 ad
131 1180 277 1206 probationem

96 1214 117 1231 et.
157 1211 277 1237 professio-

95 1247 148 1266 nem,
161 1248 184 1262 ac
200 1243 278 1263 stabili-

94 1279 136 1296 tate
151 1276 170 1296 in
182 1277 262 1296 ordine

880 308 882 311 .
926 288 1081 310 NtstitAt'S
1106 289 1136 310 lv
1161 288 1207 310 PP.

298 355 370 389 erga
400 343 567 389 praefatam
596 343 772 378 Ecclesiam
802 341 942 388 diligenti
971 353 1049 376 exa-

298 392 463 427 minationi
487 392 674 427 subdantur.
709 392 748 426 Et
776 392 801 425 si
834 403 887 425 eas
916 391 1047 437 professi

298 442 429 475 firmiter
457 441 583 482 fuerint,
612 453 745 487 vereque
767 439 971 483 crediderint,
999 440 1048 474 ad-

298 491 401 529 mitti,
429 503 483 525 seu
513 491 607 537 recipi
636 498 700 524 tute
725 497 873 536 poterunt
894 489 931 523 ad
960 501 1049 524 eam-

297 540 379 574 dem.
415 539 669 574 praecavendum
705 547 752 573 est
779 546 882 573 tamen
911 538 1048 578 solicite,

298 589 474 623 haereticus
496 600 535 623 ne
557 588 638 635 quis,
663 587 707 621 vel
731 595 897 634 suspectus
916 587 955 622 de
978 587 1049 622 hae-

298 639 369 678 resi,
396 646 449 672 aut
477 638 569 672 etiam
603 637 787 679 infamatus
814 637 853 671 ad
885 637 963 671 vitae
991 637 1048 670 oh-

295 687 501 722 serxationem
531 686 631 733 ipsius
651 664 897 740 quomodolibet
932 685 1046 720 admit-

296 745 387 770 tatur.
411 736 450 770 Et
473 736 497 770 si
527 736 620 770 talem
651 735 781 768 inxemri
810 735 974 781 contioetit
1000 747 1048 770 ex-

297 786 395 820 titisse
423 793 596 832 receptum,
622 785 803 830 assignetur
830 785 880 819 ille
903 786 1048 832 quamci-

295 835 356 869 tius
393 834 633 881 inquisitoribus
671 834 831 881 pravitatis
870 834 1046 869 haereticae

295 884 490 932 puniendus.

343 962 390 995 De
410 963 513 1006 forma
539 960 705 1005 recipiendi
731 961 860 994 volentes
883 960 999 994 intrare

477 1010 628 1043 ordinem.
653 1031 699 1034 —
719 1008 800 1044 Cap.
824 1008 861 1043 lt.

342 1080 424 1115 Cum
459 1088 562 1114 autern
598 1079 821 1114 fraternitatem
864 1079 1046 1113 huiusmodi

293 1130 365 1177 quis
393 1131 508 1164 intrare
526 1129 670 1169 voluerit,
695 1129 827 1163 ministri
852 1129 887 1162 ad
912 1137 1045 1175 recepta-

293 1181 411 1214 tionem
452 1179 561 1213 talium
598 1177 759 1225 deputati,
796 1177 862 1211 eius
890 1177 1046 1217 officium,

293 1236 406 1263 statum
431 1237 460 1262 et
491 1227 704 1263 conditionem
722 1228 854 1261 solerter
869 1227 1046 1273 explorent,

293 1278 352 1313 sibi
376 1277 577 1312 fraternitatis
599 1277 744 1311 eiusdem
773 1287 883 1315 onera,
906 1284 934 1309 et
956 1288 1047 1330 prae-

292 1328 384 1374 cipue
421 1327 598 1361 alienorum
636 1326 866 1361 restitutionem
906 1325 1047 1380 apertius

291 1385 498 1424 exponentes.
521 1375 649 1418 Quibus
673 1376 866 1423 praemissis,
889 1388 914 1409 5ι
941 1374 1044 1409 eidem

292 1426 465 1474 placuerit
500 1426 585 1460 iuxta
621 1426 748 1460 modum
787 1425 967 1460 huiusmodi
997 1424 1046 1458 in-

291 1476 417 1516 duatur,
440 1485 469 1510 et
497 1476 535 1511 de
554 1475 664 1510 alienis
687 1476 798 1523 rsiqua
822 1475 937 1510 fuerint
960 1475 1044 1522 apud

291 1530 386 1569 eum)
414 1526 593 1560 satisfacere
621 1525 744 1560 studeat
772 1526 802 1559 in
832 1526 965 1572 pecunia
991 1538 1047 1559 33-

292 1584 419 1617 merata,
442 1575 490 1610 vel
513 1575 690 1610 secundum
712 1575 881 1609 exhibitam
905 1575 1045 1621 pignoris

290 1625 487 1660 cautionem:
523 1637 621 1672 seque
656 1625 863 1659 nihilominus
893 1625 1044 1671 proximis

291 1675 492 1710 reconciliare
516 1683 674 1722 procuret.
698 1674 825 1716 Quibus
841 1674 991 1709 omnihus
1007 1674 1044 1709 ad

290 1724 437 1760 effectum
463 1725 635 1772 perductis,
660 1733 729 1771 post
758 1724 852 1759 unius
879 1724 952 1758 anni
971 1737 1045 1770 spa-

289 1774 381 1818 tium,
403 1787 474 1808 cum
494 1774 672 1821 aliquorum
690 1774 897 1809 discretorum
914 1774 1043 1807 fratrum

291 1824 442 1863 consilio,
470 1824 495 1857 ,si
535 1825 561 1859 is
585 1823 742 1858 videbitur
777 1823 854 1870 ipsis
889 1823 1044 1862 iodneus,

291 1874 460 1921 recipiatur
488 1873 547 1908 hoc
569 1874 675 1916 modo,
704 1873 867 1912 videlicet,
904 1881 936 1907 ut
966 1885 1046 1919 pro-

291 1923 393 1958 mittat
423 1936 456 1958 se
484 1923 589 1957 divina
620 1931 783 1969 praecepta
812 1922 916 1957 omnia
939 1934 1045 1956 serva-

292 1981 408 2016 turum,
432 1985 467 2007 ac
489 1973 582 2006 etiam
606 1973 840 2007 satisfacturum
864 1979 906 2015 <ut
929 1984 1045 2006 come-

292 2023 348 2065 nit)
384 2022 422 2057 de
458 2022 779 2068 transgressionibus
820 2033 909 2077 qmttas
937 2030 1043 2056 contra

293 2072 377 2106 hunc
413 2071 536 2107 vivendi
574 2071 702 2106 modum
731 2071 942 2113 commiserit,
971 2083 1043 2104 cum

292 2121 510 2168 interpellatus
531 2121 567 2155 ad
586 2121 752 2155 visitatoris
771 2121 908 2155 extiterit
934 2098 1045 2154 iotan-

292 2178 398 2206 tatem.
433 2171 473 2205 Et
500 2170 683 2205 huiusmodi
719 2170 759 2204 ab
794 2183 830 2205 eo
859 2171 936 2204 facta
972 2182 1045 2215 pro-

294 2220 412 2263 missio,
437 2233 492 2266 per
521 2233 649 2255 manum
680 2220 850 2267 publicam,
874 2220 902 2253 in
921 2220 1046 2264 scriptis

294 2270 368 2304 inibi
395 2270 563 2316 redigatur.
596 2270 668 2305 Alio
689 2278 792 2304 autem
818 2270 911 2303 inodo
940 2268 1046 2303 nullus

293 2332 309 2354 3
333 2319 486 2354 ministris
513 2320 682 2366 recipiatur
701 2319 833 2357 eisdem,
862 2319 920 2353 nisi
944 2318 1043 2352 visum

293 2369 340 2403 eis
361 2368 451 2403 aliter
478 2369 583 2409 fuerit,
610 2368 792 2403 conditione
818 2380 982 2415 personae,
1010 2380 1045 2402 ac

295 2418 395 2465 ipsius
437 2418 602 2457 instantia,
639 2418 758 2451 solicita
793 2418 1046 2452 consideratione

294 2467 456 2515 discussis
479 2466 674 2501 Ordinamus
691 2475 847 2513 pr'aetetea
862 2475 1045 2506 statuentes,

296 2525 328 2551 ut
351 2516 456 2551 nullus
485 2524 554 2561 post
573 2516 671 2563 ipsius
692 2516 922 2550 fraternitatis
918 2528 1047 2562 ingres-—

296 2579 364 2601 sum
392 2566 430 2601 de
457 2565 567 2600 eadem
602 2565 708 2610 egredi
743 2565 856 2606 valeat,
878 2565 915 2600 ad
936 2578 1047 2600 saecu-

297 2616 361 2650 lum
396 2628 588 2650 reversurus.
627 2615 730 2650 Possit
752 2623 854 2649 tamen
881 2615 1046 2650 transitum

298 2665 411 2699 habere
438 2665 569 2699 liberum
598 2665 635 2699 ad
665 2664 848 2711 religionem
878 2665 968 2699 aliam
992 2676 1048 2711 ap-

1749 278 1787 310 sll

1092 342 1263 388 probatam.
1301 343 1485 377 Mulicribus
1520 356 1591 378 vcro
1621 344 1701 377 viros
1725 344 1842 378 hahen-

1092 391 1174 425 tibus
1208 392 1277 433 (nisi
1315 391 1353 425 de
1382 392 1522 438 ipsorum
1554 393 1679 428 licentia
1713 401 1743 427 et
1766 405 1844 428 cott-

1090 444 1201 482 sensu)
1236 453 1295 474 non
1334 449 1433 487 patrat
1462 442 1498 475 ad
1523 443 1718 477 consortium
1741 442 1842 478 dictae

1092 489 1292 524 fraternitatis
1323 490 1494 535 ingressus.

1091 562 1137 594 De
1158 563 1260 605 forma
1283 563 1422 597 habitus.
1458 570 1483 595 et
1505 565 1654 606 qualitate
1682 565 1843 597 indumen-

1287 618 1398 644 torum.
1418 631 1464 635 ——
1486 611 1568 645 Cap.
1591 611 1644 645 lll.

1860 290 1908 315 An.
1928 288 1943 313 st
1979 289 2042 314 ΩΨ]

1139 681 1263 716 Fratres
1288 682 1531 729 insuperipsius
1557 682 1775 722 fraternitatis,
1804 683 1842 717 dc
1890 707 1897 717 2
1931 706 1993 717 .,
2023 703 2041 716 2.

1091 731 1201 765 humili
1226 744 1331 779 panno
1360 732 1388 764 iu
1420 732 1521 778 pretio
1556 739 1586 765 et
1620 731 1743 770 colore,

1089 831 1234 870 stiantur,
1264 831 1322 864 uisi
1352 830 1445 864 fuerit
1472 831 1509 865 ad
1540 838 1663 876 tempus
1688 831 1718 864 in
1743 832 1841 876 pretio

1091 892 1144 926 per
1175 880 1348 915 visitatores
1388 880 1426 914 de
1460 879 1592 914 consilio
1629 880 1764 915 ministri
1801 882 1841 916 ob

1089 942 1214 964 causam
1232 929 1401 976 legitimam
1421 938 1451 963 et
1473 938 1625 975 apertam,
1648 941 1719 964 cum
1735 931 1841 978 aliquo

1089 979 1318 1026 dispensatum
1347 978 1539 1026 (ἶὴ13ιιι)ι135
1562 991 1690 1026 quoque
1714 992 1749 1014 ac
1771 980 1840 1027 pel-

1090 1028 1155 1072 les,
1183 1028 1303 1074 absque
1325 1029 1518 1071 scollaturis,
1546 1040 1659 1063 scissas
1683 1027 1728 1062 vel
1758 1030 1841 1063 inte-

1089 1089 1171 1123 gras,
1204 1078 1378 1112 affibulatas
1405 1085 1530 1117 tamen,
1559 1078 1604 1112 vel
1634 1077 1772 1124 patulas,
1810 1087 1840 1112 ut

1088 1128 1233 1172 congruit
1270 1127 1443 1169 honestati,
1480 1127 1667 1174 clausasque
1703 1128 1842 1162 manicas

1089 1175 1198 1210 fratres
1222 1176 1357 1210 habeant
1382 1175 1565 1221 supradicti.
1594 1176 1727 1210 Sorores
1748 1178 1840 1211 etiam

1088 1225 1252 1272 chlamyde
1284 1225 1465 1264 induantur,
1492 1233 1522 1259 et
1546 1225 1651 1260 tunica
1674 1225 1713 1259 de
1736 1226 1844 1260 huius-

1090 1274 1173 1308 modi
1192 1274 1303 1308 humili
1329 1286 1432 1319 panno
1449 1274 1547 1313 factis,
1570 1274 1616 1308 vel
1640 1274 1748 1308 saltem
1771 1288 1841 1309 cum

1088 1323 1254 1371 chlamyde
1284 1323 1418 1358 habeant
1453 1323 1673 1368 guarnellum,
1701 1336 1756 1358 seu
1782 1325 1843 1371 pla‹

1088 1373 1261 1416 centiuum,
1293 1373 1407 1407 coloris
1434 1373 1494 1407 albi
1518 1373 1568 1407 vel
1591 1373 1690 1418 nigri,
1713 1381 1766 1407 aut
1794 1386 1843 1420 pa-

1089 1423 1240 1457 ludellum
1265 1422 1405 1470 amplum
1434 1422 1473 1457 de
1492 1422 1633 1462 canabo,
1670 1423 1734 1456 sive
1758 1423 1842 1467 lino,

1087 1473 1206 1520 absque
1236 1473 1294 1507 ulla
1330 1473 1502 1519 crispatura
1538 1481 1718 1506 constitum.
1752 1472 1842 1508 Circa

1089 1523 1295 1557 humilitatem
1326 1535 1398 1558 vero
1432 1523 1525 1569 panni
1551 1530 1580 1555 et
1609 1522 1774 1568 pellitones
1797 1535 1844 1557 so-

1090 1585 1195 1606 rorum
1220 1574 1374 1619 ipsarum,
1398 1573 1482 1607 iuxta
1506 1571 1722 1607 conditionem
1740 1573 1844 1607 cuius-

1089 1622 1165 1656 libet
1197 1622 1399 1665 earumdem.
1436 1634 1470 1656 ac
1494 1622 1553 1656 loci
1576 1622 1842 1657 consuetudinem

1089 1672 1200 1718 poterit
1228 1657 1416 1718 dispensari
1444 1672 1555 1706 Bindis
1583 1680 1612 1706 et
1642 1672 1784 1717 ligaturis
1799 1685 1843 1706 se-

1088 1724 1160 1757 ricis
1186 1734 1245 1756 non
1272 1730 1414 1766 utantur,
1434 1721 1541 1777 *pelles
1569 1722 1732 1756 dumtaxat
1758 1724 1843 1768 agni-

1089 1785 1159 1816 nas,
1182 1772 1294 1806 bursas
1322 1772 1361 1806 de
1377 1772 1461 1806 corio
1484 1780 1514 1806 et
1537 1772 1700 1817 corrigias,
1724 1749 1842 1818 5ἰιιιῦρίι-

1087 1800 1164 1857 citei·
1196 1821 1317 1869 absque
1350 1822 1452 1857 serico
1491 1821 1555 1855 ullo
1592 1821 1688 1855 factas
1715 1830 1744 1855 et
1779 1833 1841 1855 nou

1086 1873 1175 1911 alias,
1200 1879 1261 1906 tann
1282 1872 1392 1906 fratres
1415 1871 1561 1909 habeant,
1585 1883 1680 1918 quam
1704 1883 1840 1906 sorores.

1086 1922 1237 1969 depositis
1271 1922 1403 1956 caeteris
1439 1922 1533 1963 (iuxta
1562 1920 1597 1954 B.
1635 1921 1718 1955 Petri
1748 1920 1841 1968 Apo-

1087 1972 1239 2006 stolorum
1256 1971 1412 2018 Principis
1438 1970 1563 2005 salubre
1590 1971 1770 2005 consilium)
1796 1983 1842 2004 va-

1088 2021 1136 2056 nis
1164 2021 1258 2056 huius
1287 2020 1405 2055 saeculi
1436 2020 1642 2055 ornamentis.

1090 2099 1182 2139 Quod
1220 2110 1281 2130 non
1307 2098 1424 2130 vadant
1447 2098 1489 2130 ad
1515 2098 1674 2129 inhonesta
1702 2097 1840 2129 convivia

1111 2155 1137 2180 et
1162 2148 1347 2192 spectacula,
1375 2154 1401 2179 et
1431 2148 1514 2190 qaod
1535 2146 1733 2179 histrionibus
1756 2157 1817 2178 non

1259 2198 1382 2230 donent.
1408 2217 1454 2221 —«
1480 2194 1562 2229 CAP.
1592 2194 1642 2228 lV.

1136 2268 1184 2302 Sit
1224 2268 1270 2302 eis
1310 2267 1345 2300 ad
1384 2266 1548 2301 inhonesta
1590 2265 1749 2304 convivia,
1793 2264 1838 2299 vel

1087 2379 1197 2401 cessus
1234 2366 1359 2412 penitus
1383 2364 1576 2399 interdictus.
1610 2363 1839 2406 Histrionibus,

1088 2428 1144 2450 seu
1179 2415 1322 2449 vanitatis
1342 2414 1454 2448 intuitu
1481 2414 1554 2448 nihil
1581 2414 1710 2448 donent.
1740 2412 1778 2446 Et
1802 2425 1840 2446 ne

1088 2465 1257 2512 quidquam
1284 2464 1346 2498 illis
1368 2463 1503 2497 donetur
1521 2475 1536 2497 a
1560 2463 1685 2509 propria
1712 2461 1839 2501 familia,

1090 2514 1258 2562 prohibere
1288 2521 1468 2560 procurent.

1114 2592 1161 2624 De
1182 2590 1365 2623 abstinentia
1386 2596 1412 2622 et
1440 2589 1562 2621 ieiunio.
1592 2608 1638 2612 -
1667 2586 1747 2622 Cap,
1776 2586 1813 2620 V.

1139 2663 1187 2697 Ab
1214 2674 1268 2696 esu
1304 2661 1443 2695 carnium
1476 2659 1631 2703 secunda,
1667 2667 1775 2706 quarta
1809 2666 1837 2692 et

1779 744 1839 766 non
1858 736 1876 747 '¹⁸
1895 736 1912 748 ⁰¹
1944 736 1947 748 ¹
1976 736 1983 747 ⁵
2009 736 2015 748 Γ

1091 793 1219 827 prorsus
1247 781 1317 815 albo
1341 781 1385 814 vel
1416 781 1527 826 nigro,
1555 782 1767 815 communiter
1790 794 1840 816 ve-
1859 766 1903 810 wll

1868 2278 1895 2299 De
1913 2281 2037 2305 spectaculi=

1855 2313 1874 2329 fil
1886 2316 1989 2330 tosst'tvltt
2007 2318 2023 2329 Vt

1087 2317 1278 2363 spectacula,
1302 2317 1367 2350 sive
1391 2316 1514 2355 curias,
1538 2328 1593 2349 seu
1621 2315 1770 2356 choreas,
1792 2326 1838 2348 ac·
1858 2328 1888 2360 [m
1916 2348 1921 2349 ⁷

1882 2675 1907 2695 De
1925 2676 2016 2696 ieittttzis.
