<?xml version="1.0" encoding="UTF-8"?>
<!DOCTYPE html PUBLIC "-//W3C//DTD XHTML 1.0 Transitional//EN"
    "http://www.w3.org/TR/xhtml1/DTD/xhtml1-transitional.dtd">
<html xmlns="http://www.w3.org/1999/xhtml" xml:lang="en" lang="en">
 <head>
  <title>
</title>
<meta http-equiv="Content-Type" content="text/html;charset=utf-8" />
  <meta name='ocr-system' content='tesseract 3.04.00' />
  <meta name='ocr-capabilities' content='ocr_page ocr_carea ocr_par ocr_line ocrx_word'/>
</head>
<body>
  <div class='ocr_page' id='page_1' title='image "./bullarumdiplomat04cath_0063.png"; bbox 0 0 2274 3265; ppageno 0'>
   <div class='ocr_carea' id='block_1_1' title="bbox 97 289 277 318">
    <p class='ocr_par' dir='ltr' id='par_1_1' title="bbox 97 289 277 318">
     <span class='ocr_line' id='line_1_1' title="bbox 97 289 277 318; baseline -0.011 0"><span class='ocrx_word' id='word_1_1' title='bbox 97 291 147 318; x_wconf 77' lang='lat' dir='ltr'>An.</span> <span class='ocrx_word' id='word_1_2' title='bbox 164 291 196 318; x_wconf 91' lang='lat' dir='ltr'>C.</span> <span class='ocrx_word' id='word_1_3' title='bbox 211 289 277 318; x_wconf 75' lang='lat'>¹283</span> 
     </span>
    </p>
   </div>
   <div class='ocr_carea' id='block_1_2' title="bbox 99 1689 285 1743">
    <p class='ocr_par' dir='ltr' id='par_1_2' title="bbox 99 1689 285 1743">
     <span class='ocr_line' id='line_1_2' title="bbox 113 1689 285 1711; baseline -0.012 0"><span class='ocrx_word' id='word_1_4' title='bbox 113 1690 140 1711; x_wconf 74' lang='lat' dir='ltr'>De</span> <span class='ocrx_word' id='word_1_5' title='bbox 155 1689 285 1710; x_wconf 71' lang='lat' dir='ltr'>Panormita-</span> 
     </span>
     <span class='ocr_line' id='line_1_3' title="bbox 99 1721 266 1743; baseline -0.012 0"><span class='ocrx_word' id='word_1_6' title='bbox 99 1728 126 1743; x_wconf 68' lang='lat' dir='ltr'>ut</span> <span class='ocrx_word' id='word_1_7' title='bbox 141 1721 266 1742; x_wconf 68' lang='lat' dir='ltr'>rebellione.</span> 
     </span>
    </p>
   </div>
   <div class='ocr_carea' id='block_1_3' title="bbox 331 279 1827 603">
    <p class='ocr_par' dir='ltr' id='par_1_3' title="bbox 331 279 1827 603">
     <span class='ocr_line' id='line_1_4' title="bbox 915 279 1776 310; baseline -0.002 0"><span class='ocrx_word' id='word_1_8' title='bbox 915 287 1078 310; x_wconf 64' lang='lat' dir='ltr'>maurinus</span> <span class='ocrx_word' id='word_1_9' title='bbox 1103 287 1134 309; x_wconf 84' lang='lat' dir='ltr'>tv</span> <span class='ocrx_word' id='word_1_10' title='bbox 1157 287 1203 309; x_wconf 75' lang='lat' dir='ltr'>vt».</span> <span class='ocrx_word' id='word_1_11' title='bbox 1731 279 1776 308; x_wconf 77' lang='lat'>55</span> 
     </span>
     <span class='ocr_line' id='line_1_5' title="bbox 331 340 1825 388; baseline 0 -13"><span class='ocrx_word' id='word_1_12' title='bbox 331 352 449 373; x_wconf 81' lang='lat' dir='ltr'>vasores</span> <span class='ocrx_word' id='word_1_13' title='bbox 477 344 566 374; x_wconf 87' lang='lat' dir='ltr'>latum</span> <span class='ocrx_word' id='word_1_14' title='bbox 589 343 768 373; x_wconf 78' lang='lat' dir='ltr'>contraxisse</span> <span class='ocrx_word' id='word_1_15' title='bbox 791 345 913 371; x_wconf 79' lang='lat' dir='ltr'>constat.</span> <span class='ocrx_word' id='word_1_16' title='bbox 936 358 973 362; x_wconf 89' lang='lat'>—</span> <span class='ocrx_word' id='word_1_17' title='bbox 994 341 1038 370; x_wconf 88' lang='lat' dir='ltr'>lt.</span> <span class='ocrx_word' id='word_1_18' title='bbox 1079 354 1146 375; x_wconf 89' lang='lat' dir='ltr'>rum</span> <span class='ocrx_word' id='word_1_19' title='bbox 1171 341 1349 388; x_wconf 75' lang='lat' dir='ltr'>praeterito,</span> <span class='ocrx_word' id='word_1_20' title='bbox 1374 354 1472 387; x_wconf 82' lang='lat' dir='ltr'>nuper</span> <span class='ocrx_word' id='word_1_21' title='bbox 1492 342 1521 375; x_wconf 90' lang='lat' dir='ltr'>in</span> <span class='ocrx_word' id='word_1_22' title='bbox 1542 341 1641 385; x_wconf 83' lang='lat' dir='ltr'>platea</span> <span class='ocrx_word' id='word_1_23' title='bbox 1674 340 1825 375; x_wconf 84' lang='lat' dir='ltr'>ccclesiae</span> 
     </span>
     <span class='ocr_line' id='line_1_6' title="bbox 332 385 1826 441; baseline -0.003 -14"><span class='ocrx_word' id='word_1_24' title='bbox 332 387 462 440; x_wconf 46' lang='grc' dir='ltr'>Ῑῗθῃῑῑῗῗῑ</span> <span class='ocrx_word' id='word_1_25' title='bbox 485 387 685 438; x_wconf 39' lang='lat' dir='ltr'>POSfideblfflS·</span> <span class='ocrx_word' id='word_1_26' title='bbox 699 386 874 436; x_wconf 57' lang='lat' dir='ltr'>¹¹¹01ll¹l⁰¹¹05</span> <span class='ocrx_word' id='word_1_27' title='bbox 901 403 940 407; x_wconf 86' lang='grc'><strong>-</strong></span> <span class='ocrx_word' id='word_1_28' title='bbox 959 385 1038 441; x_wconf 49' lang='grc' dir='ltr'>Ῑῖἳὲῑ,</span> <span class='ocrx_word' id='word_1_29' title='bbox 1079 390 1185 425; x_wconf 84' lang='lat' dir='ltr'>Sancti</span> <span class='ocrx_word' id='word_1_30' title='bbox 1214 389 1351 424; x_wconf 80' lang='lat' dir='ltr'>Flaviani</span> <span class='ocrx_word' id='word_1_31' title='bbox 1381 390 1494 424; x_wconf 79' lang='lat' dir='ltr'>Montis</span> <span class='ocrx_word' id='word_1_32' title='bbox 1529 389 1714 425; x_wconf 80' lang='lat' dir='ltr'>Flasconen.</span> <span class='ocrx_word' id='word_1_33' title='bbox 1749 389 1826 424; x_wconf 83' lang='lat' dir='ltr'>Bal-</span> 
     </span>
     <span class='ocr_line' id='line_1_7' title="bbox 334 430 1827 486; baseline 0.001 -13"><span class='ocrx_word' id='word_1_34' title='bbox 334 432 515 483; x_wconf 57' lang='lat' dir='ltr'>l‘?¹¹¹⁰¹”¹b¹¹sw</span> <span class='ocrx_word' id='word_1_35' title='bbox 548 433 764 482; x_wconf 52' lang='grc' dir='ltr'>Ῐῦίῗᾴθΐῧυὸψξθ</span> <span class='ocrx_word' id='word_1_36' title='bbox 787 432 887 483; x_wconf 48' lang='grc' dir='ltr'><strong>130ίῖὶῇ</strong></span> <span class='ocrx_word' id='word_1_37' title='bbox 918 447 957 480; x_wconf 64' lang='grc'>-,</span> <span class='ocrx_word' id='word_1_38' title='bbox 980 430 1035 458; x_wconf 48' lang='grc' dir='ltr'>Μ’</span> <span class='ocrx_word' id='word_1_39' title='bbox 1058 440 1061 457; x_wconf 86' lang='lat'><em>¹</em></span> <span class='ocrx_word' id='word_1_40' title='bbox 1080 441 1261 486; x_wconf 79' lang='lat' dir='ltr'>neoregien.</span> <span class='ocrx_word' id='word_1_41' title='bbox 1285 440 1449 482; x_wconf 78' lang='lat' dir='ltr'>dioecesis,</span> <span class='ocrx_word' id='word_1_42' title='bbox 1473 449 1633 485; x_wconf 70' lang='lat' dir='ltr'>praesente</span> <span class='ocrx_word' id='word_1_43' title='bbox 1658 449 1732 474; x_wconf 89' lang='lat' dir='ltr'>tunc</span> <span class='ocrx_word' id='word_1_44' title='bbox 1748 439 1827 474; x_wconf 92' lang='lat' dir='ltr'>mul-</span> 
     </span>
     <span class='ocr_line' id='line_1_8' title="bbox 332 474 1826 549; baseline 0.002 -28"><span class='ocrx_word' id='word_1_45' title='bbox 332 487 451 517; x_wconf 69' lang='lat' dir='ltr'>¹&#39;&#39;³3‘l¹¹‘³</span> <span class='ocrx_word' id='word_1_46' title='bbox 476 477 688 549; x_wconf 56' lang='lat' dir='ltr'>ps⁰l¹&#39;¹}¹²¹⁰¹¹‘³s</span> <span class='ocrx_word' id='word_1_47' title='bbox 719 474 964 523; x_wconf 56' lang='lat' dir='ltr'><strong>⁰¹S‘¹⁰¹¹¹.S¹⁰¹¹¹¹S</strong></span> <span class='ocrx_word' id='word_1_48' title='bbox 989 475 1040 524; x_wconf 38' lang='grc' dir='ltr'>ἀφ’</span> <span class='ocrx_word' id='word_1_49' title='bbox 1081 490 1215 524; x_wconf 73' lang='lat' dir='ltr'>titudine</span> <span class='ocrx_word' id='word_1_50' title='bbox 1244 501 1409 523; x_wconf 85' lang='lat' dir='ltr'>numerosa</span> <span class='ocrx_word' id='word_1_51' title='bbox 1437 488 1587 533; x_wconf 87' lang='lat' dir='ltr'>lidelium,</span> <span class='ocrx_word' id='word_1_52' title='bbox 1611 489 1760 523; x_wconf 79' lang='lat' dir='ltr'>(luximus</span> <span class='ocrx_word' id='word_1_53' title='bbox 1774 502 1826 524; x_wconf 89' lang='lat' dir='ltr'>re-</span> 
     </span>
     <span class='ocr_line' id='line_1_9' title="bbox 333 520 1826 603; baseline 0.001 -30"><span class='ocrx_word' id='word_1_54' title='bbox 333 520 1038 603; x_wconf 35' lang='grc' dir='ltr'>ἓῐῖἓξέῐ[18ῐιειῃὲῗὲιέιῐιῗὲξύΕ-ἑιῗξ’Ῑίἰθζζξὲζ</span> <span class='ocrx_word' id='word_1_55' title='bbox 1080 539 1286 579; x_wconf 82' lang='lat' dir='ltr'>censendum,</span> <span class='ocrx_word' id='word_1_56' title='bbox 1313 539 1447 584; x_wconf 74' lang='lat' dir='ltr'>qualiter</span> <span class='ocrx_word' id='word_1_57' title='bbox 1474 538 1572 573; x_wconf 84' lang='lat' dir='ltr'>felicis</span> <span class='ocrx_word' id='word_1_58' title='bbox 1599 539 1826 574; x_wconf 77' lang='lat' dir='ltr'>recordationis</span> 
     </span>
    </p>
   </div>
   <div class='ocr_carea' id='block_1_4' title="bbox 331 607 1046 1406">
    <p class='ocr_par' dir='ltr' id='par_1_4' title="bbox 331 607 1046 1406">
     <span class='ocr_line' id='line_1_10' title="bbox 334 607 1040 651; baseline -0.007 -10"><span class='ocrx_word' id='word_1_59' title='bbox 334 621 440 651; x_wconf 85' lang='lat' dir='ltr'>sasque</span> <span class='ocrx_word' id='word_1_60' title='bbox 471 611 620 650; x_wconf 78' lang='lat' dir='ltr'>pactiones</span> <span class='ocrx_word' id='word_1_61' title='bbox 653 618 755 639; x_wconf 88' lang='lat' dir='ltr'>omnes</span> <span class='ocrx_word' id='word_1_62' title='bbox 782 608 816 638; x_wconf 85' lang='lat' dir='ltr'>ad</span> <span class='ocrx_word' id='word_1_63' title='bbox 849 609 903 637; x_wconf 87' lang='lat' dir='ltr'>hoc</span> <span class='ocrx_word' id='word_1_64' title='bbox 935 607 1040 644; x_wconf 85' lang='lat' dir='ltr'>initas,</span> 
     </span>
     <span class='ocr_line' id='line_1_11' title="bbox 332 652 1041 695; baseline -0.007 -9"><span class='ocrx_word' id='word_1_65' title='bbox 332 673 371 679; x_wconf 98' lang='lat'><strong>—</strong></span> <span class='ocrx_word' id='word_1_66' title='bbox 396 656 534 695; x_wconf 86' lang='lat' dir='ltr'>Aliasque</span> <span class='ocrx_word' id='word_1_67' title='bbox 561 663 669 692; x_wconf 87' lang='lat' dir='ltr'>poenas</span> <span class='ocrx_word' id='word_1_68' title='bbox 697 653 821 683; x_wconf 77' lang='lat' dir='ltr'>inflictas</span> <span class='ocrx_word' id='word_1_69' title='bbox 843 652 1041 682; x_wconf 85' lang='lat' dir='ltr'>inobedienti-</span> 
     </span>
     <span class='ocr_line' id='line_1_12' title="bbox 333 696 1040 737; baseline -0.004 -7"><span class='ocrx_word' id='word_1_70' title='bbox 333 700 398 736; x_wconf 87' lang='lat' dir='ltr'>bus,</span> <span class='ocrx_word' id='word_1_71' title='bbox 420 717 459 722; x_wconf 98' lang='lat'><strong>—</strong></span> <span class='ocrx_word' id='word_1_72' title='bbox 484 699 530 729; x_wconf 82' lang='lat'>13.</span> <span class='ocrx_word' id='word_1_73' title='bbox 552 697 754 737; x_wconf 85' lang='lat' dir='ltr'>Indictamque</span> <span class='ocrx_word' id='word_1_74' title='bbox 783 696 881 734; x_wconf 82' lang='lat' dir='ltr'>Petro,</span> <span class='ocrx_word' id='word_1_75' title='bbox 907 696 1040 727; x_wconf 76' lang='lat' dir='ltr'>Michaeli</span> 
     </span>
     <span class='ocr_line' id='line_1_13' title="bbox 333 742 1041 782; baseline -0.004 -8"><span class='ocrx_word' id='word_1_76' title='bbox 333 744 516 782; x_wconf 69' lang='lat' dir='ltr'>palaeologo,</span> <span class='ocrx_word' id='word_1_77' title='bbox 528 744 653 782; x_wconf 86' lang='lat' dir='ltr'>aliisque</span> <span class='ocrx_word' id='word_1_78' title='bbox 666 743 801 778; x_wconf 87' lang='lat' dir='ltr'>diem,—</span> <span class='ocrx_word' id='word_1_79' title='bbox 813 743 859 772; x_wconf 63' lang='lat'>114.</span> <span class='ocrx_word' id='word_1_80' title='bbox 876 742 955 777; x_wconf 82' lang='lat' dir='ltr'>Quae</span> <span class='ocrx_word' id='word_1_81' title='bbox 976 743 1041 781; x_wconf 89' lang='lat' dir='ltr'>qui-</span> 
     </span>
     <span class='ocr_line' id='line_1_14' title="bbox 332 787 1040 819; baseline -0.003 0"><span class='ocrx_word' id='word_1_82' title='bbox 332 790 396 819; x_wconf 86' lang='lat' dir='ltr'>dem</span> <span class='ocrx_word' id='word_1_83' title='bbox 420 797 561 819; x_wconf 79' lang='lat' dir='ltr'>censurae</span> <span class='ocrx_word' id='word_1_84' title='bbox 585 798 641 818; x_wconf 89' lang='lat' dir='ltr'>non</span> <span class='ocrx_word' id='word_1_85' title='bbox 671 791 755 817; x_wconf 85' lang='lat' dir='ltr'>erant</span> <span class='ocrx_word' id='word_1_86' title='bbox 782 787 956 817; x_wconf 78' lang='lat' dir='ltr'>relaxandae</span> <span class='ocrx_word' id='word_1_87' title='bbox 983 788 1040 817; x_wconf 89' lang='lat' dir='ltr'>nisi</span> 
     </span>
     <span class='ocr_line' id='line_1_15' title="bbox 333 832 1042 872; baseline -0.001 -9"><span class='ocrx_word' id='word_1_88' title='bbox 333 834 361 863; x_wconf 90' lang='lat' dir='ltr'>in</span> <span class='ocrx_word' id='word_1_89' title='bbox 394 834 495 863; x_wconf 88' lang='lat' dir='ltr'>mortis</span> <span class='ocrx_word' id='word_1_90' title='bbox 531 833 669 863; x_wconf 86' lang='lat' dir='ltr'>articulo:</span> <span class='ocrx_word' id='word_1_91' title='bbox 705 850 744 855; x_wconf 97' lang='lat'>—</span> <span class='ocrx_word' id='word_1_92' title='bbox 773 832 895 862; x_wconf 83' lang='lat' dir='ltr'>Statntis</span> <span class='ocrx_word' id='word_1_93' title='bbox 925 842 1042 872; x_wconf 86' lang='lat' dir='ltr'>quoqne</span> 
     </span>
     <span class='ocr_line' id='line_1_16' title="bbox 332 878 1042 917; baseline 0 -10"><span class='ocrx_word' id='word_1_94' title='bbox 332 882 431 907; x_wconf 87' lang='lat' dir='ltr'>contra</span> <span class='ocrx_word' id='word_1_95' title='bbox 455 887 542 907; x_wconf 89' lang='lat' dir='ltr'>secus</span> <span class='ocrx_word' id='word_1_96' title='bbox 560 882 680 915; x_wconf 76' lang='lat' dir='ltr'>agentes</span> <span class='ocrx_word' id='word_1_97' title='bbox 704 878 819 917; x_wconf 83' lang='lat' dir='ltr'>poenis:</span> <span class='ocrx_word' id='word_1_98' title='bbox 842 895 877 899; x_wconf 85' lang='lat'>—</span> <span class='ocrx_word' id='word_1_99' title='bbox 899 878 943 907; x_wconf 72' lang='lat' dir='ltr'>v15.</span> <span class='ocrx_word' id='word_1_100' title='bbox 962 880 1042 913; x_wconf 76' lang='lat' dir='ltr'>Quae</span> 
     </span>
     <span class='ocr_line' id='line_1_17' title="bbox 332 922 1044 961; baseline 0 -10"><span class='ocrx_word' id='word_1_101' title='bbox 332 923 428 951; x_wconf 88' lang='lat' dir='ltr'>omnia</span> <span class='ocrx_word' id='word_1_102' title='bbox 447 927 542 960; x_wconf 84' lang='lat' dir='ltr'>spreta</span> <span class='ocrx_word' id='word_1_103' title='bbox 566 922 731 961; x_wconf 90' lang='lat' dir='ltr'>obtritaque</span> <span class='ocrx_word' id='word_1_104' title='bbox 754 922 846 951; x_wconf 84' lang='lat' dir='ltr'>l&#39;uisse</span> <span class='ocrx_word' id='word_1_105' title='bbox 865 927 986 951; x_wconf 88' lang='lat' dir='ltr'>constat:</span> <span class='ocrx_word' id='word_1_106' title='bbox 1004 939 1044 944; x_wconf 95' lang='lat'><strong>—</strong></span> 
     </span>
     <span class='ocr_line' id='line_1_18' title="bbox 332 966 1043 1005; baseline -0.001 -9"><span class='ocrx_word' id='word_1_107' title='bbox 332 967 378 997; x_wconf 73' lang='grc'>16.</span> <span class='ocrx_word' id='word_1_108' title='bbox 397 966 514 996; x_wconf 83' lang='lat' dir='ltr'>Petrum</span> <span class='ocrx_word' id='word_1_109' title='bbox 538 976 627 1005; x_wconf 72' lang='lat' dir='ltr'>regno</span> <span class='ocrx_word' id='word_1_110' title='bbox 646 967 899 1005; x_wconf 87' lang='lat' dir='ltr'>privat,subditos</span> <span class='ocrx_word' id='word_1_111' title='bbox 922 977 936 996; x_wconf 85' lang='lat' dir='ltr'>a</span> <span class='ocrx_word' id='word_1_112' title='bbox 964 967 1043 996; x_wconf 88' lang='lat' dir='ltr'>iura-</span> 
     </span>
     <span class='ocr_line' id='line_1_19' title="bbox 332 1012 1043 1051; baseline 0 -10"><span class='ocrx_word' id='word_1_113' title='bbox 332 1017 429 1042; x_wconf 89' lang='lat' dir='ltr'>mento</span> <span class='ocrx_word' id='word_1_114' title='bbox 458 1012 573 1042; x_wconf 82' lang='lat' dir='ltr'>solvens</span> <span class='ocrx_word' id='word_1_115' title='bbox 601 1012 766 1043; x_wconf 72' lang='lat' dir='ltr'>fidelitatis:</span> <span class='ocrx_word' id='word_1_116' title='bbox 797 1029 836 1034; x_wconf 92' lang='lat'>—</span> <span class='ocrx_word' id='word_1_117' title='bbox 869 1013 1043 1051; x_wconf 76' lang='lat' dir='ltr'>Siculosque</span> 
     </span>
     <span class='ocr_line' id='line_1_20' title="bbox 332 1057 1044 1096; baseline -0.003 -10"><span class='ocrx_word' id='word_1_118' title='bbox 332 1057 468 1093; x_wconf 82' lang='lat' dir='ltr'>rebelles,</span> <span class='ocrx_word' id='word_1_119' title='bbox 490 1057 632 1092; x_wconf 83' lang='lat' dir='ltr'>civitates,</span> <span class='ocrx_word' id='word_1_120' title='bbox 655 1061 705 1086; x_wconf 85' lang='lat' dir='ltr'>elc.</span> <span class='ocrx_word' id='word_1_121' title='bbox 734 1057 936 1086; x_wconf 83' lang='lat' dir='ltr'>ecclesiastico</span> <span class='ocrx_word' id='word_1_122' title='bbox 974 1066 1044 1096; x_wconf 89' lang='lat' dir='ltr'>sup-</span> 
     </span>
     <span class='ocr_line' id='line_1_21' title="bbox 332 1101 1044 1140; baseline -0.001 -9"><span class='ocrx_word' id='word_1_123' title='bbox 332 1102 413 1140; x_wconf 82' lang='lat' dir='ltr'>ponit</span> <span class='ocrx_word' id='word_1_124' title='bbox 430 1102 593 1131; x_wconf 85' lang='lat' dir='ltr'>interdicto.</span> <span class='ocrx_word' id='word_1_125' title='bbox 611 1119 650 1124; x_wconf 90' lang='lat'>—</span> <span class='ocrx_word' id='word_1_126' title='bbox 668 1102 714 1131; x_wconf 59' lang='lat'>117.</span> <span class='ocrx_word' id='word_1_127' title='bbox 738 1101 789 1130; x_wconf 88' lang='lat' dir='ltr'>Dat</span> <span class='ocrx_word' id='word_1_128' title='bbox 810 1101 931 1140; x_wconf 81' lang='lat' dir='ltr'>imperia</span> <span class='ocrx_word' id='word_1_129' title='bbox 961 1110 1044 1140; x_wconf 73' lang='lat' dir='ltr'>prae-</span> 
     </span>
     <span class='ocr_line' id='line_1_22' title="bbox 332 1145 1044 1185; baseline -0.001 -10"><span class='ocrx_word' id='word_1_130' title='bbox 332 1145 450 1175; x_wconf 89' lang='lat' dir='ltr'>sulibus</span> <span class='ocrx_word' id='word_1_131' title='bbox 467 1156 500 1175; x_wconf 85' lang='lat' dir='ltr'>ac</span> <span class='ocrx_word' id='word_1_132' title='bbox 517 1146 688 1185; x_wconf 78' lang='lat' dir='ltr'>proceribus</span> <span class='ocrx_word' id='word_1_133' title='bbox 704 1155 739 1175; x_wconf 88' lang='lat' dir='ltr'>ne</span> <span class='ocrx_word' id='word_1_134' title='bbox 755 1145 840 1174; x_wconf 83' lang='lat' dir='ltr'>Petro</span> <span class='ocrx_word' id='word_1_135' title='bbox 856 1145 1044 1175; x_wconf 75' lang='lat' dir='ltr'>adhaereant:</span> 
     </span>
     <span class='ocr_line' id='line_1_23' title="bbox 331 1190 1043 1228; baseline -0.004 -8"><span class='ocrx_word' id='word_1_136' title='bbox 331 1207 370 1212; x_wconf 93' lang='lat'>——</span> <span class='ocrx_word' id='word_1_137' title='bbox 399 1191 443 1220; x_wconf 77' lang='lat'>18.</span> <span class='ocrx_word' id='word_1_138' title='bbox 466 1190 575 1220; x_wconf 81' lang='lat' dir='ltr'>Omnes</span> <span class='ocrx_word' id='word_1_139' title='bbox 598 1191 748 1227; x_wconf 76' lang='lat' dir='ltr'>coitiones,</span> <span class='ocrx_word' id='word_1_140' title='bbox 779 1190 954 1228; x_wconf 78' lang='lat' dir='ltr'>foederaque</span> <span class='ocrx_word' id='word_1_141' title='bbox 977 1199 1043 1218; x_wconf 89' lang='lat' dir='ltr'>cum</span> 
     </span>
     <span class='ocr_line' id='line_1_24' title="bbox 334 1234 1044 1274; baseline -0.001 -10"><span class='ocrx_word' id='word_1_142' title='bbox 334 1244 367 1264; x_wconf 88' lang='lat' dir='ltr'>eo</span> <span class='ocrx_word' id='word_1_143' title='bbox 400 1235 468 1264; x_wconf 88' lang='lat' dir='ltr'>inita</span> <span class='ocrx_word' id='word_1_144' title='bbox 504 1235 629 1264; x_wconf 85' lang='lat' dir='ltr'>rescissa</span> <span class='ocrx_word' id='word_1_145' title='bbox 664 1235 849 1274; x_wconf 88' lang='lat' dir='ltr'>pronuntiat:</span> <span class='ocrx_word' id='word_1_146' title='bbox 882 1234 1044 1273; x_wconf 82' lang='lat' dir='ltr'>poenisque</span> 
     </span>
     <span class='ocr_line' id='line_1_25' title="bbox 333 1278 1046 1317; baseline -0.001 -10"><span class='ocrx_word' id='word_1_147' title='bbox 333 1279 518 1317; x_wconf 79' lang='lat' dir='ltr'>gravioribus</span> <span class='ocrx_word' id='word_1_148' title='bbox 551 1280 797 1317; x_wconf 79' lang='lat' dir='ltr'>praevaricatores</span> <span class='ocrx_word' id='word_1_149' title='bbox 833 1278 970 1307; x_wconf 77' lang='lat' dir='ltr'>devincit.</span> <span class='ocrx_word' id='word_1_150' title='bbox 1006 1295 1046 1300; x_wconf 89' lang='lat'>-—</span> 
     </span>
     <span class='ocr_line' id='line_1_26' title="bbox 334 1322 1045 1361; baseline 0 -8"><span class='ocrx_word' id='word_1_151' title='bbox 334 1323 381 1353; x_wconf 79' lang='lat'>19.</span> <span class='ocrx_word' id='word_1_152' title='bbox 398 1322 589 1353; x_wconf 89' lang='lat' dir='ltr'>Obstantibns</span> <span class='ocrx_word' id='word_1_153' title='bbox 606 1324 735 1361; x_wconf 81' lang='lat' dir='ltr'>derogat.</span> <span class='ocrx_word' id='word_1_154' title='bbox 755 1339 795 1345; x_wconf 90' lang='lat'>—-</span> <span class='ocrx_word' id='word_1_155' title='bbox 811 1322 860 1353; x_wconf 74' lang='lat'>⁶20.</span> <span class='ocrx_word' id='word_1_156' title='bbox 881 1322 1045 1353; x_wconf 77' lang='lat' dir='ltr'>Public-atio</span> 
     </span>
     <span class='ocr_line' id='line_1_27' title="bbox 333 1368 608 1406; baseline -0.004 -9"><span class='ocrx_word' id='word_1_157' title='bbox 333 1368 421 1397; x_wconf 90' lang='lat' dir='ltr'>huius</span> <span class='ocrx_word' id='word_1_158' title='bbox 442 1376 608 1406; x_wconf 81' lang='lat' dir='ltr'>processus.</span> 
     </span>
    </p>
   </div>
   <div class='ocr_carea' id='block_1_5' title="bbox 292 1450 1044 1579">
    <p class='ocr_par' dir='ltr' id='par_1_5' title="bbox 292 1450 1044 1579">
     <span class='ocr_line' id='line_1_28' title="bbox 292 1450 1044 1487; baseline 0.003 -8"><span class='ocrx_word' id='word_1_159' title='bbox 292 1450 427 1480; x_wconf 75' lang='lat' dir='ltr'>Martinus</span> <span class='ocrx_word' id='word_1_160' title='bbox 443 1452 584 1487; x_wconf 82' lang='lat' dir='ltr'>episcopus</span> <span class='ocrx_word' id='word_1_161' title='bbox 602 1459 699 1480; x_wconf 79' lang='lat' dir='ltr'>servus</span> <span class='ocrx_word' id='word_1_162' title='bbox 715 1458 854 1480; x_wconf 85' lang='lat' dir='ltr'>servorum</span> <span class='ocrx_word' id='word_1_163' title='bbox 869 1452 925 1485; x_wconf 84' lang='lat' dir='ltr'>Dei.</span> <span class='ocrx_word' id='word_1_164' title='bbox 939 1453 972 1481; x_wconf 79' lang='lat' dir='ltr'>ad</span> <span class='ocrx_word' id='word_1_165' title='bbox 988 1460 1044 1481; x_wconf 81' lang='lat' dir='ltr'>cer·</span> 
     </span>
     <span class='ocr_line' id='line_1_29' title="bbox 338 1501 1044 1537; baseline 0.001 -8"><span class='ocrx_word' id='word_1_166' title='bbox 338 1501 486 1530; x_wconf 81' lang='lat' dir='ltr'>titudinem</span> <span class='ocrx_word' id='word_1_167' title='bbox 502 1501 690 1537; x_wconf 80' lang='lat' dir='ltr'>praesentium</span> <span class='ocrx_word' id='word_1_168' title='bbox 709 1503 737 1530; x_wconf 83' lang='lat' dir='ltr'>et</span> <span class='ocrx_word' id='word_1_169' title='bbox 758 1502 917 1530; x_wconf 77' lang='lat' dir='ltr'>memoriam</span> <span class='ocrx_word' id='word_1_170' title='bbox 936 1501 1044 1530; x_wconf 79' lang='lat' dir='ltr'>futuro·</span> 
     </span>
     <span class='ocr_line' id='line_1_30' title="bbox 337 1557 409 1579; baseline 0 -1"><span class='ocrx_word' id='word_1_171' title='bbox 337 1557 409 1579; x_wconf 86' lang='lat' dir='ltr'>rum.</span> 
     </span>
    </p>
   </div>
   <div class='ocr_carea' id='block_1_6' title="bbox 295 1631 1051 2725">
    <p class='ocr_par' dir='ltr' id='par_1_6' title="bbox 295 1631 1051 2725">
     <span class='ocr_line' id='line_1_31' title="bbox 344 1631 1046 1678; baseline 0.001 -13"><span class='ocrx_word' id='word_1_172' title='bbox 344 1631 364 1678; x_wconf 64' lang='lat' dir='ltr'>g</span> <span class='ocrx_word' id='word_1_173' title='bbox 392 1633 421 1665; x_wconf 79' lang='lat' dir='ltr'>l.</span> <span class='ocrx_word' id='word_1_174' title='bbox 448 1631 495 1666; x_wconf 89' lang='lat' dir='ltr'>De</span> <span class='ocrx_word' id='word_1_175' title='bbox 524 1632 715 1678; x_wconf 73' lang='lat' dir='ltr'>insurgentis</span> <span class='ocrx_word' id='word_1_176' title='bbox 744 1632 772 1666; x_wconf 93' lang='lat' dir='ltr'>in</span> <span class='ocrx_word' id='word_1_177' title='bbox 803 1644 898 1678; x_wconf 83' lang='lat' dir='ltr'>regno</span> <span class='ocrx_word' id='word_1_178' title='bbox 920 1632 1046 1667; x_wconf 72' lang='lat' dir='ltr'>Sit-iliae</span> 
     </span>
     <span class='ocr_line' id='line_1_32' title="bbox 298 1680 1046 1730; baseline 0.003 -16"><span class='ocrx_word' id='word_1_179' title='bbox 298 1680 421 1715; x_wconf 79' lang='lat' dir='ltr'>fremitu</span> <span class='ocrx_word' id='word_1_180' title='bbox 451 1683 656 1729; x_wconf 76' lang='lat' dir='ltr'>tempestatis,</span> <span class='ocrx_word' id='word_1_181' title='bbox 679 1694 771 1730; x_wconf 89' lang='lat' dir='ltr'>quam</span> <span class='ocrx_word' id='word_1_182' title='bbox 796 1682 969 1717; x_wconf 81' lang='lat' dir='ltr'>execranda</span> <span class='ocrx_word' id='word_1_183' title='bbox 994 1682 1046 1716; x_wconf 81' lang='lat' dir='ltr'>Pa-</span> 
     </span>
     <span class='ocr_line' id='line_1_33' title="bbox 297 1731 1046 1777; baseline 0.003 -13"><span class='ocrx_word' id='word_1_184' title='bbox 297 1731 490 1766; x_wconf 88' lang='lat' dir='ltr'>normitanae</span> <span class='ocrx_word' id='word_1_185' title='bbox 514 1732 695 1767; x_wconf 80' lang='lat' dir='ltr'>rebellionis</span> <span class='ocrx_word' id='word_1_186' title='bbox 717 1732 845 1767; x_wconf 85' lang='lat' dir='ltr'>audacia</span> <span class='ocrx_word' id='word_1_187' title='bbox 876 1732 1046 1777; x_wconf 76' lang='lat' dir='ltr'>inchoavit,</span> 
     </span>
     <span class='ocr_line' id='line_1_34' title="bbox 296 1781 1046 1829; baseline 0.001 -14"><span class='ocrx_word' id='word_1_188' title='bbox 296 1788 326 1815; x_wconf 86' lang='lat' dir='ltr'>et</span> <span class='ocrx_word' id='word_1_189' title='bbox 353 1781 544 1829; x_wconf 89' lang='lat' dir='ltr'>reliquorum</span> <span class='ocrx_word' id='word_1_190' title='bbox 569 1782 748 1817; x_wconf 86' lang='lat' dir='ltr'>Siculorum</span> <span class='ocrx_word' id='word_1_191' title='bbox 773 1782 891 1816; x_wconf 89' lang='lat' dir='ltr'>malitia</span> <span class='ocrx_word' id='word_1_192' title='bbox 920 1782 1046 1816; x_wconf 84' lang='lat' dir='ltr'>Panor-</span> 
     </span>
     <span class='ocr_line' id='line_1_35' title="bbox 296 1831 1046 1879; baseline 0.003 -15"><span class='ocrx_word' id='word_1_193' title='bbox 296 1831 446 1865; x_wconf 88' lang='lat' dir='ltr'>mitanam</span> <span class='ocrx_word' id='word_1_194' title='bbox 477 1832 593 1866; x_wconf 86' lang='lat' dir='ltr'>imitata</span> <span class='ocrx_word' id='word_1_195' title='bbox 624 1832 835 1879; x_wconf 79' lang='lat' dir='ltr'>prosequitur,</span> <span class='ocrx_word' id='word_1_196' title='bbox 862 1832 900 1866; x_wconf 85' lang='lat' dir='ltr'>ad</span> <span class='ocrx_word' id='word_1_197' title='bbox 930 1832 1046 1867; x_wconf 85' lang='lat' dir='ltr'>Sedem</span> 
     </span>
     <span class='ocr_line' id='line_1_36' title="bbox 295 1880 1048 1928; baseline 0.001 -14"><span class='ocrx_word' id='word_1_198' title='bbox 295 1880 508 1927; x_wconf 86' lang='lat' dir='ltr'>Apostolicam</span> <span class='ocrx_word' id='word_1_199' title='bbox 529 1881 664 1916; x_wconf 84' lang='lat' dir='ltr'>infausto</span> <span class='ocrx_word' id='word_1_200' title='bbox 684 1894 809 1916; x_wconf 88' lang='lat' dir='ltr'>rumore</span> <span class='ocrx_word' id='word_1_201' title='bbox 829 1881 965 1928; x_wconf 87' lang='lat' dir='ltr'>perlato:</span> <span class='ocrx_word' id='word_1_202' title='bbox 991 1894 1048 1916; x_wconf 88' lang='lat' dir='ltr'>nos</span> 
     </span>
     <span class='ocr_line' id='line_1_37' title="bbox 296 1930 1047 1978; baseline 0.001 -14"><span class='ocrx_word' id='word_1_203' title='bbox 296 1938 366 1976; x_wconf 91' lang='lat' dir='ltr'>post</span> <span class='ocrx_word' id='word_1_204' title='bbox 388 1943 570 1978; x_wconf 84' lang='lat' dir='ltr'>processum</span> <span class='ocrx_word' id='word_1_205' title='bbox 594 1931 623 1965; x_wconf 90' lang='lat' dir='ltr'>in</span> <span class='ocrx_word' id='word_1_206' title='bbox 647 1932 705 1965; x_wconf 89' lang='lat' dir='ltr'>hac</span> <span class='ocrx_word' id='word_1_207' title='bbox 735 1930 934 1966; x_wconf 78' lang='lat' dir='ltr'>Urhevctana</span> <span class='ocrx_word' id='word_1_208' title='bbox 970 1932 1047 1965; x_wconf 84' lang='lat' dir='ltr'>civi-</span> 
     </span>
     <span class='ocr_line' id='line_1_38' title="bbox 296 1980 1049 2016; baseline 0.001 -3"><span class='ocrx_word' id='word_1_209' title='bbox 296 1987 357 2014; x_wconf 88' lang='lat' dir='ltr'>tate</span> <span class='ocrx_word' id='word_1_210' title='bbox 380 1980 409 2014; x_wconf 93' lang='lat' dir='ltr'>in</span> <span class='ocrx_word' id='word_1_211' title='bbox 434 1980 513 2016; x_wconf 80' lang='lat' dir='ltr'>sesto</span> <span class='ocrx_word' id='word_1_212' title='bbox 548 1980 753 2016; x_wconf 84' lang='lat' dir='ltr'>Ascensionis</span> <span class='ocrx_word' id='word_1_213' title='bbox 788 1981 917 2015; x_wconf 82' lang='lat' dir='ltr'>Domini</span> <span class='ocrx_word' id='word_1_214' title='bbox 951 1991 1049 2016; x_wconf 86' lang='lat' dir='ltr'>trans-</span> 
     </span>
     <span class='ocr_line' id='line_1_39' title="bbox 296 2030 1047 2078; baseline 0.004 -16"><span class='ocrx_word' id='word_1_215' title='bbox 296 2036 365 2063; x_wconf 86' lang='lat' dir='ltr'>acto</span> <span class='ocrx_word' id='word_1_216' title='bbox 406 2031 576 2065; x_wconf 88' lang='lat' dir='ltr'>novissime</span> <span class='ocrx_word' id='word_1_217' title='bbox 610 2030 750 2065; x_wconf 88' lang='lat' dir='ltr'>habitum</span> <span class='ocrx_word' id='word_1_218' title='bbox 774 2031 811 2065; x_wconf 88' lang='lat' dir='ltr'>ad</span> <span class='ocrx_word' id='word_1_219' title='bbox 835 2043 1047 2078; x_wconf 86' lang='lat' dir='ltr'>compescen-</span> 
     </span>
     <span class='ocr_line' id='line_1_40' title="bbox 297 2078 1047 2128; baseline 0.004 -16"><span class='ocrx_word' id='word_1_220' title='bbox 297 2078 368 2113; x_wconf 86' lang='lat' dir='ltr'>dam</span> <span class='ocrx_word' id='word_1_221' title='bbox 397 2088 615 2126; x_wconf 80' lang='lat' dir='ltr'>tempestatem</span> <span class='ocrx_word' id='word_1_222' title='bbox 644 2081 799 2120; x_wconf 81' lang='lat' dir='ltr'>eamdem,</span> <span class='ocrx_word' id='word_1_223' title='bbox 822 2081 894 2127; x_wconf 88' lang='lat' dir='ltr'>quia</span> <span class='ocrx_word' id='word_1_224' title='bbox 925 2081 1047 2128; x_wconf 87' lang='lat' dir='ltr'>procel-</span> 
     </span>
     <span class='ocr_line' id='line_1_41' title="bbox 297 2128 1046 2177; baseline 0.004 -15"><span class='ocrx_word' id='word_1_225' title='bbox 297 2128 396 2163; x_wconf 89' lang='lat' dir='ltr'>larum</span> <span class='ocrx_word' id='word_1_226' title='bbox 432 2129 516 2165; x_wconf 87' lang='lat' dir='ltr'>illins</span> <span class='ocrx_word' id='word_1_227' title='bbox 550 2130 680 2177; x_wconf 86' lang='lat' dir='ltr'>spiritus</span> <span class='ocrx_word' id='word_1_228' title='bbox 709 2143 770 2165; x_wconf 90' lang='lat' dir='ltr'>non</span> <span class='ocrx_word' id='word_1_229' title='bbox 803 2130 958 2174; x_wconf 73' lang='lat' dir='ltr'>cessabat,</span> <span class='ocrx_word' id='word_1_230' title='bbox 992 2130 1046 2165; x_wconf 86' lang='lat' dir='ltr'>sed</span> 
     </span>
     <span class='ocr_line' id='line_1_42' title="bbox 299 2179 1046 2227; baseline 0.003 -15"><span class='ocrx_word' id='word_1_231' title='bbox 299 2190 353 2224; x_wconf 88' lang='lat' dir='ltr'>per</span> <span class='ocrx_word' id='word_1_232' title='bbox 377 2179 506 2216; x_wconf 88' lang='lat' dir='ltr'>insidias</span> <span class='ocrx_word' id='word_1_233' title='bbox 528 2180 611 2215; x_wconf 88' lang='lat' dir='ltr'>Petri</span> <span class='ocrx_word' id='word_1_234' title='bbox 637 2181 718 2226; x_wconf 76' lang='lat' dir='ltr'>regis</span> <span class='ocrx_word' id='word_1_235' title='bbox 737 2181 930 2227; x_wconf 77' lang='lat' dir='ltr'>Aragonum,</span> <span class='ocrx_word' id='word_1_236' title='bbox 953 2193 1046 2227; x_wconf 89' lang='lat' dir='ltr'>quem</span> 
     </span>
     <span class='ocr_line' id='line_1_43' title="bbox 298 2228 1047 2276; baseline 0.004 -15"><span class='ocrx_word' id='word_1_237' title='bbox 298 2228 369 2263; x_wconf 90' lang='lat' dir='ltr'>stilo</span> <span class='ocrx_word' id='word_1_238' title='bbox 395 2228 478 2264; x_wconf 86' lang='lat' dir='ltr'>circa</span> <span class='ocrx_word' id='word_1_239' title='bbox 504 2242 594 2276; x_wconf 82' lang='lat' dir='ltr'>reges</span> <span class='ocrx_word' id='word_1_240' title='bbox 620 2230 713 2265; x_wconf 89' lang='lat' dir='ltr'>solito</span> <span class='ocrx_word' id='word_1_241' title='bbox 735 2243 797 2265; x_wconf 88' lang='lat' dir='ltr'>non</span> <span class='ocrx_word' id='word_1_242' title='bbox 821 2230 954 2265; x_wconf 82' lang='lat' dir='ltr'>describi</span> <span class='ocrx_word' id='word_1_243' title='bbox 979 2229 1047 2264; x_wconf 87' lang='lat' dir='ltr'>sub-</span> 
     </span>
     <span class='ocr_line' id='line_1_44' title="bbox 298 2278 1048 2325; baseline 0.004 -14"><span class='ocrx_word' id='word_1_244' title='bbox 298 2278 412 2325; x_wconf 87' lang='lat' dir='ltr'>scripta</span> <span class='ocrx_word' id='word_1_245' title='bbox 440 2279 508 2314; x_wconf 90' lang='lat' dir='ltr'>eius</span> <span class='ocrx_word' id='word_1_246' title='bbox 543 2280 692 2315; x_wconf 85' lang='lat' dir='ltr'>demerita</span> <span class='ocrx_word' id='word_1_247' title='bbox 727 2288 927 2320; x_wconf 86' lang='lat' dir='ltr'>meruerunt,</span> <span class='ocrx_word' id='word_1_248' title='bbox 963 2280 1048 2314; x_wconf 84' lang='lat' dir='ltr'>inva-</span> 
     </span>
     <span class='ocr_line' id='line_1_45' title="bbox 299 2327 1050 2376; baseline 0.004 -15"><span class='ocrx_word' id='word_1_249' title='bbox 299 2327 417 2362; x_wconf 87' lang='lat' dir='ltr'>lescere</span> <span class='ocrx_word' id='word_1_250' title='bbox 440 2329 546 2376; x_wconf 87' lang='lat' dir='ltr'>potius</span> <span class='ocrx_word' id='word_1_251' title='bbox 575 2330 755 2372; x_wconf 69' lang='lat' dir='ltr'>videbatur,</span> <span class='ocrx_word' id='word_1_252' title='bbox 780 2338 812 2364; x_wconf 91' lang='lat' dir='ltr'>ut</span> <span class='ocrx_word' id='word_1_253' title='bbox 838 2330 980 2365; x_wconf 86' lang='lat' dir='ltr'>eiusdem</span> <span class='ocrx_word' id='word_1_254' title='bbox 1004 2342 1050 2364; x_wconf 87' lang='lat' dir='ltr'>re-</span> 
     </span>
     <span class='ocr_line' id='line_1_46' title="bbox 299 2377 1049 2425; baseline 0.003 -14"><span class='ocrx_word' id='word_1_255' title='bbox 299 2377 358 2423; x_wconf 79' lang='lat' dir='ltr'>gis,</span> <span class='ocrx_word' id='word_1_256' title='bbox 386 2378 440 2424; x_wconf 93' lang='lat' dir='ltr'>qui</span> <span class='ocrx_word' id='word_1_257' title='bbox 464 2379 566 2425; x_wconf 84' lang='lat' dir='ltr'>regiae</span> <span class='ocrx_word' id='word_1_258' title='bbox 593 2379 736 2425; x_wconf 82' lang='lat' dir='ltr'>dignitati</span> <span class='ocrx_word' id='word_1_259' title='bbox 766 2392 827 2414; x_wconf 90' lang='lat' dir='ltr'>non</span> <span class='ocrx_word' id='word_1_260' title='bbox 851 2380 997 2414; x_wconf 82' lang='lat' dir='ltr'>deferens</span> <span class='ocrx_word' id='word_1_261' title='bbox 1019 2387 1049 2413; x_wconf 85' lang='lat' dir='ltr'>et</span> 
     </span>
     <span class='ocr_line' id='line_1_47' title="bbox 299 2429 1049 2477; baseline 0.003 -15"><span class='ocrx_word' id='word_1_262' title='bbox 299 2429 425 2474; x_wconf 85' lang='lat' dir='ltr'>generis</span> <span class='ocrx_word' id='word_1_263' title='bbox 452 2429 499 2463; x_wconf 92' lang='lat' dir='ltr'>sui</span> <span class='ocrx_word' id='word_1_264' title='bbox 527 2429 657 2464; x_wconf 84' lang='lat' dir='ltr'>claritati</span> <span class='ocrx_word' id='word_1_265' title='bbox 691 2442 752 2464; x_wconf 90' lang='lat' dir='ltr'>non</span> <span class='ocrx_word' id='word_1_266' title='bbox 787 2442 918 2477; x_wconf 85' lang='lat' dir='ltr'>parcens</span> <span class='ocrx_word' id='word_1_267' title='bbox 945 2429 1049 2464; x_wconf 84' lang='lat' dir='ltr'>dicto-</span> 
     </span>
     <span class='ocr_line' id='line_1_48' title="bbox 303 2478 1049 2514; baseline 0.001 -2"><span class='ocrx_word' id='word_1_268' title='bbox 303 2489 370 2512; x_wconf 90' lang='lat' dir='ltr'>rum</span> <span class='ocrx_word' id='word_1_269' title='bbox 406 2478 570 2513; x_wconf 81' lang='lat' dir='ltr'>rebellium</span> <span class='ocrx_word' id='word_1_270' title='bbox 606 2491 638 2514; x_wconf 90' lang='lat' dir='ltr'>se</span> <span class='ocrx_word' id='word_1_271' title='bbox 672 2479 785 2514; x_wconf 87' lang='lat' dir='ltr'>ducem</span> <span class='ocrx_word' id='word_1_272' title='bbox 822 2480 982 2514; x_wconf 87' lang='lat' dir='ltr'>constituit</span> <span class='ocrx_word' id='word_1_273' title='bbox 1020 2487 1049 2514; x_wconf 88' lang='lat' dir='ltr'>et</span> 
     </span>
     <span class='ocr_line' id='line_1_49' title="bbox 301 2528 1050 2576; baseline 0 -14"><span class='ocrx_word' id='word_1_274' title='bbox 301 2528 453 2574; x_wconf 81' lang='lat' dir='ltr'>aurigam,</span> <span class='ocrx_word' id='word_1_275' title='bbox 477 2529 616 2575; x_wconf 67' lang='lat' dir='ltr'>nequitia</span> <span class='ocrx_word' id='word_1_276' title='bbox 639 2529 829 2564; x_wconf 73' lang='lat' dir='ltr'>revelaretur</span> <span class='ocrx_word' id='word_1_277' title='bbox 846 2530 996 2576; x_wconf 83' lang='lat' dir='ltr'>apertius,</span> <span class='ocrx_word' id='word_1_278' title='bbox 1019 2536 1050 2563; x_wconf 86' lang='lat' dir='ltr'>et</span> 
     </span>
     <span class='ocr_line' id='line_1_50' title="bbox 302 2577 1049 2613; baseline 0.001 -2"><span class='ocrx_word' id='word_1_279' title='bbox 302 2577 462 2613; x_wconf 77' lang='lat' dir='ltr'>Ecclesiae</span> <span class='ocrx_word' id='word_1_280' title='bbox 497 2578 658 2613; x_wconf 87' lang='lat' dir='ltr'>Romanae</span> <span class='ocrx_word' id='word_1_281' title='bbox 686 2579 799 2612; x_wconf 87' lang='lat' dir='ltr'>iustitia</span> <span class='ocrx_word' id='word_1_282' title='bbox 834 2587 940 2613; x_wconf 87' lang='lat' dir='ltr'>contra</span> <span class='ocrx_word' id='word_1_283' title='bbox 977 2591 1049 2613; x_wconf 89' lang='lat' dir='ltr'>enm</span> 
     </span>
     <span class='ocr_line' id='line_1_51' title="bbox 301 2627 1050 2675; baseline 0.003 -15"><span class='ocrx_word' id='word_1_284' title='bbox 301 2627 478 2662; x_wconf 74' lang='lat' dir='ltr'>evidentius</span> <span class='ocrx_word' id='word_1_285' title='bbox 516 2636 697 2675; x_wconf 67' lang='lat' dir='ltr'>appareret:</span> <span class='ocrx_word' id='word_1_286' title='bbox 739 2629 858 2675; x_wconf 83' lang='lat' dir='ltr'>pridem</span> <span class='ocrx_word' id='word_1_287' title='bbox 900 2629 928 2662; x_wconf 90' lang='lat' dir='ltr'>in</span> <span class='ocrx_word' id='word_1_288' title='bbox 972 2628 1050 2662; x_wconf 86' lang='lat' dir='ltr'>festo</span> 
     </span>
     <span class='ocr_line' id='line_1_52' title="bbox 301 2677 1051 2725; baseline 0.003 -14"><span class='ocrx_word' id='word_1_289' title='bbox 301 2677 516 2713; x_wconf 81' lang='lat' dir='ltr'>Dedicationis</span> <span class='ocrx_word' id='word_1_290' title='bbox 539 2678 683 2713; x_wconf 85' lang='lat' dir='ltr'>basilicae</span> <span class='ocrx_word' id='word_1_291' title='bbox 705 2677 862 2724; x_wconf 80' lang='lat' dir='ltr'>Principis</span> <span class='ocrx_word' id='word_1_292' title='bbox 880 2677 1051 2725; x_wconf 85' lang='lat' dir='ltr'>Apostolo-</span> 
     </span>
    </p>
   </div>
   <div class='ocr_carea' id='block_1_7' title="bbox 1082 588 1837 2327">
    <p class='ocr_par' dir='ltr' id='par_1_7' title="bbox 1082 588 1837 2327">
     <span class='ocr_line' id='line_1_53' title="bbox 1082 588 1826 635; baseline 0 -12"><span class='ocrx_word' id='word_1_293' title='bbox 1082 589 1283 624; x_wconf 81' lang='lat' dir='ltr'>lnnocentius</span> <span class='ocrx_word' id='word_1_294' title='bbox 1320 588 1402 635; x_wconf 85' lang='lat' dir='ltr'>Papa</span> <span class='ocrx_word' id='word_1_295' title='bbox 1437 597 1567 635; x_wconf 87' lang='lat' dir='ltr'>quartus</span> <span class='ocrx_word' id='word_1_296' title='bbox 1607 588 1826 635; x_wconf 86' lang='lat' dir='ltr'>praedecessor</span> 
     </span>
     <span class='ocr_line' id='line_1_54' title="bbox 1082 637 1826 686; baseline -0.001 -12"><span class='ocrx_word' id='word_1_297' title='bbox 1082 649 1187 674; x_wconf 86' lang='lat' dir='ltr'>noster</span> <span class='ocrx_word' id='word_1_298' title='bbox 1209 638 1366 686; x_wconf 86' lang='lat' dir='ltr'>qnondam</span> <span class='ocrx_word' id='word_1_299' title='bbox 1396 637 1587 672; x_wconf 79' lang='lat' dir='ltr'>Fridericum</span> <span class='ocrx_word' id='word_1_300' title='bbox 1611 638 1684 672; x_wconf 91' lang='lat' dir='ltr'>olim</span> <span class='ocrx_word' id='word_1_301' title='bbox 1706 637 1826 673; x_wconf 83' lang='lat' dir='ltr'>Roma-</span> 
     </span>
     <span class='ocr_line' id='line_1_55' title="bbox 1082 688 1827 735; baseline -0.003 -11"><span class='ocrx_word' id='word_1_302' title='bbox 1082 703 1194 725; x_wconf 85' lang='lat' dir='ltr'>norum</span> <span class='ocrx_word' id='word_1_303' title='bbox 1230 690 1467 735; x_wconf 83' lang='lat' dir='ltr'>imperatorem,</span> <span class='ocrx_word' id='word_1_304' title='bbox 1500 688 1553 735; x_wconf 87' lang='lat' dir='ltr'>qni</span> <span class='ocrx_word' id='word_1_305' title='bbox 1589 700 1642 734; x_wconf 91' lang='lat' dir='ltr'>per</span> <span class='ocrx_word' id='word_1_306' title='bbox 1669 701 1744 723; x_wconf 90' lang='lat' dir='ltr'>suos</span> <span class='ocrx_word' id='word_1_307' title='bbox 1770 701 1827 722; x_wconf 79' lang='lat' dir='ltr'>ex-</span> 
     </span>
     <span class='ocr_line' id='line_1_56' title="bbox 1082 738 1828 785; baseline -0.005 -9"><span class='ocrx_word' id='word_1_308' title='bbox 1082 753 1189 776; x_wconf 87' lang='lat' dir='ltr'>cessus</span> <span class='ocrx_word' id='word_1_309' title='bbox 1215 738 1414 785; x_wconf 82' lang='lat' dir='ltr'>gravissimos</span> <span class='ocrx_word' id='word_1_310' title='bbox 1450 746 1480 771; x_wconf 88' lang='lat' dir='ltr'>et</span> <span class='ocrx_word' id='word_1_311' title='bbox 1508 738 1615 784; x_wconf 72' lang='lat' dir='ltr'>culpas</span> <span class='ocrx_word' id='word_1_312' title='bbox 1646 738 1828 772; x_wconf 86' lang='lat' dir='ltr'>innumeras</span> 
     </span>
     <span class='ocr_line' id='line_1_57' title="bbox 1083 787 1829 837; baseline -0.004 -12"><span class='ocrx_word' id='word_1_313' title='bbox 1083 790 1215 837; x_wconf 83' lang='lat' dir='ltr'>imperio</span> <span class='ocrx_word' id='word_1_314' title='bbox 1241 798 1271 825; x_wconf 85' lang='lat' dir='ltr'>et</span> <span class='ocrx_word' id='word_1_315' title='bbox 1306 788 1429 833; x_wconf 70' lang='lat' dir='ltr'>regnis,</span> <span class='ocrx_word' id='word_1_316' title='bbox 1456 788 1606 834; x_wconf 82' lang='lat' dir='ltr'>omnique</span> <span class='ocrx_word' id='word_1_317' title='bbox 1641 787 1761 822; x_wconf 90' lang='lat' dir='ltr'>honore</span> <span class='ocrx_word' id='word_1_318' title='bbox 1793 800 1829 822; x_wconf 88' lang='lat' dir='ltr'>ac</span> 
     </span>
     <span class='ocr_line' id='line_1_58' title="bbox 1082 837 1828 887; baseline -0.005 -12"><span class='ocrx_word' id='word_1_319' title='bbox 1082 841 1232 887; x_wconf 73' lang='lat' dir='ltr'>(lignitate</span> <span class='ocrx_word' id='word_1_320' title='bbox 1277 838 1456 874; x_wconf 79' lang='lat' dir='ltr'>reddiderat</span> <span class='ocrx_word' id='word_1_321' title='bbox 1495 850 1528 872; x_wconf 79' lang='lat' dir='ltr'>se</span> <span class='ocrx_word' id='word_1_322' title='bbox 1571 837 1754 883; x_wconf 85' lang='lat' dir='ltr'>indignum,</span> <span class='ocrx_word' id='word_1_323' title='bbox 1798 838 1828 871; x_wconf 91' lang='lat' dir='ltr'>in</span> 
     </span>
     <span class='ocr_line' id='line_1_59' title="bbox 1082 887 1831 936; baseline -0.007 -11"><span class='ocrx_word' id='word_1_324' title='bbox 1082 889 1286 936; x_wconf 81' lang='lat' dir='ltr'>Lugdunensi</span> <span class='ocrx_word' id='word_1_325' title='bbox 1303 887 1447 928; x_wconf 87' lang='lat' dir='ltr'>concilio,</span> <span class='ocrx_word' id='word_1_326' title='bbox 1463 888 1530 934; x_wconf 88' lang='lat' dir='ltr'>ipso</span> <span class='ocrx_word' id='word_1_327' title='bbox 1543 887 1737 935; x_wconf 83' lang='lat' dir='ltr'>approbante</span> <span class='ocrx_word' id='word_1_328' title='bbox 1753 899 1831 921; x_wconf 90' lang='lat' dir='ltr'>con-</span> 
     </span>
     <span class='ocr_line' id='line_1_60' title="bbox 1083 936 1832 986; baseline -0.005 -12"><span class='ocrx_word' id='word_1_329' title='bbox 1083 940 1165 979; x_wconf 80' lang='lat' dir='ltr'>cilio,</span> <span class='ocrx_word' id='word_1_330' title='bbox 1181 947 1307 986; x_wconf 87' lang='lat' dir='ltr'>propter</span> <span class='ocrx_word' id='word_1_331' title='bbox 1328 950 1454 972; x_wconf 89' lang='lat' dir='ltr'>suarum</span> <span class='ocrx_word' id='word_1_332' title='bbox 1472 937 1669 984; x_wconf 86' lang='lat' dir='ltr'>iniquitatum</span> <span class='ocrx_word' id='word_1_333' title='bbox 1693 936 1832 971; x_wconf 86' lang='lat' dir='ltr'>multitu-</span> 
     </span>
     <span class='ocr_line' id='line_1_61' title="bbox 1083 985 1830 1032; baseline -0.005 -8"><span class='ocrx_word' id='word_1_334' title='bbox 1083 990 1189 1024; x_wconf 83' lang='lat' dir='ltr'>dinem</span> <span class='ocrx_word' id='word_1_335' title='bbox 1213 987 1427 1023; x_wconf 86' lang='lat' dir='ltr'>detestandam</span> <span class='ocrx_word' id='word_1_336' title='bbox 1450 986 1528 1021; x_wconf 89' lang='lat' dir='ltr'>adeo</span> <span class='ocrx_word' id='word_1_337' title='bbox 1551 999 1589 1021; x_wconf 90' lang='lat' dir='ltr'>ne</span> <span class='ocrx_word' id='word_1_338' title='bbox 1611 994 1756 1032; x_wconf 75' lang='lat' dir='ltr'>regnaret</span> <span class='ocrx_word' id='word_1_339' title='bbox 1785 985 1830 1020; x_wconf 92' lang='lat' dir='ltr'>vel</span> 
     </span>
     <span class='ocr_line' id='line_1_62' title="bbox 1084 1035 1831 1086; baseline -0.004 -13"><span class='ocrx_word' id='word_1_340' title='bbox 1084 1040 1251 1086; x_wconf 87' lang='lat' dir='ltr'>imperaret</span> <span class='ocrx_word' id='word_1_341' title='bbox 1272 1037 1426 1072; x_wconf 89' lang='lat' dir='ltr'>abiectum</span> <span class='ocrx_word' id='word_1_342' title='bbox 1452 1035 1590 1071; x_wconf 86' lang='lat' dir='ltr'>ostendit</span> <span class='ocrx_word' id='word_1_343' title='bbox 1608 1044 1638 1071; x_wconf 88' lang='lat' dir='ltr'>et</span> <span class='ocrx_word' id='word_1_344' title='bbox 1659 1035 1831 1070; x_wconf 89' lang='lat' dir='ltr'>denuncia-</span> 
     </span>
     <span class='ocr_line' id='line_1_63' title="bbox 1086 1086 1831 1132; baseline -0.007 -9"><span class='ocrx_word' id='word_1_345' title='bbox 1086 1090 1125 1123; x_wconf 89' lang='lat' dir='ltr'>vit</span> <span class='ocrx_word' id='word_1_346' title='bbox 1149 1088 1235 1123; x_wconf 90' lang='lat' dir='ltr'>omni</span> <span class='ocrx_word' id='word_1_347' title='bbox 1258 1087 1377 1122; x_wconf 87' lang='lat' dir='ltr'>honore</span> <span class='ocrx_word' id='word_1_348' title='bbox 1404 1100 1439 1121; x_wconf 83' lang='lat' dir='ltr'>ac</span> <span class='ocrx_word' id='word_1_349' title='bbox 1461 1086 1614 1132; x_wconf 84' lang='lat' dir='ltr'>dignitate</span> <span class='ocrx_word' id='word_1_350' title='bbox 1638 1086 1791 1132; x_wconf 87' lang='lat' dir='ltr'>privatum</span> <span class='ocrx_word' id='word_1_351' title='bbox 1815 1097 1831 1119; x_wconf 89' lang='lat' dir='ltr'>a</span> 
     </span>
     <span class='ocr_line' id='line_1_64' title="bbox 1084 1133 1833 1182; baseline -0.005 -10"><span class='ocrx_word' id='word_1_352' title='bbox 1084 1138 1233 1182; x_wconf 84' lang='lat' dir='ltr'>Domino,</span> <span class='ocrx_word' id='word_1_353' title='bbox 1251 1145 1280 1171; x_wconf 85' lang='lat' dir='ltr'>et</span> <span class='ocrx_word' id='word_1_354' title='bbox 1304 1136 1509 1171; x_wconf 89' lang='lat' dir='ltr'>nihilominus</span> <span class='ocrx_word' id='word_1_355' title='bbox 1530 1133 1750 1170; x_wconf 86' lang='lat' dir='ltr'>sententiando</span> <span class='ocrx_word' id='word_1_356' title='bbox 1775 1134 1833 1181; x_wconf 93' lang='lat' dir='ltr'>pri-</span> 
     </span>
     <span class='ocr_line' id='line_1_65' title="bbox 1086 1183 1832 1234; baseline -0.004 -14"><span class='ocrx_word' id='word_1_357' title='bbox 1086 1189 1175 1227; x_wconf 82' lang='lat' dir='ltr'>vavit,</span> <span class='ocrx_word' id='word_1_358' title='bbox 1217 1195 1306 1234; x_wconf 90' lang='lat' dir='ltr'>prout</span> <span class='ocrx_word' id='word_1_359' title='bbox 1340 1186 1370 1220; x_wconf 91' lang='lat' dir='ltr'>in</span> <span class='ocrx_word' id='word_1_360' title='bbox 1401 1185 1544 1220; x_wconf 86' lang='lat' dir='ltr'>eiusdem</span> <span class='ocrx_word' id='word_1_361' title='bbox 1582 1183 1832 1232; x_wconf 85' lang='lat' dir='ltr'>praedecessoris</span> 
     </span>
     <span class='ocr_line' id='line_1_66' title="bbox 1085 1233 1831 1281; baseline -0.007 -10"><span class='ocrx_word' id='word_1_362' title='bbox 1085 1237 1239 1272; x_wconf 84' lang='lat' dir='ltr'>sententia</span> <span class='ocrx_word' id='word_1_363' title='bbox 1271 1244 1378 1270; x_wconf 87' lang='lat' dir='ltr'>contra</span> <span class='ocrx_word' id='word_1_364' title='bbox 1407 1234 1604 1269; x_wconf 84' lang='lat' dir='ltr'>Fridericum</span> <span class='ocrx_word' id='word_1_365' title='bbox 1635 1233 1831 1281; x_wconf 84' lang='lat' dir='ltr'>promulgata</span> 
     </span>
     <span class='ocr_line' id='line_1_67' title="bbox 1087 1283 1834 1331; baseline -0.007 -10"><span class='ocrx_word' id='word_1_366' title='bbox 1087 1286 1258 1331; x_wconf 87' lang='lat' dir='ltr'>praefatum</span> <span class='ocrx_word' id='word_1_367' title='bbox 1277 1285 1415 1319; x_wconf 78' lang='lat' dir='ltr'>noscitur</span> <span class='ocrx_word' id='word_1_368' title='bbox 1431 1284 1555 1330; x_wconf 88' lang='lat' dir='ltr'>plenius</span> <span class='ocrx_word' id='word_1_369' title='bbox 1571 1283 1739 1318; x_wconf 87' lang='lat' dir='ltr'>contineri:</span> <span class='ocrx_word' id='word_1_370' title='bbox 1760 1295 1834 1329; x_wconf 88' lang='lat' dir='ltr'>qua-</span> 
     </span>
     <span class='ocr_line' id='line_1_68' title="bbox 1086 1331 1833 1381; baseline -0.005 -11"><span class='ocrx_word' id='word_1_371' title='bbox 1086 1337 1155 1370; x_wconf 87' lang='lat' dir='ltr'>liter</span> <span class='ocrx_word' id='word_1_372' title='bbox 1181 1335 1273 1370; x_wconf 90' lang='lat' dir='ltr'>etiam</span> <span class='ocrx_word' id='word_1_373' title='bbox 1310 1344 1380 1381; x_wconf 88' lang='lat' dir='ltr'>post</span> <span class='ocrx_word' id='word_1_374' title='bbox 1407 1333 1548 1368; x_wconf 89' lang='lat' dir='ltr'>eiusdem</span> <span class='ocrx_word' id='word_1_375' title='bbox 1584 1332 1736 1367; x_wconf 89' lang='lat' dir='ltr'>Friderici</span> <span class='ocrx_word' id='word_1_376' title='bbox 1763 1331 1833 1366; x_wconf 78' lang='lat' dir='ltr'>obi-</span> 
     </span>
     <span class='ocr_line' id='line_1_69' title="bbox 1087 1381 1833 1431; baseline -0.008 -11"><span class='ocrx_word' id='word_1_377' title='bbox 1087 1394 1150 1419; x_wconf 89' lang='lat' dir='ltr'>tum</span> <span class='ocrx_word' id='word_1_378' title='bbox 1179 1396 1369 1431; x_wconf 87' lang='lat' dir='ltr'>quamquam</span> <span class='ocrx_word' id='word_1_379' title='bbox 1399 1395 1528 1429; x_wconf 83' lang='lat' dir='ltr'>regumn</span> <span class='ocrx_word' id='word_1_380' title='bbox 1552 1381 1676 1417; x_wconf 85' lang='lat' dir='ltr'>Siciliae</span> <span class='ocrx_word' id='word_1_381' title='bbox 1698 1381 1734 1416; x_wconf 82' lang='lat' dir='ltr'>atl</span> <span class='ocrx_word' id='word_1_382' title='bbox 1766 1381 1833 1415; x_wconf 84' lang='lat' dir='ltr'>dis-</span> 
     </span>
     <span class='ocr_line' id='line_1_70' title="bbox 1087 1431 1835 1482; baseline -0.007 -13"><span class='ocrx_word' id='word_1_383' title='bbox 1087 1435 1275 1482; x_wconf 78' lang='lat' dir='ltr'>positionem</span> <span class='ocrx_word' id='word_1_384' title='bbox 1298 1433 1459 1467; x_wconf 85' lang='lat' dir='ltr'>Ecclesiae</span> <span class='ocrx_word' id='word_1_385' title='bbox 1481 1432 1654 1472; x_wconf 81' lang='lat' dir='ltr'>Romanae,</span> <span class='ocrx_word' id='word_1_386' title='bbox 1677 1431 1768 1465; x_wconf 84' lang='lat' dir='ltr'>cuius</span> <span class='ocrx_word' id='word_1_387' title='bbox 1791 1431 1835 1465; x_wconf 90' lang='lat' dir='ltr'>iu-</span> 
     </span>
     <span class='ocr_line' id='line_1_71' title="bbox 1086 1479 1833 1530; baseline -0.005 -11"><span class='ocrx_word' id='word_1_388' title='bbox 1086 1485 1129 1519; x_wconf 91' lang='lat' dir='ltr'>ris</span> <span class='ocrx_word' id='word_1_389' title='bbox 1162 1493 1193 1518; x_wconf 87' lang='lat' dir='ltr'>et</span> <span class='ocrx_word' id='word_1_390' title='bbox 1233 1483 1430 1530; x_wconf 87' lang='lat' dir='ltr'>proprietatis</span> <span class='ocrx_word' id='word_1_391' title='bbox 1465 1482 1587 1521; x_wconf 82' lang='lat' dir='ltr'>existit,</span> <span class='ocrx_word' id='word_1_392' title='bbox 1615 1490 1697 1516; x_wconf 86' lang='lat' dir='ltr'>esset</span> <span class='ocrx_word' id='word_1_393' title='bbox 1736 1479 1833 1515; x_wconf 79' lang='lat' dir='ltr'>libere</span> 
     </span>
     <span class='ocr_line' id='line_1_72' title="bbox 1086 1530 1833 1579; baseline -0.005 -11"><span class='ocrx_word' id='word_1_394' title='bbox 1086 1533 1280 1574; x_wconf 86' lang='lat' dir='ltr'>devolutum,</span> <span class='ocrx_word' id='word_1_395' title='bbox 1308 1533 1474 1579; x_wconf 86' lang='lat' dir='ltr'>dictusque</span> <span class='ocrx_word' id='word_1_396' title='bbox 1498 1531 1719 1578; x_wconf 85' lang='lat' dir='ltr'>praedecessor</span> <span class='ocrx_word' id='word_1_397' title='bbox 1740 1542 1773 1565; x_wconf 87' lang='lat' dir='ltr'>se</span> <span class='ocrx_word' id='word_1_398' title='bbox 1794 1530 1833 1565; x_wconf 86' lang='lat' dir='ltr'>de</span> 
     </span>
     <span class='ocr_line' id='line_1_73' title="bbox 1087 1580 1835 1631; baseline -0.004 -14"><span class='ocrx_word' id='word_1_399' title='bbox 1087 1583 1138 1617; x_wconf 91' lang='lat' dir='ltr'>illo</span> <span class='ocrx_word' id='word_1_400' title='bbox 1164 1583 1289 1631; x_wconf 87' lang='lat' dir='ltr'>publice</span> <span class='ocrx_word' id='word_1_401' title='bbox 1316 1583 1346 1616; x_wconf 92' lang='lat' dir='ltr'>in</span> <span class='ocrx_word' id='word_1_402' title='bbox 1382 1582 1491 1616; x_wconf 85' lang='lat' dir='ltr'>eodem</span> <span class='ocrx_word' id='word_1_403' title='bbox 1522 1580 1729 1628; x_wconf 83' lang='lat' dir='ltr'>praedixisset</span> <span class='ocrx_word' id='word_1_404' title='bbox 1757 1591 1835 1614; x_wconf 88' lang='lat' dir='ltr'>con-</span> 
     </span>
     <span class='ocr_line' id='line_1_74' title="bbox 1086 1629 1834 1679; baseline -0.004 -12"><span class='ocrx_word' id='word_1_405' title='bbox 1086 1633 1158 1667; x_wconf 81' lang='lat' dir='ltr'>cilio</span> <span class='ocrx_word' id='word_1_406' title='bbox 1173 1633 1367 1679; x_wconf 84' lang='lat' dir='ltr'>provisurum</span> <span class='ocrx_word' id='word_1_407' title='bbox 1379 1645 1385 1672; x_wconf 83' lang='lat'>;</span> <span class='ocrx_word' id='word_1_408' title='bbox 1400 1630 1558 1679; x_wconf 88' lang='lat' dir='ltr'>qnondam</span> <span class='ocrx_word' id='word_1_409' title='bbox 1570 1629 1737 1665; x_wconf 85' lang='lat' dir='ltr'>Conradus</span> <span class='ocrx_word' id='word_1_410' title='bbox 1750 1641 1834 1676; x_wconf 88' lang='lat' dir='ltr'>prae·</span> 
     </span>
     <span class='ocr_line' id='line_1_75' title="bbox 1086 1679 1835 1721; baseline -0.004 -4"><span class='ocrx_word' id='word_1_411' title='bbox 1086 1683 1160 1718; x_wconf 87' lang='lat' dir='ltr'>dicti</span> <span class='ocrx_word' id='word_1_412' title='bbox 1184 1682 1334 1717; x_wconf 75' lang='lat' dir='ltr'>Friderici</span> <span class='ocrx_word' id='word_1_413' title='bbox 1364 1681 1456 1721; x_wconf 90' lang='lat' dir='ltr'>lilius,</span> <span class='ocrx_word' id='word_1_414' title='bbox 1486 1681 1557 1715; x_wconf 71' lang='lat' dir='ltr'>licet</span> <span class='ocrx_word' id='word_1_415' title='bbox 1598 1680 1626 1714; x_wconf 91' lang='lat' dir='ltr'>iu</span> <span class='ocrx_word' id='word_1_416' title='bbox 1651 1679 1762 1714; x_wconf 87' lang='lat' dir='ltr'>eodem</span> <span class='ocrx_word' id='word_1_417' title='bbox 1786 1692 1835 1714; x_wconf 87' lang='lat' dir='ltr'>re-</span> 
     </span>
     <span class='ocr_line' id='line_1_76' title="bbox 1086 1729 1835 1779; baseline -0.004 -12"><span class='ocrx_word' id='word_1_418' title='bbox 1086 1746 1148 1779; x_wconf 80' lang='lat' dir='ltr'>gno</span> <span class='ocrx_word' id='word_1_419' title='bbox 1183 1745 1220 1767; x_wconf 82' lang='lat' dir='ltr'>ex</span> <span class='ocrx_word' id='word_1_420' title='bbox 1253 1732 1352 1779; x_wconf 86' lang='lat' dir='ltr'>ipsius</span> <span class='ocrx_word' id='word_1_421' title='bbox 1374 1731 1422 1766; x_wconf 87' lang='lat' dir='ltr'>sni</span> <span class='ocrx_word' id='word_1_422' title='bbox 1459 1730 1612 1777; x_wconf 82' lang='lat' dir='ltr'>genitoris</span> <span class='ocrx_word' id='word_1_423' title='bbox 1634 1729 1835 1765; x_wconf 84' lang='lat' dir='ltr'>successione</span> 
     </span>
     <span class='ocr_line' id='line_1_77' title="bbox 1087 1779 1835 1829; baseline -0.005 -12"><span class='ocrx_word' id='word_1_424' title='bbox 1087 1783 1209 1817; x_wconf 90' lang='lat' dir='ltr'>nullum</span> <span class='ocrx_word' id='word_1_425' title='bbox 1238 1782 1363 1829; x_wconf 86' lang='lat' dir='ltr'>penitus</span> <span class='ocrx_word' id='word_1_426' title='bbox 1398 1781 1448 1815; x_wconf 88' lang='lat' dir='ltr'>ius</span> <span class='ocrx_word' id='word_1_427' title='bbox 1475 1780 1620 1823; x_wconf 87' lang='lat' dir='ltr'>haberet,</span> <span class='ocrx_word' id='word_1_428' title='bbox 1656 1792 1728 1815; x_wconf 89' lang='lat' dir='ltr'>cum</span> <span class='ocrx_word' id='word_1_429' title='bbox 1756 1779 1835 1814; x_wconf 84' lang='lat' dir='ltr'>sicut</span> 
     </span>
     <span class='ocr_line' id='line_1_78' title="bbox 1086 1828 1835 1880; baseline -0.007 -13"><span class='ocrx_word' id='word_1_430' title='bbox 1086 1842 1215 1880; x_wconf 88' lang='lat' dir='ltr'>apparet</span> <span class='ocrx_word' id='word_1_431' title='bbox 1248 1831 1368 1880; x_wconf 88' lang='lat' dir='ltr'>liquido</span> <span class='ocrx_word' id='word_1_432' title='bbox 1395 1844 1432 1865; x_wconf 88' lang='lat' dir='ltr'>ex</span> <span class='ocrx_word' id='word_1_433' title='bbox 1468 1829 1664 1877; x_wconf 87' lang='lat' dir='ltr'>praemissis,</span> <span class='ocrx_word' id='word_1_434' title='bbox 1699 1841 1756 1863; x_wconf 88' lang='lat' dir='ltr'>nec</span> <span class='ocrx_word' id='word_1_435' title='bbox 1784 1828 1835 1863; x_wconf 88' lang='lat' dir='ltr'>ille</span> 
     </span>
     <span class='ocr_line' id='line_1_79' title="bbox 1090 1878 1837 1928; baseline -0.007 -11"><span class='ocrx_word' id='word_1_436' title='bbox 1090 1883 1197 1917; x_wconf 91' lang='lat' dir='ltr'>mortis</span> <span class='ocrx_word' id='word_1_437' title='bbox 1219 1894 1293 1917; x_wconf 89' lang='lat' dir='ltr'>suae</span> <span class='ocrx_word' id='word_1_438' title='bbox 1317 1890 1457 1928; x_wconf 85' lang='lat' dir='ltr'>tempore</span> <span class='ocrx_word' id='word_1_439' title='bbox 1481 1880 1650 1919; x_wconf 86' lang='lat' dir='ltr'>habuisset,</span> <span class='ocrx_word' id='word_1_440' title='bbox 1679 1891 1736 1913; x_wconf 85' lang='lat' dir='ltr'>nec</span> <span class='ocrx_word' id='word_1_441' title='bbox 1761 1878 1837 1913; x_wconf 88' lang='lat' dir='ltr'>alias</span> 
     </span>
     <span class='ocr_line' id='line_1_80' title="bbox 1089 1928 1837 1978; baseline -0.005 -13"><span class='ocrx_word' id='word_1_442' title='bbox 1089 1932 1246 1978; x_wconf 87' lang='lat' dir='ltr'>praedicto</span> <span class='ocrx_word' id='word_1_443' title='bbox 1275 1930 1421 1966; x_wconf 87' lang='lat' dir='ltr'>Conrado</span> <span class='ocrx_word' id='word_1_444' title='bbox 1444 1930 1492 1965; x_wconf 88' lang='lat' dir='ltr'>ius</span> <span class='ocrx_word' id='word_1_445' title='bbox 1514 1936 1707 1976; x_wconf 89' lang='lat' dir='ltr'>competeret</span> <span class='ocrx_word' id='word_1_446' title='bbox 1733 1928 1763 1962; x_wconf 92' lang='lat' dir='ltr'>in</span> <span class='ocrx_word' id='word_1_447' title='bbox 1788 1939 1837 1962; x_wconf 90' lang='lat' dir='ltr'>eo-</span> 
     </span>
     <span class='ocr_line' id='line_1_81' title="bbox 1087 1978 1836 2028; baseline -0.007 -12"><span class='ocrx_word' id='word_1_448' title='bbox 1087 1982 1177 2023; x_wconf 88' lang='lat' dir='ltr'>dem,</span> <span class='ocrx_word' id='word_1_449' title='bbox 1206 1993 1339 2028; x_wconf 83' lang='lat' dir='ltr'>regnum</span> <span class='ocrx_word' id='word_1_450' title='bbox 1373 1980 1476 2027; x_wconf 88' lang='lat' dir='ltr'>ipsum</span> <span class='ocrx_word' id='word_1_451' title='bbox 1508 1978 1763 2026; x_wconf 87' lang='lat' dir='ltr'>praesumptione</span> <span class='ocrx_word' id='word_1_452' title='bbox 1791 1986 1836 2012; x_wconf 88' lang='lat' dir='ltr'>te-</span> 
     </span>
     <span class='ocr_line' id='line_1_82' title="bbox 1088 2026 1837 2077; baseline -0.008 -11"><span class='ocrx_word' id='word_1_453' title='bbox 1088 2032 1219 2066; x_wconf 87' lang='lat' dir='ltr'>meraria</span> <span class='ocrx_word' id='word_1_454' title='bbox 1251 2032 1431 2077; x_wconf 88' lang='lat' dir='ltr'>occupavit:</span> <span class='ocrx_word' id='word_1_455' title='bbox 1468 2028 1618 2076; x_wconf 88' lang='lat' dir='ltr'>quodque</span> <span class='ocrx_word' id='word_1_456' title='bbox 1645 2028 1714 2074; x_wconf 89' lang='lat' dir='ltr'>ipso</span> <span class='ocrx_word' id='word_1_457' title='bbox 1747 2026 1837 2061; x_wconf 89' lang='lat' dir='ltr'>Con-</span> 
     </span>
     <span class='ocr_line' id='line_1_83' title="bbox 1088 2075 1836 2125; baseline -0.008 -9"><span class='ocrx_word' id='word_1_458' title='bbox 1088 2081 1163 2116; x_wconf 85' lang='lat' dir='ltr'>rado</span> <span class='ocrx_word' id='word_1_459' title='bbox 1196 2080 1320 2116; x_wconf 86' lang='lat' dir='ltr'>sublato</span> <span class='ocrx_word' id='word_1_460' title='bbox 1347 2079 1385 2113; x_wconf 87' lang='lat' dir='ltr'>de</span> <span class='ocrx_word' id='word_1_461' title='bbox 1414 2079 1527 2120; x_wconf 85' lang='lat' dir='ltr'>medio,</span> <span class='ocrx_word' id='word_1_462' title='bbox 1554 2077 1714 2125; x_wconf 89' lang='lat' dir='ltr'>quondam</span> <span class='ocrx_word' id='word_1_463' title='bbox 1740 2075 1836 2110; x_wconf 87' lang='lat' dir='ltr'>Man—</span> 
     </span>
     <span class='ocr_line' id='line_1_84' title="bbox 1089 2127 1834 2176; baseline -0.005 -12"><span class='ocrx_word' id='word_1_464' title='bbox 1089 2131 1194 2166; x_wconf 72' lang='lat' dir='ltr'>sredus</span> <span class='ocrx_word' id='word_1_465' title='bbox 1231 2139 1304 2165; x_wconf 87' lang='lat' dir='ltr'>tunc</span> <span class='ocrx_word' id='word_1_466' title='bbox 1341 2130 1487 2176; x_wconf 81' lang='lat' dir='ltr'>princeps</span> <span class='ocrx_word' id='word_1_467' title='bbox 1512 2127 1712 2167; x_wconf 88' lang='lat' dir='ltr'>Tarentinus,</span> <span class='ocrx_word' id='word_1_468' title='bbox 1742 2138 1834 2173; x_wconf 90' lang='lat' dir='ltr'>quem</span> 
     </span>
     <span class='ocr_line' id='line_1_85' title="bbox 1089 2178 1835 2227; baseline -0.005 -14"><span class='ocrx_word' id='word_1_469' title='bbox 1089 2181 1172 2215; x_wconf 90' lang='lat' dir='ltr'>velut</span> <span class='ocrx_word' id='word_1_470' title='bbox 1208 2180 1247 2214; x_wconf 88' lang='lat' dir='ltr'>de</span> <span class='ocrx_word' id='word_1_471' title='bbox 1275 2179 1387 2227; x_wconf 84' lang='lat' dir='ltr'>copula</span> <span class='ocrx_word' id='word_1_472' title='bbox 1420 2178 1565 2213; x_wconf 87' lang='lat' dir='ltr'>damnata</span> <span class='ocrx_word' id='word_1_473' title='bbox 1603 2184 1785 2224; x_wconf 85' lang='lat' dir='ltr'>susceptum</span> <span class='ocrx_word' id='word_1_474' title='bbox 1819 2187 1835 2210; x_wconf 88' lang='lat' dir='ltr'>a</span> 
     </span>
     <span class='ocr_line' id='line_1_86' title="bbox 1090 2224 1834 2277; baseline -0.008 -13"><span class='ocrx_word' id='word_1_475' title='bbox 1090 2230 1175 2277; x_wconf 77' lang='lat' dir='ltr'>regni</span> <span class='ocrx_word' id='word_1_476' title='bbox 1217 2229 1419 2264; x_wconf 70' lang='lat' dir='ltr'>successione</span> <span class='ocrx_word' id='word_1_477' title='bbox 1460 2227 1587 2274; x_wconf 76' lang='lat' dir='ltr'>praefati</span> <span class='ocrx_word' id='word_1_478' title='bbox 1629 2239 1689 2260; x_wconf 91' lang='lat' dir='ltr'>non</span> <span class='ocrx_word' id='word_1_479' title='bbox 1733 2224 1834 2260; x_wconf 90' lang='lat' dir='ltr'>solum</span> 
     </span>
     <span class='ocr_line' id='line_1_87' title="bbox 1092 2273 1834 2327; baseline -0.005 -15"><span class='ocrx_word' id='word_1_480' title='bbox 1092 2280 1261 2327; x_wconf 84' lang='lat' dir='ltr'>praemissa</span> <span class='ocrx_word' id='word_1_481' title='bbox 1281 2278 1421 2313; x_wconf 75' lang='lat' dir='ltr'>eiusdem</span> <span class='ocrx_word' id='word_1_482' title='bbox 1441 2276 1589 2311; x_wconf 84' lang='lat' dir='ltr'>Friderici</span> <span class='ocrx_word' id='word_1_483' title='bbox 1610 2275 1760 2323; x_wconf 89' lang='lat' dir='ltr'>privatio,</span> <span class='ocrx_word' id='word_1_484' title='bbox 1779 2273 1834 2309; x_wconf 89' lang='lat' dir='ltr'>sed</span> 
     </span>
    </p>
   </div>
   <div class='ocr_carea' id='block_1_8' title="bbox 1089 2325 2034 2421">
    <p class='ocr_par' dir='ltr' id='par_1_8' title="bbox 1089 2325 2034 2421">
     <span class='ocr_line' id='line_1_88' title="bbox 1089 2325 2034 2374; baseline -0.007 -11"><span class='ocrx_word' id='word_1_485' title='bbox 1089 2330 1181 2364; x_wconf 86' lang='lat' dir='ltr'>etiam</span> <span class='ocrx_word' id='word_1_486' title='bbox 1205 2330 1325 2363; x_wconf 90' lang='lat' dir='ltr'>macula</span> <span class='ocrx_word' id='word_1_487' title='bbox 1353 2327 1533 2374; x_wconf 82' lang='lat' dir='ltr'>illegitimae</span> <span class='ocrx_word' id='word_1_488' title='bbox 1556 2325 1722 2360; x_wconf 83' lang='lat' dir='ltr'>nativitatis</span> <span class='ocrx_word' id='word_1_489' title='bbox 1748 2336 1837 2358; x_wconf 86' lang='lat' dir='ltr'>arce·</span> <span class='ocrx_word' id='word_1_490' title='bbox 1862 2336 1957 2357; x_wconf 71' lang='lat' dir='ltr'>eonnao</span> <span class='ocrx_word' id='word_1_491' title='bbox 1977 2342 2034 2358; x_wconf 61' lang='lat' dir='ltr'>mof-</span> 
     </span>
     <span class='ocr_line' id='line_1_89' title="bbox 1851 2371 2033 2395; baseline 0 -7"><span class='ocrx_word' id='word_1_492' title='bbox 1851 2371 1893 2391; x_wconf 80' lang='lat' dir='ltr'>ttm.</span> <span class='ocrx_word' id='word_1_493' title='bbox 1910 2371 2033 2395; x_wconf 74' lang='lat' dir='ltr'>occupfllum</span> 
     </span>
     <span class='ocr_line' id='line_1_90' title="bbox 1851 2399 1992 2421; baseline 0 -1"><span class='ocrx_word' id='word_1_494' title='bbox 1851 2406 1862 2420; x_wconf 73' lang='lat' dir='ltr'>a</span> <span class='ocrx_word' id='word_1_495' title='bbox 1878 2399 1992 2421; x_wconf 73' lang='lat' dir='ltr'>Manli-edo.</span> 
     </span>
    </p>
   </div>
   <div class='ocr_carea' id='block_1_9' title="bbox 1090 2373 1841 2724">
    <p class='ocr_par' dir='ltr' id='par_1_9' title="bbox 1090 2373 1841 2724">
     <span class='ocr_line' id='line_1_91' title="bbox 1090 2373 1836 2421; baseline -0.008 -7"><span class='ocrx_word' id='word_1_496' title='bbox 1090 2379 1152 2419; x_wconf 87' lang='lat' dir='ltr'>bat,</span> <span class='ocrx_word' id='word_1_497' title='bbox 1175 2387 1282 2414; x_wconf 91' lang='lat' dir='ltr'>contra</span> <span class='ocrx_word' id='word_1_498' title='bbox 1301 2379 1511 2412; x_wconf 87' lang='lat' dir='ltr'>iuramentum</span> <span class='ocrx_word' id='word_1_499' title='bbox 1534 2375 1690 2411; x_wconf 85' lang='lat' dir='ltr'>fidelitatis</span> <span class='ocrx_word' id='word_1_500' title='bbox 1707 2373 1746 2409; x_wconf 87' lang='lat' dir='ltr'>ab</span> <span class='ocrx_word' id='word_1_501' title='bbox 1769 2373 1836 2421; x_wconf 89' lang='lat' dir='ltr'>ipso</span> 
     </span>
     <span class='ocr_line' id='line_1_92' title="bbox 1092 2425 1836 2476; baseline -0.008 -12"><span class='ocrx_word' id='word_1_502' title='bbox 1092 2428 1325 2476; x_wconf 78' lang='lat' dir='ltr'>praedecessori</span> <span class='ocrx_word' id='word_1_503' title='bbox 1338 2426 1498 2474; x_wconf 88' lang='lat' dir='ltr'>praedicto</span> <span class='ocrx_word' id='word_1_504' title='bbox 1515 2425 1695 2472; x_wconf 85' lang='lat' dir='ltr'>praestitum</span> <span class='ocrx_word' id='word_1_505' title='bbox 1719 2431 1836 2458; x_wconf 85' lang='lat' dir='ltr'>temere</span> 
     </span>
     <span class='ocr_line' id='line_1_93' title="bbox 1091 2472 1839 2524; baseline -0.007 -12"><span class='ocrx_word' id='word_1_506' title='bbox 1091 2480 1219 2514; x_wconf 89' lang='lat' dir='ltr'>veniens</span> <span class='ocrx_word' id='word_1_507' title='bbox 1242 2478 1300 2513; x_wconf 88' lang='lat' dir='ltr'>sub</span> <span class='ocrx_word' id='word_1_508' title='bbox 1328 2476 1485 2524; x_wconf 86' lang='lat' dir='ltr'>qnondam</span> <span class='ocrx_word' id='word_1_509' title='bbox 1511 2474 1684 2510; x_wconf 89' lang='lat' dir='ltr'>Conradini</span> <span class='ocrx_word' id='word_1_510' title='bbox 1709 2473 1770 2508; x_wconf 86' lang='lat' dir='ltr'>nati</span> <span class='ocrx_word' id='word_1_511' title='bbox 1793 2472 1839 2507; x_wconf 89' lang='lat' dir='ltr'>di-</span> 
     </span>
     <span class='ocr_line' id='line_1_94' title="bbox 1090 2523 1840 2573; baseline -0.011 -9"><span class='ocrx_word' id='word_1_512' title='bbox 1090 2529 1131 2563; x_wconf 89' lang='lat' dir='ltr'>cti</span> <span class='ocrx_word' id='word_1_513' title='bbox 1153 2527 1304 2571; x_wconf 76' lang='lat' dir='ltr'>Conradi,</span> <span class='ocrx_word' id='word_1_514' title='bbox 1329 2527 1442 2573; x_wconf 90' lang='lat' dir='ltr'>suique</span> <span class='ocrx_word' id='word_1_515' title='bbox 1461 2525 1585 2572; x_wconf 87' lang='lat' dir='ltr'>nepotis</span> <span class='ocrx_word' id='word_1_516' title='bbox 1603 2523 1746 2559; x_wconf 88' lang='lat' dir='ltr'>simulata</span> <span class='ocrx_word' id='word_1_517' title='bbox 1770 2535 1840 2570; x_wconf 91' lang='lat' dir='ltr'>pro-</span> 
     </span>
     <span class='ocr_line' id='line_1_95' title="bbox 1090 2572 1838 2622; baseline -0.009 -9"><span class='ocrx_word' id='word_1_518' title='bbox 1090 2579 1223 2613; x_wconf 89' lang='lat' dir='ltr'>tectione</span> <span class='ocrx_word' id='word_1_519' title='bbox 1265 2576 1391 2619; x_wconf 90' lang='lat' dir='ltr'>tutoria,</span> <span class='ocrx_word' id='word_1_520' title='bbox 1418 2575 1456 2610; x_wconf 89' lang='lat' dir='ltr'>ad</span> <span class='ocrx_word' id='word_1_521' title='bbox 1495 2573 1649 2622; x_wconf 89' lang='lat' dir='ltr'>quaedam</span> <span class='ocrx_word' id='word_1_522' title='bbox 1687 2572 1838 2612; x_wconf 87' lang='lat' dir='ltr'>civitates,</span> 
     </span>
     <span class='ocr_line' id='line_1_96' title="bbox 1090 2623 1840 2671; baseline -0.011 -8"><span class='ocrx_word' id='word_1_523' title='bbox 1090 2637 1188 2663; x_wconf 89' lang='lat' dir='ltr'>castra</span> <span class='ocrx_word' id='word_1_524' title='bbox 1217 2636 1245 2662; x_wconf 88' lang='lat' dir='ltr'>et</span> <span class='ocrx_word' id='word_1_525' title='bbox 1273 2626 1330 2661; x_wconf 87' lang='lat' dir='ltr'>alia</span> <span class='ocrx_word' id='word_1_526' title='bbox 1353 2625 1493 2660; x_wconf 85' lang='lat' dir='ltr'>eiusdem</span> <span class='ocrx_word' id='word_1_527' title='bbox 1518 2624 1603 2671; x_wconf 79' lang='lat' dir='ltr'>regni</span> <span class='ocrx_word' id='word_1_528' title='bbox 1630 2623 1697 2658; x_wconf 88' lang='lat' dir='ltr'>loca</span> <span class='ocrx_word' id='word_1_529' title='bbox 1726 2634 1840 2657; x_wconf 84' lang='lat' dir='ltr'>manus</span> 
     </span>
     <span class='ocr_line' id='line_1_97' title="bbox 1090 2671 1841 2724; baseline -0.011 -11"><span class='ocrx_word' id='word_1_530' title='bbox 1090 2677 1305 2724; x_wconf 66' lang='lat' dir='ltr'>occupati-teos</span> <span class='ocrx_word' id='word_1_531' title='bbox 1340 2675 1495 2711; x_wconf 78' lang='lat' dir='ltr'>extendit:</span> <span class='ocrx_word' id='word_1_532' title='bbox 1533 2682 1660 2720; x_wconf 90' lang='lat' dir='ltr'>propter</span> <span class='ocrx_word' id='word_1_533' title='bbox 1691 2671 1773 2719; x_wconf 86' lang='lat' dir='ltr'>quod</span> <span class='ocrx_word' id='word_1_534' title='bbox 1809 2679 1841 2705; x_wconf 82' lang='lat' dir='ltr'>et</span> 
     </span>
    </p>
   </div>
   <div class='ocr_carea' id='block_1_10' title="bbox 1841 284 2018 312">
    <p class='ocr_par' dir='ltr' id='par_1_10' title="bbox 1841 284 2018 312">
     <span class='ocr_line' id='line_1_98' title="bbox 1841 284 2018 312; baseline -0.011 0"><span class='ocrx_word' id='word_1_535' title='bbox 1841 286 1890 312; x_wconf 76' lang='lat' dir='ltr'>An.</span> <span class='ocrx_word' id='word_1_536' title='bbox 1909 284 2018 311; x_wconf 74' lang='lat' dir='ltr'>C.1285</span> 
     </span>
    </p>
   </div>
   <div class='ocr_carea' id='block_1_11' title="bbox 1841 597 2023 719">
    <p class='ocr_par' dir='ltr' id='par_1_11' title="bbox 1841 597 2023 719">
     <span class='ocr_line' id='line_1_99' title="bbox 1853 597 2023 619; baseline -0.012 0"><span class='ocrx_word' id='word_1_537' title='bbox 1853 600 1960 619; x_wconf 64' lang='lat' dir='ltr'>lunonem.</span> <span class='ocrx_word' id='word_1_538' title='bbox 1999 597 2023 618; x_wconf 70' lang='lat' dir='ltr'>lv</span> 
     </span>
     <span class='ocr_line' id='line_1_100' title="bbox 1842 629 2023 650; baseline -0.006 -1"><span class='ocrx_word' id='word_1_539' title='bbox 1842 629 1968 650; x_wconf 56' lang='lat' dir='ltr'>Frater-eum</span> <span class='ocrx_word' id='word_1_540' title='bbox 1983 630 2023 649; x_wconf 86' lang='lat' dir='ltr'>im-</span> 
     </span>
     <span class='ocr_line' id='line_1_101' title="bbox 1841 660 2023 688; baseline -0.011 -7"><span class='ocrx_word' id='word_1_541' title='bbox 1841 667 1885 688; x_wconf 70' lang='lat' dir='ltr'>per.</span> <span class='ocrx_word' id='word_1_542' title='bbox 1904 667 1969 686; x_wconf 68' lang='lat' dir='ltr'>regno</span> <span class='ocrx_word' id='word_1_543' title='bbox 1989 660 2023 680; x_wconf 71' lang='lat' dir='ltr'>St-</span> 
     </span>
     <span class='ocr_line' id='line_1_102' title="bbox 1842 693 2022 719; baseline -0.011 -6"><span class='ocrx_word' id='word_1_544' title='bbox 1842 693 1902 713; x_wconf 67' lang='lat' dir='ltr'>cinae</span> <span class='ocrx_word' id='word_1_545' title='bbox 1927 694 2022 719; x_wconf 72' lang='lat' dir='ltr'>privavitv</span> 
     </span>
    </p>
   </div>
   <div class='ocr_carea' id='block_1_12' title="bbox 1850 1638 2033 1754">
    <p class='ocr_par' dir='ltr' id='par_1_12' title="bbox 1850 1638 2033 1754">
     <span class='ocr_line' id='line_1_103' title="bbox 1864 1638 2031 1663; baseline -0.006 -5"><span class='ocrx_word' id='word_1_546' title='bbox 1864 1638 1918 1658; x_wconf 74' lang='lat' dir='ltr'>taem</span> <span class='ocrx_word' id='word_1_547' title='bbox 1946 1643 2031 1663; x_wconf 72' lang='lat' dir='ltr'>reguum</span> 
     </span>
     <span class='ocr_line' id='line_1_104' title="bbox 1850 1671 2033 1693; baseline 0 -2"><span class='ocrx_word' id='word_1_548' title='bbox 1850 1679 1860 1692; x_wconf 76' lang='lat' dir='ltr'>a</span> <span class='ocrx_word' id='word_1_549' title='bbox 1875 1671 1970 1693; x_wconf 72' lang='lat' dir='ltr'>Conrado</span> <span class='ocrx_word' id='word_1_550' title='bbox 1987 1671 2033 1692; x_wconf 77' lang='lat' dir='ltr'>Fri-</span> 
     </span>
     <span class='ocr_line' id='line_1_105' title="bbox 1850 1704 2033 1724; baseline 0.005 -1"><span class='ocrx_word' id='word_1_551' title='bbox 1850 1704 1914 1723; x_wconf 82' lang='lat' dir='ltr'>derici</span> <span class='ocrx_word' id='word_1_552' title='bbox 1936 1704 1977 1724; x_wconf 78' lang='lat' dir='ltr'>tilio</span> <span class='ocrx_word' id='word_1_553' title='bbox 1999 1705 2033 1724; x_wconf 85' lang='lat' dir='ltr'>iu-</span> 
     </span>
     <span class='ocr_line' id='line_1_106' title="bbox 1850 1740 1928 1754; baseline 0 0"><span class='ocrx_word' id='word_1_554' title='bbox 1850 1740 1928 1754; x_wconf 72' lang='lat' dir='ltr'>vasum.</span> 
     </span>
    </p>
   </div>
  </div>
 </body>
</html>
