2274 3265
109 275 158 302 An.
177 276 206 303 C·
228 276 291 303 tii-25

124 531 229 557 ”Ji-istus
273 539 293 555 et

110 564 245 584 srtrotarrhnz
257 571 296 585 νη-

110 597 202 615 terarum
242 596 294 617 t'ni—

109 627 232 646 versitatum
250 628 294 652 pri—
310 628 315 633 “

110 657 186 678 *ileum
215 658 294 683 elargi-

112 691 152 708 tnt.

116 1029 142 1050 De
151 1030 292 1049 tirennandis.

126 1919 236 1940 Licentiati
247 1919 295 1939 ubi-

112 1957 151 1978 que
162 1952 239 1972 docere
249 1957 297 1977 pos—

112 1986 167 2003 sunt.

121 2287 252 2309 Scholastica
262 2290 296 2309 da-

113 2323 132 2339 ta
142 2320 230 2340 facultas
237 2326 297 2347 quas-

114 2357 201 2378 cumque
220 2357 298 2376 rogno-

115 2383 187 2402 scendi
223 2388 297 2403 causas

115 2414 140 2432 ad
156 2414 256 2433 doctores
276 2416 297 2433 et

115 2444 206 2465 scholar.
230 2446 297 2471 perti-

114 2479 199 2495 nentes.

927 276 1091 298 MinTtxth
1117 275 1136 296 V
1165 275 1211 297 t’t’.
1732 277 1738 296 i

1724 262 1790 285 ‘’Q''

1751 278 1793 297 -ὓ

309 337 527 378 praeterquam
558 331 586 365 in
616 331 790 378 theologia,
825 332 863 366 sit
903 331 1055 375 studium,
1099 330 1181 364 nicn.
1210 328 1328 364 dictum
1369 330 1590 365 scholasticum
1628 343 1681 376 per
1709 330 1843 376 primum

309 379 449 427 illudque
472 381 631 427 perpetuis
654 380 764 415 suturis
786 380 1056 428 temporibusibi-

308 429 379 464 dem
404 430 505 476 vigeat
532 439 562 464 et
588 431 783 465 observetur.

357 480 377 526 S
400 482 431 513 7.
454 479 611 526 Quodque
633 493 743 514 omnes
765 488 795 514 et
816 480 930 525 singuli
953 480 1057 514 docto-

309 541 370 569 res,
397 529 535 575 magistri
564 538 592 563 et
620 529 780 563 scholares
808 529 883 563 inibi
910 529 1057 563 omnibus

309 588 337 613 et
359 579 492 624 singulis
523 578 729 622 libertatibus,
758 579 1007 613 immunitatibus
1028 587 1056 612 et

310 628 523 674 indulgentiis,
546 628 708 675 quibusvis
743 628 934 667 doctoribus,
959 629 1057 674 magi-

308 678 382 711 stris
400 686 430 711 ct
457 677 657 712 scholaribus
678 678 842 722 Coloniae,
862 677 1000 712 Viennae
1023 691 1057 712 ac

308 727 494 773 Lipsiensis,
519 727 713 762 pataviensis
736 737 765 761 et
787 727 1058 773 Merseburgensis

308 776 486 810 dioecesum
524 777 650 823 oppidis
672 777 766 811 studii
794 790 884 811 causa
916 790 1056 811 comino-

308 825 460 869 rantibus,
477 839 531 872 per
546 826 660 861 Sedent
677 826 890 881 Apostolicam
916 827 959 860 tel
982 827 1057 861 alias

307 875 579 923 qualitercumque
592 889 789 922 concessis,g
772 876 929 910 (audeant
944 877 1058 923 paritet

308 933 338 958 et
367 933 503 959 utantur.

356 973 376 1020 ἓ
399 976 431 1008 8.
459 974 582 1021 Singuli
618 987 702 1011 vero,
724 975 776 1021 qni
801 988 893 1009 cursu
929 974 1060 1009 feliciter

309 1032 530 1059 consummato
554 1024 583 1057 ὶιι
607 1037 641 1058 ea
666 1024 821 1068 facultate,
839 1025 877 1059 ita
898 1024 1059 1059 inhaesere

307 1073 423 1108 Studio
453 1083 485 1108 ut
528 1074 666 1108 bravium
698 1073 841 1108 obtinere
877 1074 1058 1113 meruerint,

308 1122 432 1169 sibique
463 1123 556 1157 etiam
598 1136 653 1170 pro
691 1123 823 1157 aliorum
858 1123 1059 1157 erudimento

308 1172 441 1207 docendi
465 1172 636 1212 licentiam,
651 1185 686 1207 ac
708 1172 889 1207 doctoratus
909 1173 973 1207 sive
994 1185 1060 1206 ma-

307 1222 425 1268 gisterii
467 1222 617 1256 honorem
659 1222 804 1268 petierint
842 1222 979 1268 elargiri,
1007 1234 1060 1268 per

310 1272 451 1318 ipsorum
499 1271 575 1305 inihi
616 1271 761 1306 doctores
795 1271 860 1305 sive
895 1271 1060 1317 magistros

311 1321 498 1367 praeposito,
521 1333 615 1367 quem
643 1320 865 1355 cancellarium
896 1321 997 1355 Studii
1030 1320 1058 1354 in

309 1370 427 1417 oppido
445 1369 626 1404 huiusmodi
644 1382 712 1403 esse
730 1378 881 1416 perpetuo
902 1369 1060 1413 volumus,

309 1420 332 1453 si
363 1420 412 1453 hic
439 1431 588 1465 praesens
620 1418 733 1462 fuerit,
767 1419 904 1465 alioquin
941 1418 1060 1453 decano

307 1468 408 1502 dictae
420 1467 594 1511 Ecclesiae,
611 1481 665 1514 pro
682 1478 824 1514 tempore
840 1467 1059 1508 existentibus,

307 1517 373 1551 sive
394 1517 465 1551 aliis
480 1517 518 1551 ab
532 1518 577 1552 eis
594 1517 786 1564 deputandis
810 1525 1059 1564 praesententur,

307 1575 337 1601 et
370 1566 409 1601 ab
437 1566 513 1611 illis,
543 1568 568 1601 si
605 1568 735 1602 servatis
767 1567 999 1602 consuetudine
1031 1576 1060 1601 et

310 1615 413 1650 modis
432 1628 530 1663 snper
553 1616 667 1650 talibus
695 1617 724 1650 in
749 1616 839 1651 dictis
861 1616 983 1651 Studiis
1005 1630 1060 1663 ge-

310 1665 469 1699 neralibus
497 1665 655 1700 observari
689 1666 802 1705 solitis,
827 1665 864 1699 ad
893 1665 952 1700 hoc
979 1666 1060 1700 exti-

309 1714 403 1748 terint
425 1714 529 1749 idonei
551 1714 808 1761 sufficientesque
824 1715 951 1761 reperti,
966 1715 1061 1750 licen-

310 1764 382 1797 tiam
418 1772 447 1798 et
475 1763 626 1799 honorem
650 1765 822 1799 sortiantur
849 1773 879 1799 et
903 1773 1061 1812 reportent

308 1812 494 1848 antedictos.

357 1867 373 1906 ξ
395 1866 428 1897 9.
451 1862 512 1904 Qui
536 1863 664 1910 quidem
683 1863 868 1910 praesentati
891 1876 985 1910 quam
1004 1864 1061 1910 pii-

311 1925 396 1946 innm
418 1912 486 1946 illos
505 1913 607 1967 adepti
635 1913 760 1951 suerint,
784 1913 902 1959 absque
932 1913 1061 1947 ulterio-

311 1961 399 1996 ribus
425 1961 463 1996 ab
487 1963 532 1996 eis
554 1962 708 1997 habendis
729 1975 872 1997 examine
895 1971 923 1996 et
946 1976 1060 2010 ap-pro

311 2011 464 2046 batione
459 2024 488 2045 in
519 2013 584 2059 ipsa
619 2012 775 2052 facultate,
815 2025 873 2058 qua
902 2013 1060 2047 licentiam

310 2069 340 2095 et
364 2060 514 2096 honorem
538 2062 707 2108 attigerint,
744 2063 772 2096 in
810 2062 927 2096 eisdem
957 2063 1061 2109 legere

310 2125 340 2150 et
377 2115 491 2150 docere
515 2115 611 2151 libere
639 2124 668 2150 et
696 2116 778 2151 licite
801 2116 917 2163 ubique
942 2118 1061 2163 possint

310 2179 339 2205 et
368 2170 498 2205 valeant.

359 2225 379 2271 g
422 2226 473 2259 lO.
513 2225 638 2259 Rursus
680 2238 808 2272 qumque
846 2225 989 2259 omnium
1033 2233 1061 2258 et

310 2278 508 2325 singulorum
532 2292 696 2313 causarum
720 2288 750 2314 et
777 2280 973 2326 negotiorum
1007 2292 1063 2313 co-

311 2333 410 2379 gnitio
437 2343 530 2379 atque
554 2333 671 2368 decisio
695 2334 872 2373 doctorum,
897 2334 1062 2380 magistro-

314 2401 396 2431 rum,
424 2387 634 2425 scholarium,
659 2388 872 2423 membrorum
908 2401 942 2421 ac
965 2389 1063 2422 serri—

314 2452 415 2477 torum
451 2442 649 2482 eorumdem,
684 2443 747 2477 six-e
775 2444 879 2477 clerici
904 2443 967 2476 sive
991 2442 1060 2476 laici

315 2497 442 2540 suerint,
462 2506 491 2531 et
508 2497 599 2531 etiam
624 2497 662 2531 de
677 2497 934 2545 quibuscumque
956 2497 1063 2531 crimi—

313 2551 406 2586 nibus
428 2559 457 2585 et
480 2551 660 2586 excessibus
683 2553 836 2586 correctio
865 2561 893 2585 et
929 2551 1062 2598 punitio,

313 2619 349 2641 ac
375 2605 556 2641 omnimoda
591 2619 685 2653 snper
721 2606 781 2639 illis
818 2605 991 2640 iurisdictio
1025 2606 1061 2639 ad

313 2669 464 2696 rectorem
499 2659 601 2695 Studii
633 2660 661 2694 in
686 2660 794 2694 eodem
818 2659 935 2707 oppido
963 2659 1063 2694 Lova-

1098 385 1350 431 quinquennium
1371 392 1494 424 csse,ct
1516 398 1552 419 ex
1578 393 1651 418 tnnc
1673 383 1763 418 annis
1784 382 1846 417 sin-

1097 438 1179 484 gulis
1199 438 1274 472 inibi
1292 439 1372 473 iuxta
1390 438 1652 473 consuetudinem
1668 437 1844 472 studiorum

1100 493 1278 527 huiusmodi
1293 493 1363 539 eligi
1382 492 1536 531 volumus,
1553 501 1582 526 et
1596 505 1655 527 non
1670 492 1707 527 ad
1722 493 1846 534 ducem,

1098 560 1152 581 sen
1187 547 1255 580 cius
1292 559 1491 581 successores
1526 546 1624 580 duces
1652 545 1848 581 Brabantiae.

1100 602 1322 647 praiqiositnm,
1345 601 1512 640 decanum,
1540 601 1773 638 scholasticum,
1797 615 1849 634 cn-

1101 656 1249 702 pitulum,
1267 656 1539 702 burgimagistros,
1555 655 1700 688 scabinos
1723 663 1751 689 et
1768 667 1850 689 coin-

1101 711 1286 744 munitatem
1304 710 1470 757 praefatos7
1494 718 1544 744 ant
1574 708 1711 756 aliquem
1736 720 1771 743 cx
1807 711 1851 742 eſs

1101 764 1279 810 ipsoruinve
1302 763 1450 797 officiales·
1485 763 1640 810 pertinere
1669 763 1851 797 omnimodo

1100 817 1338 864 dignoscantur,
1367 818 1573 865 praefatisqne
1601 817 1690 856 duci,
1718 830 1849 851 sncces—

1099 873 1237 917 soribus,
1261 873 1458 920 praeposito,
1481 872 1617 911 decano,
1654 871 1852 906 scholastico.

1100 927 1256 973 capitulo,
1279 927 1548 973 burgimagistris,
1581 926 1738 965 scabinis„
1766 938 1853 960 coni-

1102 982 1245 1016 munitati
1269 990 1299 1016 ct
1314 981 1501 1016 officialibus
1515 990 1545 1016 et
1559 981 1628 1016 aliis
1642 980 1853 1028 quibuscum-

1100 1049 1161 1082 que
1197 1035 1236 1070 de
1278 1036 1383 1070 causis
1425 1045 1456 1070 et
1502 1036 1634 1081 negotiis
1673 1034 1853 1069 huiusmodi

1101 1090 1326 1136 cognoscendi,
1369 1090 1433 1124 sive
1482 1089 1532 1124 illa
1572 1089 1754 1127 dirimendi,
1802 1099 1852 1123 aut

1102 1144 1240 1177 membra
1277 1151 1307 1177 et
1333 1144 1502 1178 servitores
1526 1142 1706 1177 huiusmodi
1738 1143 1783 1177 ret
1817 1157 1852 1176 ex

1101 1200 1146 1234 eis
1168 1199 1302 1245 aliquem
1325 1210 1380 1244 pro
1406 1197 1591 1231 criminibus
1622 1205 1651 1231 et
1674 1196 1855 1231 excessibus

1102 1253 1233 1292 eisdem,
1256 1262 1306 1287 ant
1335 1251 1574 1299 quomodolibet
1605 1252 1783 1298 corrigendi
1808 1251 1853 1284 vel

1103 1307 1266 1355 puniendi,
1290 1319 1344 1341 seu
1373 1306 1506 1353 aliquam
1543 1305 1572 1339 in
1602 1318 1656 1339 eos
1683 1306 1855 1352 superiori-

1103 1369 1195 1395 tatem
1220 1361 1268 1394 vel
1293 1360 1540 1394 iurisdictionem
1560 1359 1726 1394 exercendi
1751 1359 1856 1393 tacut-

1103 1424 1163 1449 tate
1186 1424 1216 1448 et
1243 1415 1424 1449 auctoritate
1453 1414 1578 1460 penitus
1607 1413 1792 1447 interdictis.

1151 1469 1170 1515 S
1196 1470 1205 1502 ’1
1224 1471 1249 1502 1.
1266 1467 1333 1502 Non
1357 1467 1555 1502 obstantibus
1576 1467 1856 1502 constitutionibus

1102 1532 1131 1557 et
1153 1522 1404 1557 ordinationibus
1426 1521 1619 1569 apostolicis,
1634 1530 1664 1555 et
1685 1521 1755 1556 aliis
1777 1534 1855 1556 con-

1103 1577 1206 1611 trariis
1233 1577 1500 1623 quibuscumque.

1151 1631 1242 1678 3¹12.
1264 1631 1419 1665 Volumus
1441 1638 1558 1669 autem,
1581 1630 1665 1677 quod
1695 1631 1752 1664 nisi
1778 1631 1854 1664 infra

1102 1698 1232 1729 annum,
1246 1698 1260 1719 a
1275 1685 1344 1719 data
1359 1684 1569 1731 praesentium
1593 1684 1856 1730 computandum,

1103 1739 1164 1773 dux
1193 1748 1220 1772 et
1246 1738 1627 1786 praeposituffidecanus,
1649 1739 1856 1773 scholasticus

1103 1802 1132 1827 et
1160 1793 1344 1840 capitulum,
1363 1806 1399 1827 ac
1422 1793 1668 1839 bnrgimagistri,
1691 1793 1807 1827 scabini
1828 1803 1856 1828 et

1103 1847 1313 1882 communitas
1347 1847 1531 1895 supradicti,
1561 1855 1653 1893 prout
1677 1860 1732 1881 eos
1768 1860 1857 1882 com-

1104 1902 1241 1936 muniter
1269 1901 1315 1935 vel
1338 1901 1460 1936 divisim
1489 1901 1671 1948 contingere
1698 1910 1856 1939 censetur,

1105 1956 1266 2004 privilegia
1289 1964 1319 1990 et
1341 1955 1499 1990 libertates
1515 1956 1741 1993 concesserint„
1758 1969 1793 1990 ae
1813 1957 1857 1990 in-

1104 2012 1318 2046 risdictionem
1342 2023 1357 2045 a
1380 2024 1413 2045 se
1432 2010 1658 2053 abdicaverint,
1682 2018 1712 2044 et
1739 2023 1806 2045 eam
1827 2011 1855 2045 in

1105 2075 1257 2101 rectorem
1272 2078 1307 2100 ac
1320 2064 1561 2100 Universitatem
1579 2065 1743 2112 praedictos
1764 2075 1857 2100 trans*

1106 2121 1232 2155 tulerint
1255 2120 1408 2154 antedicta
1434 2119 1557 2154 realiter
1580 2128 1610 2154 et
1632 2132 1704 2154 cum
1732 2119 1857 2162 elfectn,

1106 2183 1286 2223 praesentes
1315 2175 1433 2209 litterae
1467 2183 1498 2209 et
1530 2186 1753 2221 quaecumque
1786 2174 1858 2209 inde

1104 2237 1210 2265 secuta
1237 2229 1354 2263 nullius
1383 2229 1516 2263 existant
1552 2228 1673 2263 roboris
1702 2228 1751 2263 vel
1789 2241 1857 2263 mo-

1107 2285 1214 2319 menti.

1154 2339 1237 2373 Nulli
1276 2350 1350 2383 ergo
1397 2338 1526 2371 omnino
1565 2337 1727 2371 hominnm
1770 2337 1855 2371 liceat

1105 2393 1185 2427 hanc
1210 2392 1351 2439 paginam
1376 2400 1500 2425 nostrae
1528 2391 1777 2434 constitutionis,
1805 2404 1857 2425 or-

1105 2447 1274 2481 dinationis
1296 2455 1327 2481 et
1350 2446 1517 2479 voluntatis
1541 2445 1712 2491 infringere
1734 2453 1786 2478 etc.

1155 2502 1268 2536 Datum
1310 2501 1429 2535 Romae
1468 2500 1550 2547 apud
1589 2500 1639 2534 Ss.
1687 2499 1857 2546 Apostolos

1105 2557 1214 2604 quinto
1238 2556 1309 2590 idus
1332 2555 1520 2599 decembris,
1538 2554 1738 2602 pontificatus
1760 2555 1856 2589 nostri

1105 2623 1186 2645 anno
1211 2623 1302 2644 nono.

1143 2668 1201 2698 Dat.
1215 2668 1261 2698 die
1277 2670 1294 2696 o
1311 2667 1476 2697 decembris
1497 2667 1579 2703 1125,
1597 2671 1674 2706 pont.
1688 2676 1764 2696 anno
1781 2675 1817 2696 ix.

1865 276 1896 299 't'l
1923 274 1950 297 (ᾗ.
1973 270 2038 296 l't'25‘

1878 1478 2008 1498 obstantium
2020 1479 2053 1498 de-

1871 1510 1960 1533 rogatio.

1884 1641 1926 1662 Nisi
1956 1643 1995 1662 dux
2034 1645 2053 1661 et

1871 1679 1975 1694 commun.
2003 1680 2054 1699 pro-

1871 1706 1940 1724 missis
1951 1704 2003 1724 intra
2015 1711 2052 1724 an-

1872 1742 1918 1755 num
1939 1737 2053 1757 steterint.

1871 1767 1908 1786 lias
1925 1767 2006 1787 tinem<
2023 1774 2050 1788 ir-

1872 1799 1922 1818 ritas
1939 1798 1988 1818 vult.
