2274 3265
196 292 245 318 An.
264 290 292 316 C.
313 290 377 316 ¹37u

208 642 262 663 Ordo
293 639 380 660 Praedi-

198 677 290 693 catorum
315 677 325 690 a
342 671 380 690 de-

198 710 256 724 (imin
307 706 380 721 exem-

197 738 244 758 ptus

213 1228 239 1248 De
263 1228 322 1248 bonis
343 1227 382 1248 or?

199 1260 267 1278 dinem
285 1259 384 1284 profiten-

199 1291 248 1309 tium

215 1669 326 1695 Sepultura
365 1674 384 1688 tn

301 1699 385 1719 Ordinis

201 1732 275 1756 cuique
294 1730 367 1750 libera.

203 1701 255 1720 locis

220 2107 307 2127 taeter-³
318 2106 390 2127 delun-

206 2142 245 2157 etxs
273 2143 309 2163 per
333 2139 390 2163 ipsos

206 2168 290 2188 Ordinis

207 2199 340 2224 praestanda.

314 2168 390 2188 Intres

224 2496 251 2516 De
272 2497 391 2518 contesim-

211 2527 270 2547 ntbu!
281 2526 389 2548 laci-ndis.

441 279 508 311 572

391 341 614 389 deponendum
643 341 748 386 ipsum
779 352 831 386 per
859 339 1066 373 dioecesanos
1094 338 1142 372 lo-

391 403 500 426 corum
536 394 625 432 (cum
661 401 677 422 a
712 388 798 422 vobis
827 387 968 434 requisiti
991 387 1142 429 fuerint),

393 440 563 475 monitione
587 438 756 484 praemissa
776 464 783 475 ,
813 448 865 482 per
894 448 1060 471 censuram
1090 448 1142 469 ec-

392 488 612 530 clesiasticam,
628 486 838 533 appellatione
859 485 1045 532 postposita,
1061 497 1143 517 com-

394 538 556 585 pellantur.

442 591 457 629 §
480 588 537 621 22.
561 585 741 623 Caeterum,
765 596 835 618 cum
861 583 1022 617 humilitas
1044 589 1143 617 vestra

394 636 451 671 sibi
480 635 517 670 de
541 633 705 669 latitudine
729 633 814 667 orbis
837 640 936 667 terrae
960 631 1002 666 nil
1023 639 1145 677 praeter

395 685 508 719 domos
520 693 549 718 et
564 683 672 718 hortos
681 695 752 717 cuni
765 682 918 727 virgultis,
933 681 1143 728 praemiorum

394 734 523 769 obtentu
539 733 739 774 coelestium,
761 731 884 765 duxerit
909 729 1144 766 reservandum,

395 795 452 817 uos
475 783 523 829 pie
559 781 722 819 volentes,
756 779 839 826 quod
875 779 997 813 illorum
1027 778 1146 812 fructus

395 840 515 866 vestrae
539 830 730 877 paupertatis
754 828 864 862 usibus
885 827 1095 874 applicentur,
1115 833 1147 859 ut

395 880 433 915 de
456 880 548 914 dictis
572 879 670 913 liortis
697 888 725 912 et
756 877 896 922 virgultis
924 876 1034 910 vestris
1069 874 1145 909 nulli

395 929 549 963 decimam
579 927 747 961 teneamini
776 925 936 964 exhibere,
973 924 1061 958 vobis
1089 936 1146 957 au-

395 979 534 1012 ctoritate
563 976 773 1022 praesentium
798 973 1016 1020 indulgemus,
1039 972 1147 1007 distri-

395 1027 475 1060 ctius
497 1024 679 1063 inhibendo,
704 1036 741 1057 ne
764 1023 834 1069 quis
857 1036 871 1056 a
895 1022 982 1057 vobis
1005 1022 1043 1055 de
1068 1033 1147 1067 prse-

396 1075 501 1109 missis
542 1073 659 1119 aliquid
702 1073 824 1117 exigere
869 1072 914 1106 vel
962 1078 1149 1116 extorquere

396 1130 585 1170 praesumat.

446 1177 460 1215 §
482 1174 539 1206 25.
559 1171 640 1212 Quia
665 1183 735 1204 vero
755 1169 898 1204 nonnulli
928 1176 1048 1203 vestrae
1077 1166 1149 1202 reli-

398 1222 499 1268 gionis
527 1220 666 1255 liabilum
691 1227 897 1257 assumentes,
924 1217 1055 1252 diversis
1080 1228 1150 1263 per-

397 1271 496 1313 sonis,
519 1281 599 1316 quae
622 1269 693 1303 sciri
718 1276 746 1302 et
771 1267 902 1301 inveniri
924 1279 986 1301 non
1007 1273 1150 1312 possunt,

397 1319 499 1366 aliqua
523 1319 603 1353 bona
628 1318 791 1352 restituere
815 1315 972 1350 interdum
992 1323 1151 1358 tenentur,

398 1369 483 1403 vobis
500 1368 646 1413 magistro
661 1374 690 1400 et
704 1365 860 1412 prioribus
878 1377 914 1399 ac
937 1364 1058 1399 vicariis
1078 1376 1151 1410 prce-

397 1417 490 1451 dictis
517 1415 733 1454 concedimus,
756 1414 839 1461 quod
862 1414 977 1459 singuli
1002 1421 1151 1453 vestrum,

400 1468 430 1500 in
453 1466 532 1500 locis
550 1465 608 1499 sibi
631 1463 822 1503 commissis,
845 1463 924 1497 bona
941 1462 1007 1509 ipsa
1031 1462 1061 1496 in
1085 1462 1153 1507 pios

399 1528 477 1549 usus
496 1521 681 1549 convertere
702 1512 833 1555 valeant,
863 1520 954 1558 prout
972 1510 1151 1545 secundum

401 1564 501 1599 Deum
526 1562 661 1596 viderint
688 1561 845 1608 expedire.

448 1617 463 1655 g
486 1614 543 1645 24.
569 1611 770 1656 Sepulturam
791 1622 917 1656 quoque
941 1609 969 1642 in
987 1608 1076 1648 locis,
1095 1620 1152 1642 coe·

401 1661 540 1696 meteriis
562 1668 591 1694 et
619 1659 760 1694 ecclesiis
787 1659 897 1693 vestris
935 1657 1153 1701 concedimus,

399 1718 429 1745 et
449 1722 517 1744 eam
540 1709 669 1743 liberam
690 1720 759 1742 esse
779 1719 958 1750 censemuS,
986 1715 1018 1740 ut
1045 1718 1152 1740 eorum

400 1758 556 1793 devotioni
586 1765 615 1792 et
643 1764 800 1791 extremae
830 1756 1012 1798 -roluntati,
1036 1755 1090 1801 qui
1120 1767 1152 1789 se

401 1808 463 1842 illic
490 1806 613 1853 sepeliri
641 1805 887 1840 desideraverint
908 1805 989 1847 (nisi
1026 1816 1155 1838 excom-

402 1857 564 1894 municati,
584 1855 629 1889 vel
654 1854 825 1897 interdicti,
844 1861 898 1888 aut
919 1853 1011 1887 etiam
1029 1852 1153 1900 publice

402 1905 537 1939 usurarii
579 1904 718 1947 suerint),
746 1902 852 1937 nullus
886 1902 1037 1942 obsistat,
1072 1901 1153 1935 salva

403 1963 504 1988 tamen
534 1953 648 1988 iustitia
673 1953 796 1987 illarum
827 1952 1039 1986 Ecclesiarum
1055 1963 1070 1985 a
1087 1951 1155 1997 qui-

404 2003 460 2038 bus
483 2012 679 2037 mortuorum
708 2014 837 2048 corpora
861 2009 1080 2036 assumuntur.

452 2053 550 2099 525.
575 2051 757 2086 Districtius
789 2050 985 2091 inhibentes,
1017 2059 1049 2085 ut
1078 2049 1153 2084 nulli

405 2101 539 2147 religiosi
564 2101 609 2136 vel
631 2101 819 2140 saeculares,
843 2100 930 2134 vobis
954 2100 1069 2139 invitis,
1097 2099 1155 2133 ali—

404 2163 539 2197 quorum
568 2163 698 2196 corpora
727 2149 948 2184 desunt-torum
988 2149 1017 2182 in
1049 2148 1156 2183 vestris

404 2200 602 2234 coemeteriis
621 2199 766 2245 sepelire,
785 2207 836 2233 aut
871 2198 899 2232 in
930 2198 1073 2232 ecclesiis
1102 2210 1156 2232 ve-

404 2249 476 2283 stris
491 2249 657 2283 missarum
674 2248 827 2282 solemnia
848 2247 893 2281 vel
919 2260 974 2294 pro
990 2246 1157 2281 animabus

404 2310 524 2337 eorum,
537 2298 590 2345 qui
606 2297 641 2332 ad
659 2297 724 2331 loca
740 2305 837 2331 vestra
862 2296 1037 2331 tumulandi
1055 2295 1157 2330 ferun-

406 2356 465 2387 tur,
481 2347 596 2381 ibidem
626 2347 777 2394 exequias
792 2346 952 2381 celebrare
969 2346 1037 2380 sine
1055 2354 1155 2380 vestro

405 2409 533 2431 assensu
557 2404 588 2431 et
615 2396 772 2431 voluntate
801 2403 1011 2442 praesumant.

454 2446 545 2492 526.
569 2445 754 2480 Inhibemus
777 2446 906 2491 insuper
921 2444 1076 2479 universis
1096 2444 1157 2478 fra-

407 2495 505 2529 tribus
538 2495 668 2529 Ordinis
697 2496 808 2538 vestri,
845 2507 883 2528 ne
912 2493 1007 2539 aliqui
1035 2506 1157 2536 eorum,

406 2545 455 2578 alii
479 2557 572 2591 quam
598 2545 742 2591 praelatis
765 2545 831 2578 suis
855 2551 979 2591 peccata
1002 2555 1057 2577 sua
1080 2555 1157 2577 con-

409 2594 485 2627 fiteri
507 2602 717 2639 praesumant,
735 2593 792 2627 nisi
818 2592 1012 2627 necessitatis
1029 2600 1158 2637 urgente

409 2643 549 2679 articulo,
566 2643 610 2677 vel
631 2643 688 2677 nisi
713 2642 814 2676 forsan
831 2642 980 2688 magister
1007 2641 1053 2675 vel
1075 2641 1159 2688 prior

969 285 1154 308 numanum

1184 282 1343 305 :romanum

1188 337 1333 382 proprius
1357 333 1449 367 alicui
1485 333 1568 366 fratri
1592 331 1712 366 dederit
1740 332 1823 364 fratri
1850 330 1937 365 alteri

1185 383 1329 419 eiusdem
1352 381 1482 416 Ordinis
1510 380 1665 415 licentiam
1685 379 1868 414 confitendi.

1235 433 1255 475 ,ἓ
1292 434 1350 465 27.
1386 429 1549 465 Universis
1582 435 1686 463 autem
1725 427 1936 462 Ecclesiarum
1961 439 2138 490 Llfle‘fflfflffimf

1954 478 1980 492 uu
2000 476 2023 490 μθ
2084 476 2093 489 Γ
2110 474 2138 488 ln!

1954 501 2097 522 conceduntur
2113 498 2119 518 Ι
2135 514 2137 517 ,

1188 481 1335 529 praelatis
1362 487 1392 513 et
1418 478 1487 513 aliis
1514 477 1719 520 inhibemus,
1748 489 1786 511 ne
1814 476 1939 511 confes-

1188 531 1294 564 siones
1330 536 1459 570 vestras,
1488 526 1576 561 vobis
1603 526 1721 569 invitis,
1745 525 1866 565 audire,
1894 525 1939 559 vel

1187 578 1378 625 compellere
1401 589 1455 611 vos
1473 575 1510 610 ad
1534 575 1683 623 synodos,
1706 587 1761 609 seu
1785 587 1942 609 convoca-

1187 629 1288 662 tiones
1315 639 1388 661 suas
1415 625 1575 665 accedere,
1599 624 1644 658 vel
1680 636 1751 658 cum
1781 623 1826 658 eis
1858 631 1942 658 extra

1187 677 1345 711 civitatem
1371 674 1416 708 vel
1441 674 1521 708 intra
1547 673 1819 720 processionaliter
1848 673 1943 708 exire.

1188 733 1242 761 aut
1271 725 1337 759 suis
1358 722 1640 758 constitutionibus
1676 721 1862 765 subiacere,
1899 722 1945 755 vel

1190 774 1340 821 capitula,
1363 772 1512 807 scrutinia
1541 771 1590 806 vel
1607 772 1810 817 inquisitores
1825 771 1855 804 in
1871 771 1947 805 locis

1190 823 1323 862 vestris,
1354 822 1399 856 vel
1436 821 1532 860 alibi,
1569 821 1607 855 de
1635 820 1722 855 robis
1749 819 1868 859 facere,
1895 828 1947 853 ant

1190 872 1371 907 fidelitatem
1389 871 1566 905 iuramento
1590 870 1754 909 firmatam,
1772 877 1801 903 et
1824 881 1948 903 annua-

1190 922 1249 956 lem
1262 919 1528 964 &obedientiam
1546 932 1561 953 a
1580 918 1738 966 prioribus
1753 926 1784 953 et
1804 918 1948 965 superie-

1191 970 1278 1005 ribus
1306 969 1417 1004 vestris
1444 968 1580 1014 exigere,
1595 977 1648 1002 aut
1663 968 1701 1001 de
1726 967 1866 1014 ipsorum
1897 967 1945 1000 iu-

1190 1019 1355 1054 stitutione
1378 1017 1424 1052 vel
1441 1017 1645 1052 destitutione
1668 1017 1733 1051 sive
1759 1017 1799 1050 de
1822 1016 1946 1050 statutis

1192 1068 1284 1103 vestri
1307 1067 1438 1102 Ordinis
1460 1079 1493 1101 se
1507 1066 1708 1112 aliquatenus
1726 1066 1946 1107 intromittere,

1191 1130 1246 1152 seu
1272 1116 1440 1163 probibere
1473 1128 1511 1149 ne
1543 1115 1581 1149 ad
1605 1114 1746 1149 civitates
1784 1115 1828 1149 vel
1863 1114 1948 1147 villas

1192 1167 1247 1201 ubi
1277 1165 1422 1211 religiose
1449 1173 1479 1198 et
1507 1163 1637 1199 honeste
1665 1163 1852 1199 commorari
1877 1176 1950 1208 pos-

1192 1216 1274 1259 sitis,
1297 1227 1311 1249 a
1329 1214 1457 1262 populis
1472 1213 1605 1256 evocati,
1620 1213 1765 1247 audeatis
1786 1212 1950 1253 accedere,

1195 1265 1307 1311 ibique
1331 1276 1387 1310 pro
1411 1262 1521 1298 vestris
1545 1262 1655 1296 usibus
1679 1269 1863 1297 construere
1878 1261 1952 1295 aedi-

1196 1315 1280 1357 licia,
1307 1312 1458 1348 ecclesias
1484 1324 1538 1346 seu
1574 1312 1730 1351 oratoria,
1753 1319 1806 1345 aut
1833 1311 1862 1344 in
1892 1323 1951 1345 ac—

1194 1363 1343 1398 cedentes
1367 1362 1488 1403 fratres,
1511 1373 1566 1395 seu
1593 1368 1816 1395 construentes
1839 1359 1952 1394 liuius-

1196 1412 1291 1452 modi‚
1321 1411 1366 1446 vel
1390 1418 1603 1457 receptatores
1638 1410 1793 1456 ipsorum,
1822 1421 1947 1443 excom-

1197 1461 1421 1496 municationis
1435 1459 1622 1495 sententiam
1639 1459 1719 1494 serre
1737 1466 1950 1506 praesumant.

1244 1510 1264 1557 ἓ
1286 1513 1344 1545 28.
1368 1509 1584 1544 Concedimus
1607 1520 1733 1555 quoque
1753 1507 1839 1542 vobis
1859 1516 1891 1541 ut
1913 1507 1951 1542 de

1198 1559 1258 1593 illis
1281 1571 1360 1606 quae
1394 1559 1423 1592 iu
1447 1558 1642 1592 ornamentis
1669 1558 1714 1592 vel
1740 1569 1795 1603 pro
1816 1557 1872 1597 eis,
1900 1564 1953 1590 aut

1198 1608 1296 1648 libris,
1320 1607 1445 1646 fabrica,
1473 1606 1693 1649 luminaribus,
1720 1605 1953 1648 anniversario,

1196 1659 1330 1703 septimo
1347 1685 1354 1698 ,
1389 1656 1564 1701 vigesimo,
1605 1655 1768 1701 trigesimo
1796 1655 1860 1689 sive
1888 1653 1955 1689 aliis

1196 1706 1234 1740 ad
1259 1714 1445 1753 perpetuum
1479 1704 1599 1739 cultum
1629 1704 1782 1747 divinum,
1815 1716 1870 1739 seu
1899 1716 1955 1750 pro

1198 1756 1337 1802 pitantiis
1374 1763 1428 1789 aut
1450 1754 1532 1788 victu
1555 1752 1593 1788 ad
1621 1753 1883 1788 sustentationem
1907 1765 1955 1787 ve-

1197 1812 1291 1839 stram
1321 1804 1366 1838 vel
1393 1803 1600 1847 indumentis,
1616 1815 1738 1838 necnon
1764 1815 1819 1849 pro
1841 1803 1956 1837 annuis

1198 1853 1347 1888 censibus
1375 1852 1579 1896 redimendis,
1606 1852 1643 1886 ad
1667 1864 1800 1898 quarum
1829 1851 1956 1886 solutio-

1198 1915 1268 1937 nem
1291 1902 1415 1949 aliquae
1442 1902 1556 1936 domus
1585 1901 1676 1936 vestri
1711 1901 1841 1936 Ordinis
1874 1900 1956 1935 obli-

1197 1952 1260 1998 gari
1275 1959 1459 1992 noscuntur,
1483 1950 1528 1985 vel
1544 1950 1582 1985 dc
1597 1950 1756 1991 domibus,
1774 1950 1910 1997 praediis
1925 1958 1956 1984 et

1199 2001 1309 2045 hortis,
1331 2001 1462 2047 aliisque
1491 2000 1567 2035 locis
1595 1999 1683 2034 vobis
1704 1999 1878 2035 secundum
1907 2000 1957 2034 in-

1199 2051 1306 2085 stituta
1335 2051 1426 2085 vestri
1450 2049 1582 2084 Ordinis
1607 2050 1809 2096 opportunis,
1843 2058 1896 2084 aut
1918 2049 1957 2084 de

1199 2101 1259 2141 liis,
1275 2113 1355 2147 quae
1370 2112 1425 2147 pro
1438 2098 1619 2134 huiusmodi
1635 2099 1794 2139 domibus,
1808 2098 1956 2145 praediis,

1200 2150 1299 2185 bortis
1337 2159 1368 2185 et
1402 2149 1480 2184 locis
1517 2148 1660 2183 emendis
1694 2148 1782 2183 vobis
1816 2148 1958 2194 legantur

1198 2199 1389 2242 (dummodo
1424 2198 1596 2245 praemissa
1632 2210 1693 2232 non
1735 2205 1958 2232 convertantur

1200 2249 1230 2282 in
1259 2249 1336 2282 alios
1364 2261 1451 2291 usus,
1474 2248 1527 2282 sed
1552 2248 1580 2281 in
1605 2247 1674 2282 illos
1701 2247 1872 2287 dumtaxat,
1902 2259 1957 2294 pro

1199 2297 1315 2344 quibus
1344 2298 1597 2344 relinquuntur),
1613 2305 1665 2331 aut
1687 2297 1763 2331 alios
1786 2296 1877 2331 etiam
1901 2296 1956 2343 qui

1201 2348 1229 2381 in
1254 2347 1311 2381 liae
1339 2347 1543 2382 concessione
1572 2347 1617 2381 vel
1642 2346 1834 2392 indulgentia
1862 2346 1958 2381 conti-

1201 2404 1336 2435 nentur,
1367 2396 1444 2431 nulli
1472 2396 1657 2431 canonicam
1684 2396 1859 2442 portionem
1892 2395 1957 2430 ali-

1200 2458 1294 2492 quam
1323 2446 1491 2480 teneamini
1521 2445 1679 2480 exhibere.
1705 2445 1744 2479 Et
1776 2457 1813 2479 ne
1840 2445 1911 2492 quis
1941 2457 1956 2478 a

1202 2495 1298 2533 vobis,
1327 2495 1371 2529 vel
1398 2495 1577 2529 ultimarum
1602 2493 1827 2529 executoribus
1850 2493 1958 2529 volun-

1201 2552 1298 2578 tatum
1336 2557 1391 2579 seu
1434 2543 1655 2579 decedentium
1692 2543 1893 2583 haeredibus,
1918 2543 1957 2578 de

1236 2616 1275 2648 (1)
1296 2615 1360 2641 vide
1380 2615 1527 2641 Concilium
1548 2614 1680 2646 Trident„
1707 2622 1773 2642 sess.
1795 2614 1839 2646 28,
1865 2621 1889 2641 c.
1914 2615 1954 2640 ¹5.

1201 2653 1239 2688 (2)
1259 2654 1342 2689 Ripoll
1360 2654 1400 2681 hic
1416 2654 1476 2689 legit
1493 2656 1652 2681 inanitatem.

1954 276 2001 301 An.
2020 273 2048 300 C.
2072 273 2135 298 ¹57st

2004 1513 2079 1540 Exemp
2092 1514 2112 1534 io

1968 1549 2098 1571 quacumque
2114 1549 2151 1563 so-

1968 1575 2048 1596 lunone
2059 1575 2092 1595 vet
2103 1579 2154 1595 one-
