2274 3265
941 280 1041 302 rsuex
1064 279 1176 302 neuun
1718 270 1793 303 763

310 331 427 367 Montis
448 330 573 368 Maioris
596 333 769 368 Arelatens.
794 335 1029 368 monasterium.
1060 335 1093 367 V.
1114 334 1239 368 Antonii
1269 337 1324 369 [SA
1347 335 1500 370 Viennen.
1526 336 1658 370 abbatia.

310 380 425 417 Montis
446 382 558 417 Oliveti
583 383 807 418 monachorum
834 384 1035 430 congregatio
1067 382 1268 430 approbatur,
1303 385 1361 418 sul)
1388 385 1496 431 Apost.
1525 385 1616 419 Sedis
1647 386 1843 432 protectione

408 433 557 478 recipitur
578 441 607 466 et
631 432 710 467 bona
729 433 832 467 omnia
860 433 886 466 ei
909 434 1145 476 confirmantur,
1174 436 1243 467 510
1259 446 1287 467 a.
1313 434 1458 469 Facultas
1480 436 1506 469 ci
1539 433 1631 469 «latur
1654 448 1730 469 nova
1765 447 1844 469 con-

409 481 504 516 dendi
529 483 714 516 monasteria
734 490 764 516 et
788 490 978 518 sacramenta
1003 483 1033 516 in
1058 483 1095 516 iis
1119 483 1330 526 ministrandi,
1355 487 1417 518 471
1441 486 1469 517 b.

310 530 428 565 Montis
446 529 572 576 Regalis
598 539 678 566 terra
701 538 804 573 (nunc
827 531 918 577 vulgo
940 531 1105 575 Monilov‘i)
1129 533 1157 565 in
1191 534 1362 577 civitaten»,
1384 543 1413 568 et
1438 534 1577 568 Ecclesia
1614 534 1646 567 S.
1671 534 1786 568 Donati
1812 534 1844 567 in

407 579 616 615 cathedralem
640 581 781 628 erigitur,
809 583 879 616 599
897 593 927 616 a.

1059 735 1092 774 N

310 827 523 864 Narbonensis
541 830 743 875 episcopatus
765 830 924 869 dividitur,
947 832 1010 864 25¹
1045 843 1074 864 α.

311 877 427 912 Nicolai
454 877 609 913 Serurarii
638 891 759 914 errores
777 880 910 928 eiusque
928 887 1097 914 sectatores
1119 879 1319 923 damnantur,
1344 883 1413 915 690
1436 893 1466 915 a.

310 926 457 962 Nicolaus
484 927 525 962 ΙΙΙ
548 928 631 973 Papa
654 937 828 964 cmxxxvni
853 929 988 976 eligitur,
1016 932 1060 964 39
1082 932 1109 963 b.
1133 930 1318 977 Encyclicae
1341 942 1408 964 eius
1433 929 1542 966 literae
1564 932 1602 965 de
1621 931 1724 966 suain
1748 930 1847 965 Sum-

410 984 497 1012 ·mum
517 977 701 1012 Pontificem
722 979 875 1013 electione
894 979 932 1013 ad
954 978 1074 1013 Galliae
1102 980 1266 1026 praelatos,
1289 981 1362 1014 ibid.

309 1025 457 1061 Nicolaus
486 1026 526 1060 lV
554 1026 636 1073 Papa
659 1040 732 1062 cxci
752 1028 889 1074 eligitur,
916 1030 959 1062 87
989 1041 1018 1062 α.

309 1074 475 1121 Nigrorum
500 1088 703 1111 monacorum
735 1077 822 1112 Ordo
845 1078 877 1112 S.
915 1077 1077 1112 Benedicti
1101 1078 1299 1122 reformatur,
1324 1081 1391 1113 347
1419 1081 1448 1113 b.
1479 1079 1596 1114 Eorum
1629 1078 1844 1114 reformationi·

407 1126 577 1161 nonnullae
599 1126 760 1160 adduntur
787 1127 1023 1167 declarationes,
1047 1129 1116 1161 462
1136 1129 1162 1161 b.
1732 1165 1736 1168 ⁴

309 1173 428 1209 Notarii
455 1175 569 1210 Curiae
597 1175 757 1210 Romanae
778 1176 957 1210 auditorum
980 1176 1108 1210 consilia
1131 1185 1248 1211 secreta
1273 1190 1396 1211 serrare
1424 1177 1552 1216 debent,
1582 1180 1650 1212 519
1678 1179 1705 1211 b.
1734 1175 1767 1210 {n
1797 1190 1844 1210 ar-

409 1224 480 1259 duis
507 1232 602 1260 testes
629 1237 685 1272 per
707 1238 740 1259 se
762 1226 952 1269 examinent,
976 1228 1045 1259 5020
1073 1239 1103 1260 α.
1126 1226 1194 1260 Sint
1217 1227 1380 1273 diligentes
1411 1236 1503 1274 atque
1531 1227 1654 1264 lidelcs.
1678 1228 1751 1260 ibid.
1777 1226 1844 1260 An-

409 1282 532 1320 tequam
561 1274 775 1314 admittantur,
803 1274 917 1309 debent
944 1275 1112 1309 examinari
1141 1285 1171 1309 et
1194 1276 1402 1310 iuramentum
1428 1285 1601 1322 praestare,
1625 1277 1699 1310 ibid.
1723 1275 1844 1310 Causas

410 1335 472 1357 non
505 1323 660 1363 affectent,
689 1324 872 1358 modestiam
898 1332 1037 1363 servent,
1066 1325 1183 1371 unique
1219 1334 1336 1359 tantuin
1371 1325 1505 1360 auditori
1539 1327 1655 1360 servire
1686 1324 1841 1362 debeant,

408 1374 484 1406 ibid.
500 1374 527 1406 b.
545 1372 731 1412 Causarum,
747 1385 827 1418 quae
849 1385 953 1407 coram
968 1374 1034 1407 suis
1055 1373 1251 1408 auditoribus
1275 1375 1431 1419 agitantur
1455 1383 1574 1419 patroni
1594 1388 1654 1409 non
1679 1376 1751 1411 sint,
1767 1375 1841 1407 ibid.

410 1421 456 1455 De
476 1422 615 1467 registris
638 1422 677 1456 ab
697 1421 756 1456 illis
778 1422 940 1456 servandis
963 1424 1025 1456 5⁶21
1051 1435 1082 1456 α.
1110 1422 1193 1457 Taxa
1216 1432 1245 1457 et
1273 1435 1424 1457 numerus
1454 1423 1604 1458 linearum
1628 1437 1684 1470 pro
1713 1423 1844 1469 registro

405 1476 435 1504 et
457 1470 581 1517 singula
597 1471 665 1505 eins
688 1471 810 1518 pagina,
826 1473 901 1505 ibid.
927 1473 954 1505 b.
978 1471 1039 1505 Pro
1061 1472 1170 1518 copiis,
1191 1472 1402 1515 citationibus,
1420 1473 1616 1511 inhibitione,
1637 1473 1843 1509 intimatione.

405 1519 627 1567 appellatione,
652 1522 721 1554 322
743 1534 772 1555 α.
802 1520 862 1555 Pro
886 1521 1012 1555 testium
1048 1521 1320 1567 depositionibus⁷
1348 1522 1505 1557 delinitiva
1533 1523 1683 1557 sententia
1710 1522 1843 1568 eiusque

407 1569 633 1609 instrumento,
655 1571 730 1604 ibid.
756 1570 817 1605 Pro
840 1570 1095 1611 interlocutoriis,
1119 1573 1193 1605 ibid.
1217 1571 1387 1606 Distinctio
1411 1581 1620 1615 monetarum,
1643 1573 1714 1606 ibid.
1739 1573 1765 1605 b.
1783 1572 1845 1605 (ja-⁴

408 1627 497 1653 veant
519 1619 642 1657 notarii.
659 1631 696 1653 ne
713 1619 896 1664 prolixiores
918 1632 1018 1666 aequo
1041 1620 1177 1655 efficiant
1200 1621 1381 1667 scripturas,
1404 1623 1477 1656 ibid.
1501 1621 1611 1656 Simile
1633 1633 1741 1655 corum
1760 1621 1844 1655 iura-

408 1675 548 1702 mentum
570 1680 585 1701 a
614 1668 741 1702 notariis
768 1676 963 1703 caeterorum
986 1669 1191 1704 tribunalium
1219 1669 1441 1714 emittendum,
1464 1673 1537 1705 ibid.
1842 1671 1844 1673 ’

308 1717 506 1751 Notariorum
530 1729 632 1752 mores
654 1718 763 1764 quales
780 1730 849 1752 esse
864 1717 1011 1762 debeant,
1028 1721 1096 1753 68ss
1110 1732 1140 1753 α.
1158 1719 1205 1753 Ab
1219 1718 1278 1753 illis
1292 1728 1359 1754 taxa
1375 1721 1525 1755 servanda
1543 1720 1703 1768 legesque,
1723 1720 1798 1753 ibid.
1815 1720 1842 1752 b.

306 1765 590 1813 Nurimbergenses
617 1766 653 1801 B.
677 1767 850 1802 &ebaldum
878 1768 1053 1803 canonizari
1078 1777 1189 1816 petunt
1211 1776 1241 1803 et
1263 1768 1379 1816 quibus
1405 1769 1444 1804 de
1467 1770 1582 1809 causis.
1612 1769 1680 1804 715
1703 1780 1732 1803 α.
1840 1772 1842 1774 “

1057 1922 1097 1961 0

306 2015 463 2052 Officiales
490 2017 559 2051 laici
584 2017 811 2053 ecclesiasticos
831 2018 933 2052 banno
952 2031 1131 2065 supponere
1155 2031 1215 2053 non
1242 2027 1389 2065 possunt,
1413 2021 1482 2053 588
1505 2031 1534 2052 α.

306 2065 464 2102 Officiales
485 2066 592 2102 Status
610 2066 643 2102 S.
664 2066 702 2101 R.
726 2067 761 2102 E.
781 2068 939 2102 neminem
955 2080 1066 2114 cogere
1080 2067 1197 2102 debent
1212 2069 1248 2102 ad
1264 2081 1409 2114 granum,
1427 2068 1507 2114 ligna
1530 2075 1559 2102 et
1576 2066 1701 2107 similia,
1720 2067 1843 2114 'absque

404 2116 560 2151 solutione
589 2116 689 2163 pretii,
714 2116 773 2151 sibi
793 2117 1014 2161 deferendum,
1037 2120 1107 2152 564
1126 2130 1156 2151 α.

306 2165 424 2201 Othoni
449 2166 596 2201 Bavariae
617 2166 688 2201 duci
714 2166 891 2213 Hungariae
915 2180 1044 2213 regnum
1070 2168 1182 2202 iniuste
1211 2168 1377 2215 occupanti
1406 2167 1474 2203 dies
1491 2167 1652 2211 indicitur,
1682 2175 1713 2201 ut
1736 2179 1842 2201 coram

407 2216 584 2263 Apostolica
607 2216 690 2251 Sede
712 2217 811 2260 sistat,
835 2219 903 2251 1⁸2
923 2229 953 2251 α.

1058 2392 1097 2438 P

305 2507 508 2556 Palaeologus
531 2509 672 2544 Michael.
702 2505 735 2543 V.
761 2508 890 2544 Michael
913 2504 1129 2556 palaeologus.

307 2559 486 2594 Pannorum
515 2561 589 2594 artis
612 2568 804 2594 mercaturae
827 2559 991 2593 consulum
1018 2559 1205 2600 iurisdictio,
1229 2561 1297 2595 696
1321 2562 1349 2595 b.

307 2609 544 2643 Panormitanae
567 2609 746 2644 rebellionis
768 2622 879 2648 series,
905 2611 950 2643 55
973 2622 1002 2643 α.

306 2658 415 2707 Papuli
439 2658 496 2702 (S.)
523 2658 661 2694 Ecclesia
690 2659 884 2706 suffraganea
913 2659 1082 2707 episcopat.
1112 2659 1281 2693 Tbolosan.
1303 2658 1491 2704 declaratur,
1519 2660 1589 2693 246
1615 2669 1645 2694 α.
