2274 3265
100 296 148 322 An.
169 296 196 321 C.
216 295 282 322 ¹535

109 791 218 812 Eletdtuni
231 798 240 810 a
250 792 280 810 tlt-

97 828 143 842 vtnu
164 822 278 848 providen-

95 856 122 872 tia
138 853 225 878 petitum

105 1573 144 1594 sua
169 1575 194 1595 ad
214 1574 275 1594 Sume

92 1611 145 1625 mum
159 1604 236 1625 Pontii.
252 1610 276 1625 e-

93 1635 163 1656 tectio.

890 292 1084 315 nENEntCTns

296 374 452 403 Benedictus
475 374 616 409 episcopus
635 380 731 402 servus
743 379 882 402 servorum
894 372 950 405 Dei.
970 378 1047 400 vene·

339 423 472 451 rabilibus
492 423 639 456 fratribus.
667 423 865 458 archiepiscopo
896 420 1046 453 immensi,

338 474 367 501 ot
387 473 518 508 episcopis
538 480 567 501 ac
584 473 691 501 dilectis
703 472 777 504 filiis.
803 470 957 503 abbatibus,
974 469 1048 504 prio-

339 521 425 554 ribus.
446 522 622 557 praepositis.
655 520 772 552 decanis,
794 518 991 547 archidiaconis
1019 519 1048 546 et

340 570 403 598 altis
421 570 600 598 Ecclesiarum
618 568 768 604 praelatis.
785 567 923 603 exemptis
943 568 970 595 et
995 573 1047 595 non

338 619 484 654 exemptis,
513 625 561 654 per
579 619 751 646 Rhomensem
765 617 931 652 provinciam
947 615 1045 643 consti·

339 669 421 701 tutis,
442 668 561 696 satutem
581 669 611 695 et
626 666 805 702 apostoticam
825 665 1045 694 benedictionem.

343 738 486 773 Altitudo
511 737 655 772 coelestis
686 737 821 777 consilii,
849 749 944 783 supra
968 748 1046 771 cun-

294 796 341 822 cta
366 796 476 822 tenens
505 787 534 820 in
557 786 688 821 excelsis
716 787 895 833 imperium,
922 785 967 820 sic
995 785 1046 819 dat

294 849 362 871 esse
390 836 494 875 rebuS‚
521 844 551 870 et
578 835 740 882 dispensat
764 835 910 870 ineffabili
941 835 1044 880 provi-

293 885 398 920 dentia
427 896 558 919 munera
593 886 776 930 gratiarum,
809 885 855 919 sic
885 892 1044 918 creatura-

293 946 361 969 rum
407 932 606 968 conditiones
641 943 671 968 et
705 942 803 967 status
836 933 970 973 ordinat,
997 944 1044 972 ac,

294 991 385 1030 prout
408 982 484 1021 vult,
514 982 608 1017 variat
630 992 659 1017 et
682 983 833 1028 disponit,
860 982 945 1029 quod
969 994 1044 1016 sen-

292 1045 347 1066 sus
376 1032 544 1075 humanus,
577 1032 645 1065 eius
671 1039 789 1066 secreta
819 1031 943 1066 consilii
966 1042 1043 1077 per-

292 1081 424 1116 scrutari
447 1093 508 1115 non
537 1080 655 1121 valens,
679 1081 709 1115 in
732 1081 844 1115 borum
868 1080 1044 1114 considera-

293 1130 377 1164 tione
400 1130 504 1177 potius
526 1129 701 1173 hebetatur,
729 1142 802 1164 cum
825 1130 889 1163 sint
912 1129 1043 1163 investi-

293 1179 411 1226 gabiles
444 1178 510 1213 riae
540 1178 679 1218 Domini,
709 1186 739 1213 et
766 1178 937 1224 sapientiae
969 1189 1042 1211 snae

294 1227 541 1274 magnitudinem
566 1227 695 1261 humani
721 1239 781 1261 non
802 1227 926 1273 capiant
949 1226 1043 1260 intel-

294 1278 411 1311 lectus:
439 1275 512 1310 facit
539 1276 621 1310 enim
651 1276 759 1310 fortem
784 1288 820 1309 ex
844 1275 952 1315 debili,
977 1275 1042 1309 bal-

294 1324 489 1360 butientibus
528 1324 690 1371 eloquium
733 1324 858 1365 tribuit,
893 1332 922 1358 et
956 1323 1043 1370 ponit

293 1386 518 1421 nonnunquam
542 1373 679 1408 humiles
702 1374 731 1407 in
755 1373 893 1417 sublimi,
917 1373 1040 1419 plenam

292 1432 322 1458 et
341 1423 510 1470 perfectam
536 1422 654 1457 babens
672 1423 709 1456 ad
727 1422 862 1469 singula,
882 1431 1040 1469 tamquam

293 1473 397 1519 palmo
425 1471 620 1507 concludens
647 1472 764 1511 omnia,
789 1479 985 1518 potestatem.

340 1523 360 1569 g
385 1526 415 1556 1.
443 1520 526 1555 Sane
550 1520 649 1555 felicis
672 1521 898 1555 reeordationis
926 1520 1041 1554 Ioanne

293 1571 376 1618 Papa
420 1570 571 1616 vigesimo
614 1569 756 1604 secundo
799 1570 1041 1616 praedecessore

293 1627 398 1655 nostro
433 1631 546 1666 nuper,
574 1619 653 1653 sicut
681 1618 818 1653 Domino
848 1619 976 1665 placuit,
1003 1618 1041 1652 ab

292 1669 349 1704 hac
383 1668 450 1703 luce
474 1668 645 1706 subtracto,
671 1675 700 1702 et
722 1668 758 1702 ad
782 1669 949 1703 caelestem
985 1679 1038 1714 pa-

290 1718 380 1753 triam
407 1717 446 1752 ab
480 1716 660 1752 huiusmodi
696 1717 834 1761 miseria,
875 1717 955 1751 sicut
991 1717 1039 1763 pie

289 1767 459 1805 credimus,
487 1774 629 1810 evocato,
655 1766 786 1812 eiusque
813 1778 946 1812 corpore
968 1778 1038 1800 cum

288 1816 491 1863 exequiarum
519 1815 717 1850 solemnitate
741 1816 843 1850 debita
874 1816 1040 1855 tunmtato,

289 1866 481 1901 venerabiles
518 1866 627 1900 fratres
652 1866 748 1900 nostri
777 1866 928 1911 episcopi,
953 1877 1041 1911 pres-

288 1916 387 1964 byteri
411 1924 441 1950 et
463 1916 600 1959 diaconi,
628 1924 753 1950 sanctae
779 1915 943 1949 Romanae
972 1914 1040 1949 Ec—

288 1967 400 2000 clesiae,
436 1965 623 2007 cardinales,
659 1965 698 1999 de
735 1977 870 2011 qnorum
910 1976 1041 1998 numero

289 2024 363 2049 tunc
402 2027 539 2058 eramus,
585 2027 640 2061 pro
681 2014 776 2048 futuri
816 2012 1041 2048 substitutione

289 2064 422 2111 pastoris
445 2064 670 2099 convenientes
694 2064 724 2096 in
750 2075 860 2101 unuin,
885 2062 943 2096 sub
967 2061 1042 2096 deli-

288 2114 447 2149 beratione
486 2113 627 2156 consilii,
669 2125 763 2159 qnam
804 2112 879 2146 tanti
924 2111 1039 2156 negotii

288 2164 422 2210 qualitas
446 2162 603 2209 exigebat,
627 2162 733 2196 liabito
760 2174 856 2208 super
879 2160 1042 2195 electionis

290 2213 383 2247 futuri
422 2213 524 2259 Papae
551 2211 761 2246 celebratione
797 2218 940 2249 tractatu,
971 2210 1042 2244 licet

289 2262 467 2297 consentire
505 2261 679 2308 potuissent
714 2261 742 2294 in
776 2261 852 2294 alios
888 2261 1040 2294 maiorum

290 2311 472 2345 meritorum
508 2310 646 2344 claritate
681 2310 882 2354 conspicuos,
914 2317 943 2343 et
972 2309 1041 2355 plu-

290 2361 370 2395 rium
400 2360 550 2394 vit-tutum
581 2359 679 2393 titulis
708 2359 886 2405 insignitos⁷
915 2358 1039 2392 taudem

289 2410 326 2444 ad
356 2422 519 2456 personam
555 2417 691 2442 nostram
721 2408 893 2453 dirigentes
930 2408 1042 2441 unani-

291 2459 384 2493 miter
408 2467 474 2493 vota
498 2470 567 2497 sua,
590 2469 647 2491 nos
671 2458 706 2491 ad
731 2457 846 2491 summi
877 2457 1042 2503 pontifica-

292 2518 340 2543 tus
362 2508 483 2554 apicem
510 2507 632 2541 dix-inae
660 2506 849 2551 dignationis
876 2506 1041 2540 clementia

291 2569 471 2596 evocarunt.

339 2613 358 2657 S
391 2615 424 2645 2.
461 2610 524 2644 Nos
564 2610 668 2656 igitur,
704 2617 881 2643 nostrarum
919 2608 1042 2643 insuffi-

290 2661 436 2696 cientiam
462 2659 584 2704 virium,
605 2667 634 2692 et
660 2657 939 2693 administrationis
977 2666 1038 2692 tam

1113 291 1157 313 xit
1188 291 1235 312 [Ψ.
1721 279 1789 312 525

1087 345 1203 379 arduae
1225 344 1390 388 sarcinam,
1414 345 1553 391 tantique
1575 345 1680 379 oneris
1706 355 1839 390 gravita-

1089 402 1150 428 tem
1175 394 1293 428 intenta
1316 393 1570 428 consideratione
1594 401 1772 440 pensantes,
1795 393 1839 426 in-

1089 451 1132 477 tra
1165 450 1269 477 nostra
1293 442 1486 489 praecordia,
1514 442 1589 488 quid
1619 442 1700 476 inter
1723 450 1767 476 tot
1789 441 1839 475 di-

1090 504 1192 526 versas
1224 499 1254 526 et
1283 491 1381 525 varias
1416 491 1533 525 saeculi
1564 491 1786 526 fluctuationes
1809 497 1839 525 et

1089 554 1210 587 pugnas
1218 539 1389 586 agendum,
1404 539 1518 586 quidve
1531 539 1713 580 tenendum,
1723 539 1838 586 quidve

1088 589 1287 636 pensandum
1311 589 1460 628 extiterit,
1482 588 1588 623 animo
1611 588 1758 623 duximus
1781 596 1836 623 tre-

1854 290 1902 314 An.
1922 289 1951 315 C.
1972 289 2037 315 1553

1869 349 1976 370 llumtlitcr
2013 353 2035 370 1⁵

1855 386 1876 399 se
1893 384 1956 400 sentit
1973 380 2038 400 Bene-

1854 413 1935 431 ouvius:

1089 639 1162 685 pido
1190 637 1425 673 revolvendum.
1449 637 1587 671 Demum
1616 649 1688 672 vero
1710 638 1838 683 spiritus
1865 647 1925 659 «Μ’

1088 688 1201 722 virtute
1231 694 1438 733 reassumpta,
1470 686 1499 720 in
1523 686 1591 726 ltto,
1620 687 1674 733 qui
1701 687 1932 732 assurgit..„.ffl

1088 737 1118 771 in
1146 749 1313 771 occursum
1343 735 1522 770 timentium
1546 743 1575 769 et
1603 735 1836 781 implorantium

1087 786 1250 821 humiliter
1271 797 1387 820 nomen
1415 797 1523 828 suum,
1547 784 1665 830 quique
1697 783 1838 818 clemen-

1087 843 1132 869 ter
1157 836 1186 869 in
1230 834 1350 870 semitis
1371 834 1437 868 suis
1459 845 1588 879 gressus
1612 832 1749 867 ltomiuis
1773 845 1839 879 per-

1087 884 1160 925 ficit,
1189 884 1270 918 inter
1297 883 1478 918 huiusmodi
1514 882 1742 928 cogitationum
1775 882 1839 916 sre-

1086 934 1180 967 mitus
1202 933 1370 968 anchoram
1394 932 1461 978 spei
1490 939 1613 966 nostrae
1638 930 1777 970 fiximus,
1799 930 1837 965 ad

1086 982 1250 1017 ferendum
1274 981 1334 1016 sub
1347 980 1425 1015 Eius
1441 980 1555 1015 fiducia
1579 980 1688 1026 iugum
1710 980 1840 1014 servitu-

1085 1031 1122 1066 tis
1149 1030 1340 1078 apostolicae
1363 1029 1536 1064 imbecilles
1556 1029 1705 1064 humeros
1727 1028 1838 1063 bumi-

1084 1081 1153 1115 liter
1177 1080 1409 1118 submittentes,
1432 1091 1468 1113 ac
1485 1078 1716 1125 subsequenter
1737 1077 1838 1112 hene-

1084 1128 1231 1163 dictionis
1253 1137 1281 1164 et
1305 1128 1516 1163 coronationis
1544 1127 1697 1162 solemnia
1721 1133 1751 1161 et
1772 1138 1840 1161 cae-

1084 1187 1147 1212 tera
1175 1178 1365 1224 recepimus,
1392 1176 1567 1211 secundum
1597 1187 1717 1210 morem
1745 1175 1838 1210 eius-

1083 1227 1155 1261 dem
1184 1226 1345 1261 Romanae
1367 1225 1528 1260 Ecclesiae
1564 1225 1595 1258 in
1619 1224 1760 1270 personis
1780 1223 1839 1259 Ro-

1085 1286 1249 1310 manorum
1269 1274 1460 1309 Pontificum
1485 1274 1760 1321 praedecessorum
1781 1285 1838 1307 no-

1082 1333 1219 1358 strorum
1256 1324 1408 1358 hactenus
1441 1323 1642 1357 observatum
1668 1330 1779 1362 antea3
1809 1329 1839 1356 et

1083 1373 1246 1408 humiliato
1269 1373 1382 1419 spiritu
1402 1371 1539 1406 Domino
1561 1369 1784 1418 supplicando,
1806 1378 1839 1404 ut

1082 1422 1166 1468 Ipse,
1200 1422 1253 1468 qui
1285 1433 1341 1456 nos
1371 1421 1480 1467 iugum
1511 1418 1692 1455 huiusmodi
1729 1418 1838 1453 subire

1081 1472 1248 1510 concessit,
1271 1471 1318 1505 sic
1340 1470 1379 1505 ad
1404 1471 1507 1517 ipsum
1536 1468 1725 1515 portandum
1748 1467 1838 1502 debi-

1082 1521 1198 1554 litatem
1223 1527 1363 1554 nostram
1391 1531 1466 1554 suae
1491 1518 1614 1552 virtutis
1642 1516 1753 1552 robore
1776 1516 1839 1551 ful-

1082 1569 1153 1608 ciat,
1187 1569 1295 1616 sicque
1332 1568 1408 1603 illud
1437 1568 1528 1603 faciat
1560 1579 1614 1602 sua
1644 1566 1839 1612 benignitate

1083 1618 1247 1665 portabile,
1284 1617 1368 1665 quod
1404 1617 1465 1652 sub
1499 1629 1535 1651 eo
1571 1628 1633 1650 non
1679 1615 1839 1661 contingat

1083 1679 1139 1702 nos
1176 1680 1211 1701 cx
1248 1676 1351 1701 nostra
1390 1665 1552 1701 debilitate
1592 1664 1740 1708 deficere7
1783 1663 1837 1698 sed

1083 1718 1122 1750 ita
1146 1728 1200 1750 sua
1225 1715 1452 1763 omnipotentia
1493 1714 1584 1749 nobis
1606 1722 1636 1748 et
1666 1713 1755 1760 gregi
1779 1712 1839 1747 do-

1083 1765 1210 1805 minico,
1233 1765 1409 1811 vigilantiae
1426 1773 1551 1799 nostrae
1578 1763 1759 1803 commisso,
1788 1774 1839 1808 po-

1083 1816 1142 1849 tius
1166 1814 1329 1861 prolicere,
1352 1813 1436 1860 quod
1453 1813 1492 1848 de
1515 1813 1631 1847 talento
1655 1811 1747 1846 nobis
1769 1823 1838 1845 cre-

1082 1867 1147 1902 dito
1166 1867 1292 1912 dignam
1318 1865 1475 1899 valeamus
1498 1864 1527 1897 in
1552 1870 1692 1898 extremo
1720 1860 1837 1895 iudicio

1082 1916 1213 1951 reddere
1237 1916 1402 1951 rationem.

1131 1967 1151 2013 ξ
1174 1969 1206 2000 5.
1234 1965 1315 1999 Cum
1343 1971 1447 1998 autem
1472 1975 1530 1997 nos
1552 1961 1590 1997 ad
1621 1961 1695 1995 tanti
1720 1959 1836 1995 molem

1083 2015 1232 2062 ponderis
1253 2014 1350 2048 levius
1370 2022 1399 2048 et
1421 2012 1580 2047 salubrius
1603 2009 1836 2057 perferendam,

1081 2078 1116 2100 ac
1145 2064 1312 2111 praefatam
1349 2062 1544 2104 Ecclesiam,
1572 2072 1653 2107 quae
1690 2058 1836 2106 procellis

1082 2127 1116 2149 ac
1145 2112 1325 2148 turbinibus
1347 2112 1455 2157 agitari
1479 2109 1607 2152 assolet,
1639 2108 1699 2155 piis
1726 2116 1756 2141 et
1779 2107 1836 2142 de-

1084 2164 1161 2198 votis
1184 2161 1329 2209 expediat
1357 2161 1535 2195 orationum
1566 2157 1722 2204 suffragiis
1743 2156 1836 2190 adiu-

1084 2213 1157 2251 vari,
1193 2211 1428 2246 universitatem
1466 2217 1597 2243 vestram
1632 2218 1780 2252 rogamus
1807 2213 1837 2239 et

1083 2262 1289 2296 obsecramus
1313 2261 1341 2294 in
1359 2259 1496 2293 Domino
1515 2257 1584 2291 Iesu
1605 2256 1745 2299 Christo,
1762 2267 1837 2301 qua-

1083 2320 1175 2346 tenus
1191 2311 1271 2356 apud
1290 2310 1396 2356 Ipsum
1409 2336 1417 2351 ,
1433 2308 1594 2354 Sponsum
1615 2304 1758 2340 eiusdem
1782 2302 1837 2338 Ec-

1083 2361 1209 2403 clesiae,
1237 2359 1422 2406 suppliciter
1450 2358 1479 2391 in
1508 2355 1684 2390 hnmilitate
1707 2353 1836 2400 spiritus

1083 2410 1204 2445 (levetis
1229 2408 1375 2455 precibus
1395 2406 1554 2448 insistatis,
1580 2412 1623 2448 ut,
1647 2410 1836 2449 tempestosa

1085 2459 1294 2506 procellarum
1325 2456 1467 2491 molestia
1500 2455 1695 2501 quiescente,
1724 2452 1836 2486 Eccle-

1083 2509 1127 2543 sia
1157 2511 1222 2556 ipsa
1245 2508 1304 2541 sub
1328 2506 1425 2540 facilis
1452 2517 1546 2540 aurae
1573 2503 1737 2538 serenitate
1767 2501 1836 2535 lae—

1085 2568 1176 2599 tetur,
1201 2560 1315 2603 luxque
1343 2555 1429 2602 pacis
1451 2554 1577 2601 copiosa
1603 2552 1662 2587 sibi
1693 2549 1836 2597 resplen-

1083 2609 1164 2647 deat,
1201 2618 1343 2641 errorum
1372 2612 1401 2638 et
1435 2602 1666 2637 dissentionum
1696 2599 1834 2634 tenebris

1083 2658 1121 2692 de
1150 2656 1252 2691 medio
1276 2654 1413 2689 lidelinm
1438 2652 1627 2700 profligati&
1650 2661 1685 2685 ac
1707 2660 1834 2696 gressus

1865 1967 1954 1991 fideles,
1966 1972 1987 1987 ut
1996 1968 2035 1988 nu-

1851 1999 1912 2018 miles
1928 2000 1952 2018 ad
1973 1998 2035 2019 Deum

1852 2035 1928 2055 preces
1938 2029 2032 2051 fundant,

1853 2060 1984 2080 cohortatur.
