2274 3265
126 252 176 278 An.
194 252 221 278 C.
244 251 308 278 ¹572

138 1251 195 1271 Idem
216 1252 309 1271 secundo

124 1287 179 1303 anno
204 1288 244 1302 nou
269 1282 309 1302 eli-

125 1314 213 1339 gendos.

937 246 1120 269 GREGOttttts
1144 246 1176 268 ΧΙ
1207 247 1252 268 ΡΡ.

325 305 430 352 ptione
454 304 591 352 repulsa,
620 317 674 351 pro
701 311 820 338 rectore
837 303 996 344 habeatur,
1018 302 1070 349 qui

324 368 338 389 3
362 355 478 389 maiore
502 363 599 401 parte,
629 354 763 400 partium
793 353 885 387 etiam
909 364 1072 398 compara-

325 406 408 439 tione
422 405 590 443 minorum,
613 403 731 437 electus
755 403 857 446 fuerit,
883 415 939 436 nec
954 402 991 436 ad
1015 401 1072 435 ali-

323 467 416 501 quam
440 463 562 488 nostrae
585 454 714 487 sormam
750 453 893 487 volumus
921 451 1073 497 eligentes

323 504 490 551 ·i‹lstringi;
518 503 572 538 sed
596 503 740 542 sulliciiffit
767 502 851 549 quod
875 501 1070 547 singulorum

323 566 498 588 ‹onsensus
520 566 574 607 per
600 552 732 597 scriptas
759 552 886 586 cedulas
913 551 1072 598 exprima-

325 614 385 642 tur
414 611 506 651 prout
530 616 558 636 13
582 601 734 636 electioni
753 602 892 636 eiusdem
908 600 1010 635 Stuilii
1027 609 1072 634 est

324 654 448 688 solitum
476 652 652 694 obser-vaii3
689 652 751 698 pati
787 664 917 685 nuincio
952 650 1072 685 discor-

323 703 470 738 «lantibus
507 701 706 741 electoribus
734 701 959 747 permittimus,
986 699 1071 747 qnod

325 762 386 788 tota
410 752 460 786 die
482 751 647 786 electionis
668 751 704 785 ad
739 750 869 784 alterum
894 750 932 784 de
964 750 1074 784 electis

325 801 474 836 accedere
502 801 624 835 valeant
651 800 888 840 discordantes,
923 799 999 833 alias
1027 800 1074 833 vi-

325 853 468 886 sitatores
505 850 550 884 rel
585 851 723 897 ipsorum
752 850 851 884 maior
887 862 957 896 pars
997 849 1072 883 iufra

324 901 455 935 biduum
478 900 648 935 certificare
680 908 855 939 teneantur,
888 911 982 946 quem
1007 911 1075 932 ma-

324 950 436 984 luerint
451 950 489 984 de
504 950 620 984 electis.
635 949 826 996 Assumptus
839 958 942 983 antem
954 976 961 987 ,
980 948 1074 982 modo

324 1000 495 1046 praemisso
525 998 569 1033 vel
593 1000 668 1033 alias
694 1012 708 1033 a
746 999 852 1032 maiori
895 1005 992 1045 parte,
1021 998 1076 1032 of-

324 1050 429 1083 ficium
470 1061 530 1084 nou
568 1048 664 1095 possit
705 1061 847 1083 recusare
881 1047 941 1081 sub
975 1060 1073 1095 poena

325 1099 508 1145 privationis
535 1099 650 1144 gratiae
666 1098 739 1132 dicti
759 1097 879 1144 collegii
898 1110 951 1143 per
974 1104 1073 1131 totum

325 1149 413 1182 illum
441 1161 572 1183 3311331.

373 1198 393 1245 g
431 1201 487 1232 21.
530 1198 659 1232 Proviso
693 1206 794 1231 tamen
840 1196 922 1243 qnod
958 1196 1076 1230 electus

325 1260 389 1282 uno
423 1260 506 1282 anno
541 1260 602 1281 non
640 1247 736 1293 possit
777 1258 859 1279 anuo
895 1245 1076 1280 immediate

323 1298 468 1344 sequenti
496 1297 626 1341 assumi,
655 1297 711 1330 nisi
741 1295 1012 1329 consentientibus
1039 1307 1075 1329 ex

324 1359 408 1381 mera
435 1346 618 1381 liberalitate
651 1345 773 1379 duabus
802 1345 941 1391 partibus
978 1344 1076 1390 ipsius

322 1396 461 1442 collegii:
485 1396 538 1442 qui
566 1403 682 1434 autem,
707 1406 909 1441 quocumque
935 1393 1077 1440 quaesito

322 1446 439 1485 colore,
463 1445 676 1492 procuraverit
694 1458 727 1477 se
746 1443 817 1490 eligi
833 1456 916 1477 anno
937 1443 1076 1477 secundo

322 1495 503 1530 immediate
525 1495 682 1541 sequenti,
705 1494 742 1527 sit
761 1501 913 1540 perpetuo
932 1492 1077 1527 inhabilis

321 1545 359 1580 ad
387 1544 611 1592 quodcumque
629 1543 765 1578 officium
781 1543 810 1576 in
834 1543 917 1577 (licto
940 1542 1076 1588 collegio

321 1593 543 1634 obtinendum,
558 1602 588 1628 et
612 1593 817 1628 nihilominus
840 1592 951 1627 electio
974 1592 1013 1626 sit
1040 1604 1077 1626 eo

322 1646 390 1691 ipso
413 1644 512 1679 nulla:
537 1643 630 1678 simili
662 1642 755 1677 inodo
779 1642 861 1676 nulla
894 1643 932 1676 sit
967 1642 1077 1676 electio

321 1695 396 1728 alias
420 1694 531 1728 idonea
559 1694 597 1727 ile
620 1692 790 1727 eodem-ad
815 1693 941 1726 tertium
957 1704 1075 1725 annum

322 1744 418 1784 facta;
446 1745 472 1778 si
503 1752 606 1778 autem
631 1755 703 1777 casu
740 1749 894 1781 occurrat,
937 1754 998 1788 quo
1032 1741 1077 1775 sic

321 1794 455 1833 electum
498 1806 531 1828 se
580 1792 742 1827 absentare
785 1804 821 1825 ex
864 1791 941 1825 iusta
985 1803 1076 1825 causa

323 1851 475 1890 oporteat,
499 1843 641 1889 exposita
671 1854 725 1888 per
746 1854 818 1876 eum
844 1841 927 1875 (licto
947 1841 1078 1887 collegio

324 1904 378 1938 per
412 1901 482 1927 octo
518 1893 585 1926 dies
625 1900 696 1926 ante
738 1903 895 1925 recessum
940 1891 1077 1936 legitima

324 1954 418 1976 causa
441 1942 613 1985 absentiae,
646 1954 681 1975 ac
705 1940 825 1975 reddita
855 1940 1000 1987 primitus
1029 1952 1078 1974 ra-

325 1992 408 2025 tione
445 1992 483 2026 de
511 1991 735 2026 administratis
763 2004 818 2037 per
840 2003 924 2029 eum,
953 1990 1079 2037 permit-

326 2042 542 2088 timus,.quod
572 2042 637 2087 ipse
665 2054 735 2075 cuni
765 2040 953 2074 consiliariis
982 2040 1079 2086 possit

326 2109 421 2130 unum
451 2096 612 2138 idoneum,
635 2096 685 2141 qui
718 2095 861 2129 eamdem
892 2102 1077 2141 potestatem

324 2150 446 2189 habeat,
468 2150 504 2183 ad
528 2150 607 2184 duos
635 2162 759 2183 menses
783 2157 901 2182 tantum
931 2149 998 2183 loco
1030 2150 1078 2182 531

323 2204 507 2250 subrogare,
530 2203 646 2250 quibus
661 2204 785 2248 elapsis,
801 2203 844 2237 vel
858 2203 950 2237 etiam
966 2216 980 2237 a
999 2204 1080 2249 prin-

323 2260 404 2305 cipio
431 2260 575 2305 exposito
597 2258 635 2292 de
665 2259 772 2292 maiori
800 2270 884 2292 mora
902 2286 910 2300 ,
941 2259 992 2292 liat
1024 2271 1078 2305 pro

324 2314 449 2348 residuo
471 2315 542 2347 anni
572 2313 655 2347 illius
682 2313 792 2347 electio
816 2325 905 2351 nora,
935 2312 1029 2347 inodo
1048 2321 1078 2347 et

325 2368 421 2402 forma
445 2368 646 2414 supradictis.

373 2422 392 2469 S
414 2424 470 2456 ⁶22.
496 2421 542 2456 Ad
567 2422 753 2455 electionem
779 2434 850 2455 xffeio
875 2434 918 2467 pr
912 2422 1075 2455 iemissam

138 2477 166 2498 ⁰²
183 2481 252 2499 “me
271 2479 308 2498 ²¹²¹·
326 2477 370 2511 iel
394 2476 472 2511 alios
495 2484 644 2510 tractatus
667 2489 721 2509 seu
742 2476 841 2509 (1111(111
872 2475 993 2515 colleoii
1022 2475 1079 2509 ad·-

125 2510 273 2531 mittendorum
285 2511 309 2531 ad

124 2539 201 2560 officia.

326 2531 402 2565 131111
428 2530 586 2574 nolumus,
611 2531 668 2563 3151
694 2530 771 2567 illos,
800 2531 852 2577 qni
871 2530 1077 2576 quartumde-

324 2586 440 2620 cimum
469 2586 577 2620 aetatis
605 2598 679 2620 snae
703 2598 819 2619 annunt
848 2586 1019 2631 attigerint,
1044 2593 1076 2619 ut

1745 236 1814 268 549

1113 302 1233 335 all'erat:
1258 301 1398 347 singulos
1421 309 1523 335 tamen
1542 300 1685 335 volumus
1708 314 1778 335 curn
1794 300 1863 334 aliis

1115 351 1215 385 vocari
1240 358 1270 384 et
1293 350 1426 394 admitti,
1446 359 1478 384 ut
1501 350 1641 384 ediscant
1665 359 1693 384 et
1715 350 1754 385 de
1773 362 1864 397 nego-

1115 401 1163 435 tiis
1199 400 1312 434 domus
1352 400 1492 435 notitiam
1532 400 1680 434 habeant:
1717 400 1802 447 quod
1839 401 1862 434 si

1114 450 1206 484 suerit
1227 449 1368 497 quaestio
1391 449 1429 483 (le
1445 458 1556 489 aetate,
1579 450 1864 484 stetui-iuramento

1113 501 1319 534 asserentium
1344 513 1376 533 se
1398 512 1514 533 anuum
1538 507 1682 546 quartum
1706 500 1862 534 decimum

1113 549 1265 596 attigisse,
1280 557 1309 583 et
1333 549 1413 583 idem
1439 549 1467 582 in
1491 549 1559 583 aliis
1581 549 1717 594 casibus,
1740 549 1770 583 in
1794 550 1865 596 qui-

1115 599 1173 633 hus
1200 599 1237 633 ‹le
1266 606 1364 634 aetati,
1392 598 1532 653 quaestio
1559 598 1684 632 orietur.

1162 649 1182 696 S
1208 651 1265 682 25.
1302 648 1421 682 Verum
1454 649 1524 702 quia
1560 648 1644 702 quod
1677 661 1692 682 a
1725 648 1866 703 pluribus

1114 699 1277 754 quieritur
1322 698 1443 732 facilius
1485 698 1659 736 finientium
1697 699 1866 732 statuimus

1114 749 1205 783 etiam
1234 757 1262 782 et
1290 748 1484 790 ordinamus,
1511 747 1742 793 quodsingulis
1765 748 1866 790 annis,

1114 798 1257 845 expedita
1286 797 1438 832 electione
1454 797 1596 836 rectoris,
1613 782 1722 830 eadem
1745 797 1797 831 die
1820 798 1865 831 vel

1116 848 1295 882 immediate
1322 847 1478 894 sequenti,
1506 859 1561 894 per
1583 847 1685 892 ipsum
1716 854 1867 881 rectorem

1116 910 1242 937 norum,
1270 898 1324 944 qui
1350 897 1430 931 duas
1458 909 1550 931 voces
1579 895 1701 935 habeat,
1733 904 1763 930 et
1790 896 1869 931 alios

1115 948 1273 982 scholares
1301 947 1457 993 eligantur
1486 959 1541 994 per
1559 945 1687 980 cedulas
1716 946 1745 980 in
1770 947 1870 980 mani-

1117 997 1175 1031 bus
1219 997 1349 1031 rertoris
1384 1003 1503 1031 secrete
1541 1003 1702 1044 porrectas
1735 1003 1871 1042 quatuor

1116 1046 1285 1081 consiliarii
1319 1046 1512 1081 sufficientes
1545 1053 1575 1080 ct
1611 1045 1730 1092 providi
1763 1046 1871 1080 cuius—

1116 1109 1253 1143 cumque
1268 1096 1402 1130 natiouis
1418 1096 1562 1133 existant,
1578 1103 1607 1129 et
1626 1095 1681 1140 illi,
1698 1095 1781 1129 nulla
1795 1095 1871 1130 iuris

1118 1146 1214 1180 forma
1243 1146 1420 1185 observata,
1455 1154 1508 1179 aut
1544 1145 1647 1199 aliqua
1687 1145 1872 1192 exceptione

1116 1195 1267 1234 admissa
1296 1202 1519 1242 assumantur
1543 1207 1596 1241 qui
1638 1194 1744 1240 plures
1779 1206 1872 1228 voces

1119 1245 1296 1287 habuerint,
1323 1245 1415 1278 etiam
1451 1243 1685 1291 comparatione
1712 1243 1870 1277 minorum

1120 1294 1265 1340 partium.
1289 1294 1351 1335 Qui
1377 1293 1505 1340 quidem
1538 1301 1602 1328 toto
1627 1292 1678 1327 illo
1702 1305 1784 1327 anno
1807 1293 1874 1327 sol-

1119 1344 1232 1377 licitam
1257 1356 1364 1377 curam
1389 1351 1419 1377 et
1447 1342 1571 1377 fidelem
1600 1342 1721 1388 collegii
1751 1350 1811 1377 tam
1841 1343 1871 1376 in

1118 1392 1336 1440 spiritualibus
1371 1405 1465 1439 quam
1490 1393 1519 1426 in
1549 1391 1778 1438 temporalibus
1813 1404 1872 1425 una

1118 1455 1189 1476 cum
1215 1451 1335 1477 rectore
1363 1442 1509 1482 habeant,
1547 1453 1604 1476 nec
1643 1453 1698 1488 pro
1732 1441 1873 1476 absentia

1120 1493 1259 1538 ipsorum
1283 1492 1394 1526 electio
1418 1504 1507 1532 nova,
1531 1491 1584 1526 sed
1613 1490 1746 1538 simplex
1766 1490 1875 1525 subro-

1118 1542 1201 1588 gatio
1231 1550 1351 1576 1331331
1391 1554 1445 1588 per
1481 1549 1634 1576 rectorem
1670 1549 1701 1575 et
1736 1541 1875 1588 reliquos

1119 1592 1316 1626 consiliarios
1345 1592 1410 1625 sieri
1434 1590 1547 1637 debeat
1565 1618 1573 1634 ‚
1607 1590 1730 1636 proviso
1757 1598 1873 1630 tamen,

1119 1642 1204 1688 quod
1230 1642 1334 1676 nullus
1362 1641 1475 1675 horum
1505 1640 1603 1687 possit
1625 1639 1751 1674 duobus
1784 1640 1876 1674 annis

1121 1690 1299 1725 immediate
1327 1690 1534 1738 sequentibus
1561 1689 1597 1724 ad
1628 1690 1712 1724 idem
1735 1689 1873 1724 officium

1119 1741 1250 1783 assumi,
1279 1752 1335 1775 nec
1358 1739 1454 1775 semel
1475 1740 1593 1774 electus
1617 1739 1714 1786 possit
1736 1739 1873 1774 officium

1121 1802 1264 1825 recusare
1293 1790 1353 1825 sub
1381 1802 1479 1837 poena
1520 1789 1704 1836 privationis
1737 1789 1872 1824 vestiarii

1121 1848 1215 1874 totius
1237 1852 1323 1874 anni.

1168 1891 1188 1937 ἓ
1215 1892 1272 1924 24.
1300 1890 1374 1924 Post
1398 1889 1456 1924 hoc
1471 1898 1593 1928 autem,
1618 1888 1764 1934 praestito
1787 1888 1875 1935 prius

1121 1941 1296 1975 iuramento
1321 1952 1374 1986 per
1396 1938 1556 1974 scholares
1585 1939 1615 1971 in
1646 1938 1791 1973 inanibus
1819 1951 1874 1973 re-

1121 1991 1226 2031 ctoris,
1249 1990 1332 2037 quod
1363 1988 1486 2023 fidelem
1524 1996 1554 2023 et
1578 1987 1726 2022 idoneum
1750 1988 1876 2023 thesau-

1122 2041 1237 2074 rarium
1261 2047 1436 2081 assument,
1453 2038 1563 2074 eadem
1584 2038 1634 2072 (lie
1655 2038 1700 2072 rel
1714 2039 1872 2085 sequenti,

1120 2091 1252 2136 eligatur
1265 2103 1301 2125 eo
1317 2089 1422 2130 modo,
1434 2102 1498 2136 quo
1511 2088 1694 2131 consiliarii,
1707 2100 1789 2122 unus
1802 2088 1875 2123 the-

1120 2140 1280 2175 saurarius
1314 2140 1590 2182 ultramontanus,
1620 2137 1701 2172 idest
1737 2138 1873 2172 nationis

1120 2190 1271 2231 Gallicae,
1296 2190 1396 2224 fidelis
1427 2197 1455 2223 et
1487 2197 1636 2236 expertus
1667 2187 1705 2222 de
1740 2199 1873 2222 numero

1120 2240 1337 2283 scholarium,
1371 2239 1424 2286 qui
1455 2239 1603 2285 pecunias
1624 2237 1749 2284 collegii
1778 2237 1874 2271 modo

1121 2290 1249 2324 inferius
1279 2290 1408 2324 limitato
1445 2288 1625 2323 fidelissime
1653 2286 1810 2322 custodiat
1843 2295 1872 2322 et

1120 2340 1298 2374 distribuat.

1169 2394 1183 2433 ξ
1206 2392 1263 2424 ⁶25.
1287 2389 1450 2423 praefatus
1466 2400 1537 2422 vero
1565 2396 1665 2422 rector
1687 2387 1732 2421 sic
1753 2386 1873 2421 electus

1121 2441 1148 2473 iii
1175 2439 1321 2474 manibus
1344 2439 1472 2472 rectoris
1505 2437 1622 2484 antiqui
1659 2449 1717 2471 nec
1752 2448 1814 2470 non
1843 2444 1874 2471 et

1119 2489 1303 2528 consiliarii,
1322 2501 1356 2523 ac
1373 2488 1582 2522 thesaurarius
1597 2487 1625 2521 in
1641 2486 1785 2520 manibus
1801 2487 1872 2521 novi

1119 2549 1189 2573 ante
1225 2539 1319 2573 ullam
1362 2538 1677 2576 administrationem.
1708 2544 1873 2584 praesente

1119 2598 1182 2623 toto
1204 2589 1336 2635 collegio
1365 2588 1409 2622 vel
1434 2587 1541 2622 maiori
1572 2595 1668 2633 parte,
1692 2587 1782 2620 tactis
1816 2598 1873 2620 sa—

325 2640 468 2675 videlicet
499 2652 608 2674 eorum
639 2652 695 2674 vox
731 2640 913 2685 suffragium
948 2640 1075 2687 aliquod
1118 2639 1289 2674 crosanctis
1305 2636 1719 2685 Evangeliis,iurent,quod
1736 2636 1873 2671 officium

1877 246 1926 270 An.
1946 244 1964 269 C
1996 244 2059 270 t57·2

1889 657 1917 677 De
1928 656 2055 676 rnnsitiartts

1902 1897 1931 1918 De
1962 1898 2075 1919 thesaura-

1909 2393 2054 2414 praefatorum

1889 2424 2008 2445 officialium
2019 2426 2077 2445 iura-

1888 2460 1987 2477 menium.
