2274 3265
251 278 255 283 .
275 257 302 284 C.
318 256 383 282 1533

221 467 296 490 Divino
307 468 387 491 quoque

207 499 306 518 bonorum
316 500 335 516 et
343 496 390 516 red-

208 530 283 549 itionum
292 530 345 549 'inter
355 527 389 547 ab·

208 561 266 580 batos
291 563 311 580 et
335 564 387 579 con-

208 595 282 611 ventu·
306 593 388 610 vetatur

208 623 244 643 nub
260 623 333 648 poenis
356 622 387 641 hir

209 655 315 679 οηιιοιιιι

250 2162 383 2189 Equiti-turae

223 2195 295 2221 quihus
306 2195 345 2213 sint
356 2199 404 2213 eou-

224 2226 330 2245 eedendae

450 246 519 278 540

400 310 534 346 eisdem:
559 311 612 344 sed
637 313 666 344 ιιι
692 310 855 344 utilitatem
880 310 1141 346 monasteriorum

402 362 541 409 ipsorum
556 371 610 407 per
622 359 749 394 abbates
760 371 855 406 propr
859 358 903 394 ios
913 367 1142 395 convertantur

450 410 470 457 g
496 414 553 444 57.
575 407 732 456 Quodque
756 409 835 443 inter
861 408 988 443 abbates
1010 417 1040 443 ct
1067 421 1144 444 con—

403 467 524 500 ventus,
560 467 611 493 aut
638 458 784 494 officiales
805 458 938 493 alicuius
966 457 1143 493 monasterii

403 508 475 543 dicti
503 508 644 549 ordinis,
671 521 867 555 nequaquam
892 508 941 544 liat
963 508 1060 543 sectio
1087 507 1144 542 bo-

403 571 529 602 norum,
552 558 721 598 fructuum,
745 557 924 592 reddituum
949 557 993 592 vel
1012 570 1146 604 proven-

404 615 492 643 tuum
516 620 648 652 eorum,
681 608 734 643 sed
763 607 981 642 communibus
1007 607 1145 654 ipsorum

405 657 512 692 usibus
556 657 756 704 deputentur.
792 657 856 692 Nos
895 657 979 691 enim
1014 669 1147 691 conces-

405 707 509 742 siones
532 708 576 742 vel
604 707 833 753 assignationes
863 706 980 740 eisdem
1009 705 1148 740 monacis

404 757 442 791 de
468 756 560 791 dictis
591 756 763 791 redditibus
798 755 842 789 vel
867 755 1070 802 proventibus
1091 767 1147 789 sen

404 818 513 841 eorum
539 814 623 852 parte
650 813 700 840 aut
738 806 889 852 pensione
915 804 1018 851 aliqua
1042 804 1148 847 factas,

405 869 440 890 ac
479 856 635 890 sectiones
665 855 818 889 bonorum
853 866 910 888 seu
938 852 1149 888 discretiones

406 905 574 948 fructuum,
597 903 775 938 reddituum
801 903 845 937 vel
863 910 1073 949 proventuum
1089 902 1150 936 Ιιιι-

407 954 551 993 iusmodi,
577 954 601 987 si
623 964 703 999 quae
725 953 822 987 factae
844 960 928 995 suut,
951 952 1086 987 totaliter
1101 964 1151 986 re-

407 1015 563 1038 vocamus.
588 1001 726 1036 Abbates
746 1015 829 1041 vero,
845 1001 897 1048 qui
913 1001 1065 1048 deinceps
1084 1013 1149 1047 por·

408 1055 510 1087 tiones
533 1051 707 1099 praedictas
733 1060 786 1086 aut
813 1051 969 1086 sectiones
990 1064 1046 1085 seu
1071 1051 1152 1085 divi-

407 1103 513 1138 siones
546 1100 726 1136 liuinsmodi
763 1100 917 1135 bonorum
953 1108 983 1135 et
1019 1100 1151 1135 aliorum

410 1151 616 1199 praefatorum
636 1150 894 1185 monasteriorum
918 1162 1044 1184 suorum
1070 1149 1153 1185 sece-

410 1203 468 1235 rint
496 1200 542 1235 vel
572 1200 635 1235 lieri
663 1198 887 1241 concesserint,
919 1207 971 1234 aut
1001 1199 1153 1234 hactenus

410 1251 503 1285 lactas
534 1261 658 1284 servare
695 1249 915 1296 permiserint,
943 1249 1151 1296 deponantur

411 1299 530 1335 Monaci
553 1308 669 1343 autem,
696 1299 748 1346 qui
785 1298 950 1345 praedictis
985 1299 1154 1333 restiterint

412 1350 455 1384 vel
479 1348 738 1405 impedimentum
763 1360 817 1395 per
839 1361 871 1383 se
894 1348 939 1382 vel
955 1348 1049 1382 alium
1065 1360 1155 1395 prae-

411 1400 612 1434 stiterintseu
637 1397 784 1445 praestari
809 1397 1053 1445 ρι’·-οουῐίὶιθιίιιῐ,
1070 1406 1155 1432 tanto

412 1458 551 1496 tempore
573 1448 688 1482 carceri
713 1448 944 1494 mancipentur,
967 1455 1086 1494 quanto
1100 1446 1156 1481 al)-

414 1499 474 1532 bati
502 1510 555 1532 seu
587 1497 648 1532 alio
680 1496 842 1544 principali
877 1496 1014 1551 praelato
1047 1508 1155 1531 eorum

414 1550 513 1583 visum
541 1547 633 1581 suerit
655 1546 820 1593 expedire,
842 1546 916 1580 acsi
935 1546 1025 1580 etiam
1054 1545 1156 1580 abbati

415 1597 459 1632 vel
488 1597 546 1643 ipsi
570 1595 734 1643 principali
769 1595 911 1650 praelato·
931 1595 960 1629 in
989 1595 1047 1630 hoc
1074 1607 1156 1629 con-

414 1646 607 1686 tradixerint,
624 1654 775 1692 perpetuo
797 1644 912 1679 carceri
928 1644 1156 1691 mancipentur.

414 1695 587 1730 Abbatibus
614 1707 685 1729 vero
719 1694 941 1738 benemeritis,
968 1693 1021 1740 qui
1047 1694 1159 1728 volun-

415 1745 489 1780 tarie
511 1752 670 1779 cesserunt
695 1744 738 1778 vel
767 1743 880 1778 cedent
908 1743 937 1777 in
976 1751 1159 1790 posterum,

414 1794 570 1829 sufficiens
603 1802 633 1828 et
661 1806 798 1840 congrua
822 1793 970 1840 provisio,
999 1801 1089 1839 prout
1104 1792 1160 1827 ab·

416 1844 474 1879 bati
489 1852 519 1879 et
537 1843 639 1878 abbati
662 1843 839 1878 successori
870 1842 1011 1878 cedentis
1028 1842 1160 1886 abbatis,

415 1894 453 1928 de
480 1893 610 1929 consilio
633 1894 790 1928 seniorum
820 1892 858 1927 de
893 1900 1048 1927 conventu
1078 1892 1161 1926 illius

417 1944 611 1988 monasterii,
631 1944 723 1979 cuius
751 1943 893 1989 regimini
923 1942 1017 1977 cessit
1046 1941 1090 1976 vel
1109 1955 1162 1976 ce-

417 1996 489 2035 det,
513 1995 612 2030 visum
647 1994 763 2038 fuerit,
798 1994 975 2040 assignetur
1009 2000 1036 2027 et
1068 1992 1160 2026 etiam

418 2046 613 2094 praebeatur.

466 2102 485 2149 g
508 2103 563 2136 58.
593 2100 631 2135 Et
647 2108 678 2134 ut
700 2099 803 2134 omnis
825 2098 1014 2144 evagationis
1036 2110 1071 2132 ac
1091 2097 1163 2131 inu-

419 2157 516 2191 tilium
549 2167 756 2202 expensarum
792 2153 916 2188 occasio
938 2152 1163 2191 subtrabatur,

419 2212 601 2246 auctoritate.
634 2209 812 2244 inhibemus
838 2207 948 2242 eadem
967 2235 974 2246 ,
1003 2219 1040 2240 ne
1069 2207 1164 2252 quis-

420 2278 511 2311 quam
537 2277 686 2298 monacus
710 2263 754 2297 vel
771 2274 941 2297 conversus
956 2261 1030 2295 dieti
1046 2261 1165 2294 ordinis

421 2320 648 2365 cuiuscumque
663 2327 763 2353 status
777 2317 821 2351 vel
841 2316 1029 2351 conditionis
1044 2316 1166 2358 existat,

422 2376 629 2423 equitaturam
647 2381 752 2407 tenere
777 2379 964 2419 praesumat,
988 2370 1166 2409 cellarariis,

424 2428 678 2477 procuratoribus
705 2436 735 2462 et
754 2428 953 2475 grangiarum
977 2425 1167 2472 gubernato-

426 2485 509 2519 ribus
545 2484 704 2517 dumtaxat
738 2482 901 2528 exceptis,
929 2480 1045 2528 quihus
1072 2479 1168 2513 abbas

427 2539 521 2585 possit
551 2539 609 2574 hoc
631 2538 669 2572 de
692 2550 751 2572 una
777 2545 895 2571 tanturn
924 2535 1115 2572 concedere,
1143 2532 1166 2567 si

430 2594 536 2629 viderit
569 2592 727 2640 expedire.
759 2590 938 2626 Cellarariis
970 2597 1072 2624 tamen
1113 2587 1169 2622 Ci-

429 2649 645 2683 sterciensinrn
669 2655 697 2681 et
733 2645 864 2681 aliorum
899 2652 1030 2693 quatuor
1060 2655 1171 2678 mona-

971 254 1070 277 BULLA
1076 254 1154 276 tuum
1184 253 1293 276 ROMAN
1300 253 1343 275 [ΞΜ

1185 309 1350 343 ster-iorum
1385 306 1515 341 totidem
1547 305 1764 360 principalium
1793 305 1924 339 siliarum

1187 357 1415 411 praedictarum
1452 355 1531 389 dnae
1572 355 1692 401 possint
1732 354 1927 401 equitaturae

1186 406 1328 445 concedi,
1356 419 1379 440 si
1408 418 1516 440 eorum
1544 403 1708 439 abbatibus
1730 404 1877 439 videatur

1235 457 1254 503 ,ξ
1277 458 1332 491 59
1353 455 1506 497 Quamvis
1532 462 1635 488 autem
1660 460 1766 488 contra
1783 465 1928 488 monacos
1943 461 2054 517 h‘uffir'aw
2058 466 2127 517 ¹¹ss⁶ss-

1945 526 2016 543 tatem.

1188 505 1419 553 proprietarios,
1447 504 1586 551 exceptis
1614 502 1929 547 administratoribus,

1187 556 1226 590 sit
1261 555 1351 602 plene
1387 567 1545 601 provisum
1581 565 1634 601 per
1660 553 1827 587 canonicas
1852 564 1932 587 san—

1188 606 1329 649 ctiones,
1369 616 1438 639 eum
1473 603 1627 639 abdicatio
1662 602 1860 649 proprietatis
1893 601 1932 636 sit

1189 666 1308 689 annexa
1331 653 1458 701 regulae
1481 653 1651 693 monacali,
1674 664 1731 687 nos
1745 660 1848 686 tamen
1864 663 1934 698 spe-

1190 703 1300 738 cialius
1347 681 1509 751 providere
1545 701 1683 737 volentes
1720 708 1826 736 contra
1866 701 1934 735 illos

1192 765 1340 788 monacos
1366 762 1396 788 et
1422 763 1591 787 conversos
1621 751 1694 786 dicti
1722 750 1853 789 ordinis,
1880 750 1933 797 qui

1190 815 1264 836 suae
1291 802 1400 836 salutis
1413 801 1513 844 obliti,
1525 808 1631 836 contra
1655 800 1827 847 regularem
1851 800 1936 834 insti-

1192 851 1355 891 tutionem,
1388 850 1520 898 pecunia
1548 859 1745 897 congretrata,
1768 849 1845 893 iura,
1869 862 1936 896 pos-

1191 901 1359 944 sessiones,
1381 899 1532 940 redditus,
1553 900 1730 947 pensiones,
1749 899 1894 934 animalia
1907 907 1937 934 et

1192 951 1249 985 alia
1282 949 1362 984 bona
1399 960 1543 985 emerunt
1569 961 1624 984 seu
1652 962 1711 984 emi
1742 949 1882 984 recerunt
1908 956 1938 983 et

1194 999 1322 1040 faciunt,
1349 998 1518 1046 aliquando
1554 998 1680 1045 proprio
1707 1006 1737 1032 et
1764 1010 1857 1045 saepe
1880 1010 1948 1032 n0-·

1195 1050 1278 1083 mine
1300 1048 1414 1092 alieno,
1441 1048 1548 1083 multis
1574 1060 1668 1094 super
1700 1047 1749 1082 liis
1782 1046 1939 1094 figmentis

1193 1097 1354 1139 adhibitis,
1376 1098 1508 1145 aliisque
1536 1097 1599 1144 ipsa
1636 1096 1762 1132 tradunt
1795 1096 1939 1131 animalia

1195 1147 1371 1188 nutrienda,
1400 1156 1431 1182 et
1457 1160 1528 1182 cum
1558 1155 1728 1194 augmento
1762 1145 1808 1181 vel
1842 1145 1940 1185 lucro,

1195 1198 1252 1232 sibi
1290 1197 1335 1232 vel
1372 1197 1459 1232 alteri
1492 1196 1650 1232 reddenda
1682 1207 1789 1230 eorum
1816 1194 1942 1229 nomine

1195 1260 1250 1282 seu
1275 1259 1330 1294 pro
1358 1246 1444 1293 ipsis,
1467 1254 1497 1280 et
1523 1245 1600 1281 alios
1626 1246 1741 1280 multos
1763 1251 1943 1279 contractus

1196 1305 1354 1344 tamquam
1384 1296 1597 1342 negociatores
1629 1302 1792 1335 exercent3
1821 1306 1942 1329 necnon

1197 1353 1379 1393 appetentes
1410 1345 1494 1380 luera
1518 1346 1618 1392 turpia
1641 1352 1671 1378 et
1703 1351 1860 1379 sectantes
1888 1356 1943 1397 pe-

1198 1396 1314 1430 culium
1351 1395 1510 1430 occultant
1537 1402 1567 1429 et
1602 1393 1707 1428 illicite
1738 1392 1879 1428 detinent
1913 1405 1942 1426 in

1198 1457 1324 1481 suarum
1346 1444 1521 1491 periculum
1549 1444 1738 1487 animarum,
1760 1443 1945 1477 auctoritate

1200 1494 1334 1542 praefata
1361 1494 1588 1533 decernimus,
1616 1493 1720 1527 omnia
1750 1492 1919 1538 praemissa
1936 1517 1945 1534 ,

1200 1557 1280 1591 quae
1304 1552 1406 1578 tamen
1430 1543 1505 1577 alias
1524 1542 1713 1577 restitutioni
1741 1554 1804 1576 non
1836 1540 1944 1575 subia-

1199 1602 1289 1629 ceant
1310 1592 1454 1633 aliornm,
1478 1592 1542 1627 lore
1577 1603 1631 1638 per
1652 1591 1780 1626 abbates
1803 1590 1946 1645 proprios

1201 1642 1399 1677 monasteriis
1422 1642 1559 1688 propriis
1579 1640 1777 1688 applicanda,
1799 1640 1874 1674 etin
1893 1638 1946 1674 uti-

1202 1693 1316 1726 litatem
1346 1691 1486 1738 ipsorum
1521 1691 1781 1725 monasteriorum
1813 1688 1948 1723 totaliter

1202 1741 1419 1776 convertenda.
1443 1740 1601 1787 Quodque
1630 1740 1687 1786 ipsi
1712 1738 1840 1774 abbates
1854 1738 1947 1773 alicui

1204 1804 1333 1826 monaco
1362 1790 1406 1824 vel
1434 1802 1609 1833 converso,
1638 1789 1705 1824 talia
1741 1787 1874 1823 faciendi
1909 1788 1949 1822 li—

1202 1841 1335 1876 centiam
1361 1848 1516 1887 nequeant
1539 1839 1701 1886 impertiri,
1716 1846 1746 1873 et
1770 1837 1854 1885 quod
1877 1836 1950 1872 dicti

1204 1891 1324 1925 monaci
1347 1898 1377 1925 et
1390 1889 1530 1924 conversi
1550 1888 1702 1934 praedicta
1719 1887 1951 1923 committentes

1205 1941 1250 1975 vel
1279 1939 1459 1975 huiusmodi
1489 1938 1690 1986 applicationi
1723 1950 1779 1973 seu
1813 1948 1952 1972 conver—

1204 1990 1283 2026 sioni
1320 1989 1495 2037 aliqualiter
1529 1989 1709 2024 resistentes
1737 1987 1782 2022 vel
1817 1986 1951 2034 impedi-

1206 2049 1347 2076 mentum
1372 2040 1497 2088 publice
1527 2039 1571 2074 vel
1607 2039 1730 2074 occulte
1759 2043 1952 2084 praestantes

1206 2105 1260 2126 sen
1298 2090 1443 2137 praestari
1479 2097 1696 2137 procuranteS,
1732 2096 1761 2122 et
1794 2086 1951 2134 peculium

1208 2141 1399 2188 praedictum
1424 2152 1485 2174 non
1522 2139 1693 2173 revelantes
1723 2147 1752 2172 et
1786 2136 1953 2172 reddentes

1207 2191 1373 2225 abbatibus
1397 2189 1586 2237 praelibatis,
1608 2188 1671 2222 sint
1704 2200 1741 2222 eo
1772 2187 1839 2233 ipso
1864 2186 1954 2221 iulia-

1209 2240 1286 2275 biles
1308 2240 1344 2274 ad
1364 2238 1587 2294 quodcumque
1600 2237 1749 2279 officium,
1758 2236 1955 2271 administra-

1209 2291 1337 2329 tionem,
1363 2290 1499 2335 regimen
1516 2295 1545 2322 et
1560 2287 1823 2334 gubernationem
1841 2299 1954 2333 quam-

1211 2340 1286 2374 libet
1304 2340 1332 2373 in
1357 2339 1467 2374 eodem
1491 2338 1601 2372 ordine
1624 2336 1808 2372 obtinenda:
1830 2336 1955 2382 permit-

1210 2392 1303 2425 timus
1328 2398 1429 2424 tamen
1454 2388 1537 2434 quod
1562 2401 1632 2422 curn
1657 2388 1734 2435 ipsis
1761 2386 1900 2421 monacis
1926 2393 1955 2420 et

1210 2440 1368 2475 conversis
1391 2439 1489 2486 possit
1516 2438 1610 2473 abbas
1632 2450 1740 2472 corum
1764 2450 1858 2483 snper
1887 2449 1957 2482 poe-

1213 2493 1259 2526 uis
1278 2490 1459 2525 huiusmodi
1488 2489 1682 2543 dispensare,
1709 2487 1782 2522 dum
1800 2487 1955 2535 praedicta

1213 2541 1416 2576 revelaverint
1439 2548 1467 2575 et
1492 2539 1582 2586 plene
1610 2538 1814 2577 restituerint,
1829 2536 1957 2584 quaudo

1212 2592 1258 2626 eis
1281 2590 1434 2625 videbitur
1461 2589 1618 2636 expedire.
1642 2587 1782 2622 Monacis
1808 2594 1958 2622 autentet

1212 2641 1372 2677 conversis
1395 2640 1485 2674 etiam
1507 2638 1796 2674 administrationes
1819 2635 1957 2671 babenti-

1941 250 1989 277 Αιι.
2008 249 2034 275 C.
2057 249 2122 275 ¹555
