2274 3265
123 264 169 291 An.
189 264 218 291 C.
240 266 304 292 ¹388

155 370 271 390 tllaiisnlne.

138 1707 260 1729 Prooemium

960 267 1104 289 (intimis
1127 268 1157 289 Vt
1184 268 1229 289 ΙΨ.

323 319 396 353 tatis
431 331 627 367 nequaquam
652 320 859 359 obstantibus
888 321 1011 368 plinam
1042 329 1072 354 et

322 367 450 403 liberam
482 370 615 404 babeant
639 370 829 404 facultatem.

369 418 436 463 §5-
454 418 534 452 Nulli
551 431 625 466 eigo
640 421 771 454 omnino
794 418 958 454 bominum
980 420 1072 454 liceat

322 467 401 501 banc
421 468 563 514 pagiuam
585 469 681 504 nostri
698 469 801 503 statuti
822 476 850 502 et
867 468 1072 504 ordinationis

321 517 502 562 infringere,
525 525 579 551 etc.

369 565 484 600 Datum
530 567 652 601 Perusii
696 568 884 602 duodecimo
925 566 1072 601 kalendas

321 615 408 655 iunii,
432 616 632 662 pontificatus
660 618 756 652 nostri
775 629 858 652 anno
880 616 1057 650 undecimo.

369 677 428 706 Dat.
451 678 498 707 die
516 677 548 706 at
573 678 640 708 maii
661 678 746 715 1388,
770 679 871 718 pontis.
891 688 967 708 anno
984 687 1020 707 xi.

658 806 725 840 XV.

322 877 417 910 Terra
444 878 561 911 Montis
585 879 709 922 Reqali's
738 882 840 920 (iiiinc
867 880 957 922 rulqo
980 878 1071 912 Mon-

365 926 457 968 dovi)
479 929 511 959 in
526 928 689 970 civilatem,
711 935 737 960 el
750 928 886 961 Ecclesia
901 930 935 962 S.
954 929 1073 962 Donati

365 977 397 1008 in
419 977 624 1010 cathedralem
651 978 781 1020 eriyitur
803 979 859 1020 (l).

592 1045 805 1076 SUMMARIUM

316 1101 506 1133 Prooemium.
533 1119 572 1124 —
604 1103 630 1131 1.
656 1102 768 1132 Causae
800 1112 890 1132 noxae
918 1104 1069 1133 faciendae

357 1143 523 1172 erectionis.
541 1143 621 1172 -ῡὶ,
644 1142 758 1172 Erectio
777 1144 966 1182 episcopatus
986 1143 1068 1172 Mon-

358 1182 393 1211 tis
423 1182 551 1219 Regalis.
570 1199 608 1204 —-
630 1182 657 1211 3.
686 1181 810 1221 Capituli
835 1184 1008 1220 assignatio,
1032 1199 1071 1204 —

355 1221 435 1256 Quae
469 1224 497 1251 in
531 1231 600 1252 nova
636 1222 750 1251 civitate
783 1223 921 1268 episcopo
952 1223 1067 1252 Astensi

355 1262 559 1299 competebant
588 1272 662 1291 novo
691 1262 874 1300 episcopatui
901 1262 1069 1291 concedun-

356 1306 410 1330 tur.
429 1318 467 1323 —-
493 1303 521 1331 4.
543 1302 597 1331 Dos
615 1311 686 1330 novo
706 1302 844 1340 episcopo
867 1306 895 1330 et
913 1302 1065 1330 canonicis

355 1350 369 1368 a
395 1340 549 1371 Communi
582 1350 670 1370 novae
693 1341 816 1370 civitatis
841 1342 944 1370 danda.
968 1357 1005 1362 —
1024 1340 1069 1369 Vi-

355 1381 424 1409 carii
443 1381 505 1410 dos.
522 1398 560 1403 —
575 1381 603 1409 5.
624 1380 783 1409 Uonventio
800 1381 944 1418 quaedam
962 1380 1068 1408 contir-

356 1424 439 1449 mata.
462 1437 501 1441 —
523 1421 549 1449 6.
569 1420 812 1458 Metropoliticum
837 1420 1067 1449 Mediolanensis

352 1458 500 1527 Ecclesiae
519 1461 564 1488 ius
581 1468 669 1498 supra
690 1468 791 1488 novam
807 1459 978 1488 Ecclesiam.
992 1476 1030 1480 —
1042 1460 1067 1488 7.

386 1499 517 1528 ansulae.

356 1566 478 1594 Urbanus
507 1567 648 1601 episcopus
676 1572 773 1594 servus
802 1572 940 1594 servorum
960 1565 1020 1598 Dei.

447 1612 480 1639 ad
514 1612 673 1646 perpetuam
696 1611 737 1638 rei
764 1611 932 1638 memoriam.

362 1660 503 1695 Salvator
540 1669 665 1703 noster,
703 1660 795 1693 cuius
828 1660 917 1693 nutui
956 1668 1065 1694 cuncta

311 1709 524 1754 subserviunt,
541 1711 569 1744 in
593 1722 668 1755 agro
692 1710 784 1743 liuius
801 1709 910 1743 mnndi
930 1722 1065 1743 messem

312 1759 440 1793 multam
470 1768 498 1793 et
527 1760 743 1806 operariorum
774 1760 928 1792 raritatem
966 1766 1068 1792 atten-

311 1809 399 1849 dens,
409 1808 572 1843 dominum
588 1820 699 1842 messrs
710 1808 884 1853 rogandum
900 1817 932 1841 ut
945 1807 1065 1841 inillam

311 1858 471 1912 operarios
495 1859 642 1896 mitteret
665 1858 798 1891 censuit
825 1857 892 1890 Et
887 1869 951 1903 ipse
978 1856 1065 1891 Idem

312 1907 421 1941 exiens
445 1919 536 1941 mane
556 1907 649 1940 veluti
670 1916 760 1960 *patei
775 1906 905 1940 familias
921 1905 1065 1946 ‹titio-eus

314 1956 398 1989 boris
436 1957 528 1990 variis
555 1956 716 2010 operarios
753 1968 782 1988 ιιι
818 1955 938 1989 vineam
975 1968 1064 1989 suain

314 2005 408 2038 misit
424 2004 609 2039 Romanus
605 2015 709 2051 itaque
727 2004 882 2047 Pontifex
898 2004 950 2050 qui
974 2004 1065 2043 sicut

312 2054 422 2088 codem
451 2054 588 2088 Domino
610 2054 809 2100 disponente
830 2054 965 2087 vicarius
988 2052 1066 2087 Eius

314 2105 343 2137 ιιι
372 2103 461 2137 terris
496 2116 565 2138 esse
588 2103 794 2148 dignoscitur
830 2112 859 2136 et
888 2103 932 2136 sic
962 2101 1067 2148 Ipsius

313 2152 444 2193 actibus,
469 2153 497 2186 in
522 2160 675 2199 quantum
704 2152 777 2186 sinit
806 2152 941 2185 bumana
967 2151 1067 2197 fragi—

314 2201 393 2241 litas,
418 2215 450 2235 se
478 2202 674 2236 conformare
699 2211 823 2235 tenetur
840 2229 848 2244 7
878 2201 927 2234 ubi
951 2213 1066 2247 snper-

313 2263 495 2285 cxcrescere
516 2264 664 2290 messem,
689 2251 796 2297 populi
824 2250 968 2284 videlicet
992 2250 1066 2284 mul·

314 2300 499 2344 titudinem,
528 2301 662 2344 viderit,
689 2300 850 2346 operarios
877 2299 973 2333 debet
1001 2312 1066 2346 op-

314 2358 465 2397 portunos
492 2349 640 2388 adiicere,
672 2358 702 2382 et
732 2351 814 2383 iuxta
845 2348 1064 2395 propheticum

313 2399 443 2433 verbnm
455 2411 568 2444 augere
587 2398 776 2442 custodiam,
792 2398 892 2432 locare
908 2397 1066 2438 custodes,

313 2457 342 2482 et
364 2449 501 2483 cultores
529 2448 659 2483 idoneos
682 2448 710 2481 ιιι
735 2447 927 2482 dominicam
946 2447 1065 2481 vineam

314 2499 481 2532 destinare.

362 2547 382 2593 S
413 2551 442 2580 1.
470 2546 552 2580 Cum
578 2547 672 2592 igitur
695 2546 723 2580 in
752 2546 845 2580 Terra
875 2545 912 2579 dc
936 2545 1066 2579 Monte—

316 2597 394 2635 vico,
410 2608 491 2642 quae
515 2597 662 2642 usquein
681 2604 876 2642 praesentem
902 2595 985 2628 diem
1010 2594 1066 2628 fuit

349 2654 388 2688 (l)
409 2653 447 2679 Ex
465 2653 569 2687 aegest.
592 2653 617 2678 in
637 2652 747 2678 Archiv.
771 2652 854 2678 Vatic.

1745 261 1813 293 5309

1113 323 1259 357 Asterisis
1286 323 1461 367 dioecesis,
1495 324 1595 363 adeo
1626 332 1656 358 ut
1694 326 1758 371 ipsa
1795 325 1863 360 [acti

1114 372 1284 406 notorietas
1300 373 1488 416 inanilQestat
1500 352 1704 408 benedicente
1717 366 1898 414 Domino,¹¹

1112 421 1207 455 crevit
1225 421 1331 468 populi
1357 401 1535 466 multituilo,
1560 431 1591 456 ut
1612 431 1692 458 terra
1710 424 1774 470 ipsa
1793 436 1866 471 per-

1113 481 1259 504 sonarum
1285 471 1509 506 numerositate
1533 480 1562 505 et
1579 473 1645 507 aliis
1669 473 1794 507 Domini
1812 474 1866 508 bc-

1114 520 1347 554 nedictionibus
1382 521 1459 554 ultra
1489 522 1627 555 civitates=
1661 522 1864 568 quamplures

1113 569 1152 602 sit
1181 569 1355 609 soecunda3
1391 570 1512 604 accedit
1539 570 1652 609 etiam,
1679 571 1762 618 quod
1792 585 1864 607 cum

1113 618 1252 653 Ecclesia
1276 619 1420 653 Astensis
1443 619 1532 653 latam
1560 627 1589 653 et
1609 620 1751 654 diffusam
1775 621 1864 656 dioe-

1111 669 1207 702 cesim
1226 668 1349 709 babeat,
1366 668 1394 702 in
1411 680 1472 715 qua
1496 669 1620 703 civitate
1638 670 1762 703 Astcnsi
1779 670 1863 716 degit

1113 718 1249 764 populus
1277 729 1476 752 numerosus:
1498 719 1528 752 in
1553 726 1633 752 tanta
1658 730 1861 764 personarum

1113 767 1316 801 multitudine
1332 767 1528 814 singulorum
1545 767 1650 801 vultus
1666 775 1738 814 apte
1755 769 1861 815 nequit

1113 818 1225 852 unicus
1248 825 1353 864 pastor
1380 817 1546 863 inspicere,
1575 827 1627 851 aut
1654 816 1729 851 alias
1760 827 1862 864 partes

1113 867 1183 901 boni
1209 866 1340 914 pastoris
1377 866 1521 913 implere,
1545 874 1655 913 estque
1691 877 1861 900 onerosum

1112 924 1203 963 atque
1232 915 1358 950 difficile
1382 916 1411 950 ιιι
1436 923 1497 950 tam
1521 915 1579 950 lata
1603 923 1633 949 et
1655 915 1766 949 diffusa
1790 915 1864 950 dioe-

1111 967 1173 1000 cesi
1197 965 1233 1000 ad
1267 977 1363 999 unum
1391 972 1511 1000 tantum
1540 977 1554 999 3
1579 972 1622 999 tot
1646 965 1788 1010 personis
1809 977 1864 999 ec-

1111 1015 1295 1049 clesiasticis
1321 1023 1350 1049 et
1380 1014 1549 1049 mundanis
1573 1026 1719 1048 recursus
1743 1014 1861 1048 baberi.

1160 1064 1228 1111 §⁶2-
1245 1064 1310 1099 Nos
1333 1064 1500 1111 praemissa
1524 1071 1639 1098 attenta
1661 1063 1863 1097 meditatione

1112 1122 1282 1160 pensantes
1304 1121 1333 1147 et
1359 1114 1388 1147 in
1412 1112 1470 1147 hac
1487 1112 1594 1160 populi
1612 1112 1756 1147 videlicet
1779 1112 1862 1147 mul—

1111 1163 1245 1197 titudine
1280 1162 1496 1209 operariorum
1538 1162 1659 1196 utilium
1698 1174 1862 1196 numerum

1110 1223 1222 1257 augere
1239 1212 1396 1246 volentes:
1414 1223 1450 1244 ex
1466 1211 1654 1257 quibusdam
1677 1211 1746 1245 aliis
1769 1212 1862 1246 etiam

1111 1261 1349 1295 rationabilibus
1371 1260 1577 1294 suadentibus
1592 1260 1710 1304 causis,
1725 1273 1762 1294 ex
1781 1269 1862 1294 certa

1111 1317 1214 1344 nostra
1238 1309 1388 1352 scientia,
1428 1308 1466 1342 de
1506 1309 1635 1343 fratrum
1682 1318 1862 1344 nostrorum

1109 1359 1242 1393 consilio
1270 1367 1297 1392 et
1327 1357 1518 1405 apostolicae
1547 1357 1746 1404 plenitudine
1775 1367 1864 1405 pote-

1110 1409 1209 1450 statis,
1223 1407 1260 1441 ad
1284 1407 1340 1441 Dei
1365 1407 1489 1440 laudem
1519 1415 1547 1440 et
1571 1407 1702 1452 gloriam
1730 1415 1760 1442 et
1783 1408 1864 1441 exal-

1110 1457 1257 1491 tationem
1286 1456 1446 1490 Ecclesiae
1486 1464 1611 1490 sanctae
1638 1468 1731 1496 suae,
1768 1457 1862 1491 divini

1109 1506 1212 1540 cultus
1235 1514 1474 1551 augumentum,
1492 1505 1695 1552 fideliumque
1718 1506 1863 1545 salutem,

1109 1564 1220 1589 terram
1260 1555 1449 1601 praedictam
1488 1566 1559 1588 cum
1594 1563 1680 1601 parte
1719 1555 1862 1589 ciusdem

1109 1605 1273 1642 dioecesis
1296 1616 1388 1651 quam
1412 1603 1541 1650 quidem
1562 1612 1680 1650 partem
1697 1605 1790 1638 certis
1813 1604 1864 1638 di-

1108 1655 1223 1699 stingui
1258 1653 1411 1687 limitibus
1446 1653 1589 1692 Fecimus
1617 1665 1689 1687 cum
1713 1653 1863 1687 omnibus

1110 1705 1252 1750 personis
1274 1703 1497 1736 ecclesiasticis
1521 1710 1549 1735 et
1569 1702 1784 1736 siet-ularibus
1806 1703 1862 1737 de-

1107 1753 1311 1799 gentil)us,ac
1332 1752 1426 1785 rebus
1441 1751 1649 1785 existentibus
1670 1752 1698 1785 in
1716 1751 1859 1786 eiusdem

1109 1810 1207 1836 terrae
1231 1810 1316 1849 parte
1338 1801 1377 1835 ab
1399 1802 1484 1835 omni
1510 1800 1742 1843 iurisdictione,
1772 1809 1861 1848 pote-

1107 1859 1186 1885 state
1209 1859 1238 1884 et
1265 1850 1461 1884 subiectione
1484 1850 1622 1896 episcopi
1647 1862 1702 1896 pro
1719 1860 1860 1896 tempore

1109 1901 1262 1944 Astensis‚
1296 1908 1324 1933 et
1352 1900 1538 1933 dilectorum
1576 1899 1710 1933 liliorum
1733 1899 1860 1946 capituli

1108 1950 1252 1983 Astensis
1279 1957 1308 1983 et
1346 1948 1486 1982 eiusdem
1520 1948 1665 1982 Astensis
1701 1948 1860 1983 Ecclesiae

1109 2012 1235 2053 prorsus
1258 1999 1426 2031 eximimus
1449 2007 1477 2031 et
1503 2006 1654 2043 perpetuo
1678 1997 1861 2036 liberamus,

1108 2049 1271 2095 ipsamque
1295 2056 1407 2081 terram
1433 2047 1461 2080 in
1478 2047 1633 2080 civitatem
1655 2047 1815 2091 erigimus,
1831 2055 1861 2080 et

1107 2098 1240 2132 civitatis
1259 2097 1348 2131 titulo
1363 2105 1391 2129 et
1409 2096 1551 2141 insigniis
1567 2095 1766 2134 decoramus,
1782 2108 1861 2130 eam-

1107 2164 1168 2198 que
1189 2152 1218 2185 in
1243 2151 1424 2184 memoriam
1443 2149 1642 2183 indelebilem
1657 2161 1861 2195 eorum‚quae

1106 2205 1186 2239 circa
1225 2205 1299 2238 baec
1334 2205 1362 2237 in
1399 2212 1485 2250 parte
1507 2211 1669 2248 geruntur,
1705 2203 1859 2237 civitatem

1107 2258 1223 2293 Montis
1246 2258 1373 2303 Regalis
1395 2257 1554 2304 perpetuis
1573 2256 1687 2290 futuris
1707 2257 1861 2302 tempori—

1109 2313 1166 2346 bus
1190 2312 1334 2346 volumus
1358 2311 1547 2357 nuncupari,
1565 2320 1595 2344 et
1619 2309 1860 2356 insupercolle-

1107 2367 1220 2412 giatam
1238 2366 1410 2400 Ecclesiam
1435 2365 1542 2398 Sancti
1560 2364 1673 2398 Donati
1699 2364 1727 2397 in
1747 2363 1859 2397 liuius—

1108 2420 1191 2454 modi
1216 2431 1293 2453 nova
1329 2419 1451 2453 civitate
1467 2419 1558 2452 sitam
1588 2419 1617 2451 in
1647 2416 1857 2451 cathedralem

1108 2473 1281 2507 Ecclesiam
1305 2472 1451 2506 similiter
1478 2472 1629 2516 erigimus
1651 2479 1681 2505 et
1694 2470 1859 2504 constitui-

1109 2540 1178 2561 mus
1205 2528 1244 2561 de
1271 2526 1404 2560 consilio
1436 2534 1465 2559 et
1503 2534 1654 2571 potestate
1679 2524 1857 2571 praedictis,

1108 2593 1261 2629 sponsum
1286 2581 1446 2627 proprium
1475 2588 1504 2612 et
1530 2580 1692 2614 idoneum.
1707 2578 1775 2612 Deo
1796 2590 1861 2612 au-

1108 2644 1206 2678 ctore⁷
1232 2646 1285 2681 per
1308 2634 1507 2680 Apostolicae
1524 2633 1616 2668 Sedis
1631 2632 1859 2680 providentiam

1881 272 1929 296 Αη.
1951 271 2062 297 s1t388

1879 336 1905 386 (Γ
1899 343 1956 355 aaaaa
1960 342 1970 356 e
1997 343 2063 357 novae

1907 368 1947 387 'ine
1936 368 1976 386 ιιι
1965 374 1989 387 ae
2015 374 2037 388 er
2040 374 2064 388 e<

1858 374 1922 418 ειιι
1916 405 1944 418 ιιι

1885 1069 1970 1089 Erectio
1981 1070 2065 1095 epis-cu-

1878 1104 1938 1126 patus
1987 1100 2063 1121 ttoni-s

1879 1130 1969 1156 negatis.
