2274 3265
109 284 158 310 Αη.
177 284 205 310 C.
225 285 290 310 1522

120 389 160 408 cau
149 395 198 409 usae
255 395 290 408 en-

107 421 125 438 lr
155 425 254 445 episcopa
246 422 290 439 atu·

107 457 125 470 ru
162 456 207 469 mou
225 454 267 469 ster·
260 451 289 485 rio

106 480 136 501 Mu
141 484 181 501 ntis
201 457 226 500 liii

111 2055 194 2076 Erectio
204 2056 237 2080 (de
247 2063 286 2082 qua

101 2088 121 2107 in
137 2087 238 2110 rubri-*ar

111 2539 225 2567 Episcopus
235 2548 244 2560 a
252 2546 276 2561 ea

101 2571 166 2596 pitulo

102 2601 147 2621 dm.

204 2572 287 2597 eligen-

825 284 961 307 roANNEs
985 283 1038 305 xxi
1062 273 1167 313 <dictus
1192 283 1271 312 xxiii
1297 284 1344 305 ιϊ.

353 342 368 381 5
392 340 422 372 1.
458 338 542 373 Sane
569 338 804 373 considerantes
839 338 998 378 attentius,
1022 345 1051 371 et

306 387 383 420 intra
400 387 534 433 pectoris
550 387 682 421 claustra
701 387 902 421 meditatione
917 386 1050 421 sollicita

307 435 510 475 revolventes
524 435 609 482 quod
633 445 693 470 tam
709 436 887 470 dominicus
903 435 1050 482 populus,

261 488 398 531 nlquem
423 485 845 519 foecundatitAltissimus
840 497 868 517 ιιι
894 493 971 517 terra
989 496 1051 517 mo-

304 534 432 568 nasterii
467 533 639 576 casinen„
674 545 767 579 quam
804 532 912 567 fideles
939 532 991 567 alii
1021 533 1049 566 in

303 583 398 617 certis
433 582 509 617 locis
543 582 613 616 aliis
639 582 740 616 dictae
769 590 868 615 terr-ae
891 581 1051 627 contiguis

303 639 333 665 et
356 631 467 666 vicinis
489 631 589 666 eidem
614 630 803 665 monasterio
829 630 981 676 spirituali
1003 631 1051 664 iu-

304 680 485 715 risdictione
506 680 650 720 subiecti,
673 680 726 726 qui
750 679 877 714 alterius
896 679 1051 714 dioecesis

304 742 365 764 non
399 729 549 773 existunt,
584 740 640 762 nec
676 728 835 763 retroactis
858 728 1051 773 temporibus

304 779 486 817 extiterunt,
513 777 702 823 episcopalis
717 777 928 811 solicitudinis
942 790 1049 811 curam

303 836 331 861 et
358 827 551 872 diligentiam
575 826 759 871 exigebant:
789 838 859 860 cunr
877 826 1048 872 periculum

302 885 387 910 esset
410 882 493 909 tanto
521 875 607 920 gregi
636 874 775 909 fidelium
799 875 829 909 in
853 875 987 920 singulis
1002 888 1050 909 ca-

302 925 401 964 sibus,
428 924 481 970 qui
504 932 576 957 sunt
597 924 784 969 pontificalis
805 924 925 958 ordinis
947 933 977 958 et
1001 924 1050 958 os-

303 973 362 1007 licii
380 1001 389 1016 ,
424 973 461 1006 ad
500 972 621 1007 alienos
647 974 813 1019 episcopos
835 981 865 1007 et
892 973 1049 1007 interdum

303 1030 451 1062 remotos,
468 1034 528 1055 non
545 1021 663 1067 absque
684 1022 851 1055 multarum
875 1023 1048 1056 animarum

303 1070 444 1117 periculo
467 1070 583 1105 habere
607 1083 782 1105 recursum.
805 1070 841 1104 ad
863 1070 964 1116 ipsum
979 1083 1049 1116 quo-

302 1132 363 1166 que
391 1119 628 1159 monasterium,
660 1120 742 1165 quod
766 1119 928 1154 confessor
949 1119 1051 1154 almus

301 1169 399 1213 gratia
422 1168 616 1202 Benedictus
632 1176 661 1201 et
684 1168 812 1202 nemine
836 1168 1051 1214 multiplieiter

304 1217 480 1260 illustrarit,
507 1216 591 1262 quod
619 1217 712 1250 etiam
741 1216 929 1250 confessoris
963 1217 1050 1250 eius-

302 1266 372 1300 dem
391 1265 567 1300 venerando
589 1265 739 1299 vocabulo
754 1265 932 1310 insignitur,
947 1265 1051 1299 cnius-

301 1327 362 1361 que
384 1314 574 1349 sanctissimi
603 1315 747 1360 corporis
769 1326 877 1348 sacrae
901 1314 1049 1359 reliquiae

302 1363 376 1397 inibi
406 1362 626 1397 venerabiliter
642 1363 856 1409 requiescunt,
872 1363 1050 1408 specialiter

300 1421 445 1457 gerentes
455 1411 632 1446 devotionis
645 1411 790 1446 affectum
803 1425 811 1452 ;
823 1413 950 1451 decens,
962 1412 1050 1458 quin-

302 1462 363 1495 imo
398 1461 609 1495 necessarium
641 1460 704 1495 sore
732 1473 922 1500 censemus,
945 1469 980 1495 ut
1002 1461 1050 1495 di-

301 1518 385 1544 ctum
397 1510 636 1550 monasterium,
652 1509 703 1543 nbi
721 1509 881 1544 consessor·
893 1510 1050 1556 praefatus

299 1559 410 1606 claruit
433 1558 611 1602 virtutibus,
631 1566 661 1592 ct
682 1558 842 1592 miraculis
864 1560 1050 1603 coruscavit,

299 1620 335 1642 ac
358 1620 500 1642 normam
523 1616 650 1641 sanctae
678 1608 871 1642 monasticae
889 1607 1050 1653 religionis

300 1656 446 1700 instituit,
468 1668 547 1702 quae
554 1664 733 1710 propagata
758 1669 812 1702 per
834 1656 966 1699 orbem⁷
1001 1657 1051 1690 in-

298 1717 449 1739 numeros
472 1705 561 1751 quasi
584 1718 600 1739 a
617 1718 693 1739 ιιιιιιι
715 1718 814 1752 usque
833 1705 871 1739 ad
891 1718 974 1739 mare
990 1705 1048 1739 ιιιιιι

301 1762 465 1800 protensos
489 1754 636 1800 produxit
654 1754 809 1800 palmites,
825 1762 854 1788 et
869 1767 923 1800 per
946 1755 1050 1789 incre—

300 1811 404 1837 menta
438 1811 616 1849 temporum
647 1803 807 1846 dilatavit,
837 1804 1050 1849 praerogativa

299 1851 490 1886 sublimetur
515 1852 653 1891 lionoris,
681 1861 710 1886 et
735 1853 867 1899 potioris
890 1852 1050 1898 dignitatis

299 1901 470 1935 eminentia
517 1901 576 1935 sub
613 1902 803 1948 episcopalis
842 1902 1050 1948 appellatione

300 1950 436 1985 nominis
459 1950 635 1984 decoretur.

347 2003 362 2041 5
389 2001 420 2032 2.
446 1998 493 2033 Ex
522 1999 703 2045 praemissis
723 1999 817 2044 igitur
839 2007 869 2032 et
888 1999 957 2033 aliis
977 2012 1050 2034 sua-

300 2048 450 2082 dentibus
483 2049 586 2082 causis
602 2076 609 2087 ,
645 2060 725 2094 quae
761 2048 798 2082 ad
840 2048 867 2081 id
907 2058 1047 2083 nostruin

300 2097 439 2131 animum
464 2096 667 2137 induxerunt,
691 2110 725 2130 ex
749 2106 831 2131 certa
855 2097 984 2132 scientia
1013 2111 1047 2132 ac

300 2145 337 2180 de
353 2146 480 2180 fratrum
498 2154 674 2180 nostrorum
699 2145 829 2180 consilio
849 2153 878 2179 ct
902 2159 1030 2181 assensn
1043 2174 1050 2186 ,

300 2208 334 2228 ac
362 2194 549 2240 apostolicae
573 2194 768 2241 plenitudine
804 2197 976 2240 potestatis,
1011 2196 1048 2230 ad

299 2243 394 2277 divini
409 2244 544 2277 nominis
557 2243 692 2286 laudem,
703 2244 832 2290 gloriam
844 2252 872 2277 et
883 2244 1050 2284 bonorem,

298 2291 336 2326 ad
370 2292 588 2326 exaltationem
613 2292 772 2327 Ecclesiae
802 2293 975 2334 militantis,
1001 2293 1050 2327 di-

299 2350 383 2376 ctum
408 2341 634 2376 monasterinm
653 2341 681 2375 in
706 2341 870 2376 ecclesian·
888 2342 1051 2376 catlredra-

299 2390 359 2423 lem
383 2391 536 2436 erigimus
560 2399 589 2424 et
617 2390 804 2436 episcopalis
828 2390 989 2436 dignitatis
1017 2392 1050 2425 ti-

300 2439 364 2473 tulo
388 2439 594 2485 insignimus:
624 2439 842 2482 decernentes,
860 2448 890 2474 ut
909 2440 1048 2475 Ecclesia

301 2488 399 2533 ipsius
441 2488 619 2522 monasterii
661 2488 700 2521 sit
741 2489 901 2534 perpetuis
936 2490 1050 2523 futuris

279 2552 286 2555 -
302 2536 496 2582 temporibus
517 2536 722 2576 catliedralis3
744 2545 774 2570 et
801 2538 968 2584 episcopus
998 2551 1050 2572 ca-

301 2586 411 2619 nonice
444 2585 653 2619 assumendus
685 2598 739 2632 pro
764 2594 903 2631 tempore
937 2588 1051 2633 praesit

302 2634 374 2673 illic,
397 2634 463 2680 qui,
483 2635 606 2680 ‹proties
629 2634 835 2681 imposterum
857 2634 972 2670 dictam
988 2635 1053 2670 Ec-

1723 274 1785 304 30¹

1094 336 1219 371 clesiam
1255 336 1284 370 in
1319 337 1528 371 cathedralem
1566 338 1695 372 electam
1733 350 1842 372 vacare

1093 386 1188 420 conti
1181 385 1272 431 terit,
1301 397 1356 431 per
1378 386 1562 420 electionem
1593 387 1640 421 vel
1665 386 1845 433 postulatio—

1094 446 1166 468 nem
1191 435 1376 468 canonicam
1408 434 1627 469 celebrandam
1653 448 1707 482 per
1738 448 1844 490 quon—

1093 483 1164 517 dam
1192 491 1381 517 conventnm
1410 483 1568 518 dictorum
1605 485 1784 519 monasterii
1813 493 1843 520 ct

1093 531 1226 572 ordinis,
1249 544 1343 578 quem
1359 544 1397 566 ex
1413 544 1497 566 nunc
1512 532 1684 578 capitulum
1700 533 1841 569 eiusdem

1094 581 1253 616 Ecclesiae
1298 581 1458 627 perpetuis
1497 581 1692 627 temporibus
1731 583 1843 617 suturis

1094 630 1159 664 sore
1187 629 1401 669 decernimus,
1431 638 1621 664 assumatur.

1142 683 1157 721 5
1185 681 1218 712 ’5.
1242 678 1360 713 Eadem
1384 691 1511 725 quoque
1534 679 1720 713 anctoritate
1738 680 1842 714 statui-

1094 740 1177 771 muS,
1201 736 1233 761 ut
1247 740 1317 761 cum
1343 727 1425 761 idem
1442 728 1600 773 quondam
1620 728 1869 763 monaster’ium
1858 756 1869 768 ι,

1094 784 1154 810 tam
1181 777 1210 810 ιιι
1247 776 1374 822 capite,
1409 789 1503 822 quam
1530 776 1560 810 iu
1590 776 1760 816 membris,
1789 787 1919 831 pcr¹j·¹·v*·¹

1092 825 1239 871 specialia
1265 824 1357 859 Sedis
1381 824 1580 871 Apostolicae
1610 825 1769 871 privilegia
1804 826 1842 859 sit

1092 883 1285 921 exemptum,
1308 882 1338 908 et
1360 874 1521 908 Ecclesiae
1536 874 1697 908 Romanae
1725 875 1844 908 imme-

1093 923 1174 957 diate
1202 923 1391 963 subiectum,
1412 923 1610 969 diversisque
1632 923 1702 958 aliis
1726 923 1844 970 privile-

1092 972 1162 1017 giis,
1186 971 1390 1018 indulgentiis
1417 971 1608 1018 apostolicis,
1636 972 1845 1018 exemptioni-

1094 1021 1164 1063 bus,
1178 1021 1372 1055 libertatibus
1390 1029 1420 1055 et
1439 1021 1690 1056 immunitatibus
1709 1033 1846 1056 commu·

1093 1070 1205 1113 ιιιιιιιιι,
1214 1070 1294 1104 dicta
1305 1069 1444 1105 Ecclesia
1459 1070 1845 1117 cathedralis,episcopus,

1093 1119 1265 1164 capitulum
1306 1128 1334 1153 et
1369 1131 1520 1164 personae
1548 1118 1663 1153 ibidem
1693 1119 1845 1165 degentes

1093 1179 1128 1200 ac
1150 1168 1253 1201 omnia
1280 1168 1430 1211 membra,
1458 1167 1569 1210 officia,
1608 1168 1776 1207 ecclesiae,
1798 1180 1846 1202 ca-

1092 1223 1152 1249 stra
1190 1224 1219 1249 et
1248 1216 1328 1249 bona
1365 1216 1478 1262 ipsius,
1516 1215 1710 1262 ubicumque
1740 1216 1847 1251 consi-

1092 1265 1205 1298 stentia
1223 1291 1230 1303 ,
1266 1272 1392 1298 utantur
1419 1273 1449 1298 et
1472 1264 1629 1310 gaudeant
1653 1265 1847 1311 privilegiis,

1092 1313 1374 1358 exemptionibus,
1423 1313 1628 1358 indulgentiis
1649 1340 1656 1353 ,
1700 1313 1846 1348 libertati-

1093 1360 1152 1395 bus
1192 1370 1222 1396 et
1250 1362 1505 1396 immunitatibus
1538 1362 1740 1404 lruiusmodi,
1763 1363 1846 1397 sicut

1094 1411 1189 1456 prins.

1142 1463 1213 1502 54.
1250 1459 1461 1494 Decernimus
1496 1460 1647 1506 insuper,
1674 1467 1707 1494 ut
1736 1460 1765 1494 in
1797 1460 1845 1495 lo-

1092 1508 1137 1542 cis
1159 1508 1304 1553 singulis,
1321 1508 1496 1555 insignibus
1517 1517 1546 1543 et
1573 1520 1635 1543 non
1654 1508 1844 1555 insignibus,

1095 1565 1154 1590 tarn
1170 1557 1238 1591 sitis
1254 1558 1283 1591 ιιι
1308 1566 1389 1592 terra
1428 1569 1509 1604 quae
1530 1557 1652 1591 abbatia
1675 1557 1843 1592 cassinen.

1094 1606 1246 1640 hactenus
1278 1606 1445 1651 vulgariter
1481 1606 1729 1648 nominabatur,
1765 1619 1845 1654 quae

1094 1655 1122 1688 in
1146 1654 1361 1701 spiritualibus
1396 1663 1425 1689 et
1463 1654 1712 1702 temporalibus,
1749 1668 1843 1702 quam

1093 1704 1185 1738 etiarn
1209 1704 1239 1738 ιιι
1274 1703 1350 1738 locis
1381 1704 1489 1738 vicinis
1525 1712 1623 1738 terrae
1647 1703 1845 1750 praedictae,

1093 1765 1172 1799 qnae
1201 1753 1230 1786 in
1257 1753 1472 1799 spiritualibus
1504 1761 1623 1787 tantum
1655 1754 1846 1788 monasterio

1093 1801 1242 1836 suberant
1257 1810 1441 1842 memorato,
1455 1814 1597 1848 quaeque
1619 1801 1746 1836 alterius
1765 1803 1848 1837 dioe-

1093 1851 1173 1884 cesis
1209 1851 1361 1885 lractenus
1389 1863 1450 1884 non
1485 1850 1622 1894 fuerunt,
1651 1859 1680 1885 et
1706 1852 1847 1906 personis

1093 1911 1213 1940 eornm,
1237 1900 1392 1946 praefatus
1410 1900 1578 1946 episcopus
1601 1908 1748 1947 tanquam
1776 1901 1848 1947 qui-

1095 1949 1138 1983 tis
1154 1949 1233 1983 alius
1255 1948 1406 1995 praesul
1401 1961 1431 1983 m
1456 1962 1580 1996 propria
1599 1949 1739 1983 dioecesi
1762 1959 1791 1983 et
1818 1950 1846 1983 ιιι

1093 1999 1351 2045 quibuscumque
1374 1997 1450 2032 locis
1477 2006 1507 2033 et
1531 1999 1673 2044 personis
1698 1998 1848 2032 ubicum-

1093 2060 1154 2094 que
1183 2047 1453 2087 consistentibus
1490 2047 1554 2081 site
1582 2047 1789 2093 spiritualiter
1816 2056 1846 2082 et

1094 2097 1320 2143 temporaliter,
1344 2097 1410 2130 sire
1433 2096 1587 2142 spirituali
1612 2096 1773 2131 dumtaxat
1796 2097 1847 2130 iu—

1095 2146 1289 2199 risdictione,
1304 2145 1422 2200 abbati,
1445 2145 1496 2191 qui
1521 2158 1577 2199 pro
1597 2153 1738 2192 tempore
1762 2158 1847 2191 prae-

1095 2195 1150 2229 snit
1173 2195 1317 2241 regimini
1333 2206 1386 2228 seu
1400 2194 1580 2233 eonv,entui
1601 2194 1645 2228 vel
1659 2194 1846 2229 officialibus

1093 2244 1252 2290 quondam
1283 2243 1463 2277 monasterii
1485 2244 1646 2277 memorati
1672 2243 1718 2277 tel
1738 2242 1845 2276 aduri-

1095 2293 1309 2327 nistrationem
1340 2291 1528 2326 habentibus
1557 2293 1585 2325 ιιι
1605 2292 1715 2326 eodem
1738 2291 1847 2326 subie-

1094 2342 1162 2382 ctis
1192 2341 1273 2375 idem
1297 2342 1476 2387 episcopus,
1504 2340 1585 2374 sirut
1604 2340 1765 2387 quondam
1789 2340 1846 2375 ab-

1094 2391 1160 2429 bas,
1191 2399 1219 2424 et
1248 2390 1418 2435 capitulum
1442 2398 1471 2424 et
1495 2389 1642 2424 officiales
1670 2389 1818 2436 praedicti
1836 2417 1844 2432 ,

1094 2440 1173 2474 sicut
1199 2439 1455 2486 praedecessores
1477 2450 1597 2479 eorum,
1616 2439 1751 2473 similem
1776 2451 1845 2472 om-

1096 2489 1169 2523 nino
1197 2488 1444 2523 iurisdietionem
1468 2487 1604 2522 habeant
1638 2495 1668 2522 et
1699 2499 1844 2522 exercere

1095 2537 1214 2572 valcant
1249 2538 1277 2571 in
1314 2537 1454 2571 eisdem:
1487 2544 1517 2569 et
1550 2549 1587 2571 eo
1609 2536 1680 2582 plus
1708 2537 1845 2582 praefato

1094 2588 1244 2633 episcopo
1275 2586 1303 2619 in
1332 2586 1450 2620 eisdem
1474 2585 1551 2620 locis
1578 2585 1782 2632 spiritualiter
1814 2594 1843 2619 et

1095 2635 1317 2682 temporaliter,
1334 2634 1378 2668 vet
1392 2634 1596 2682 spiritualiter
1618 2634 1793 2674 dumtaxat,
1810 2642 1843 2668 ut

1859 284 1906 309 Αιι.
1927 282 1952 307 C.
1975 283 2040 307 {522

1873 1468 1944 1495 anue
1967 1475 2047 1489 ronce-

1861 1500 1915 1520 ditur
1946 1501 2046 1526 episcopo

1860 1531 1880 1550 in
1897 1533 1959 1550 terrrs
1976 1536 2049 1550 mnua-

1860 1561 1925 1581 sterio
1943 1561 2044 1581 subrutis

1860 1592 1987 1611 auctoritas,
