2274 3265
124 254 174 281 Αιι.
194 257 222 281 tj.
239 256 305 282 l'tOO

143 1731 274 1752 Prooemium.

927 255 1078 277 immutet
1085 254 1119 277 US

319 310 590 349 confirmationis,
618 310 852 345 communionis
867 338 874 352 ,
896 309 1070 344 ordinatio-

320 361 368 393 nis
387 368 414 393 et
439 360 674 394 constitutionis
698 360 880 406 iuli-ingere,
903 367 958 393 etc.

370 409 484 443 Datum
510 409 627 443 Romae
651 410 734 456 apud
758 408 1070 446 Sanctum-Petrum,

321 459 413 493 nonis
436 458 626 501 decembris,
651 459 852 505 pontificatus
875 458 972 492 nostri
988 469 1071 490 anno

320 508 522 542 duodecimo.

349 568 407 598 Dat.
424 569 470 598 die
486 570 504 598 ὃ
519 569 685 598 decembris
707 569 788 605 1400,
806 573 884 608 pout.
903 579 980 598 anuo
997 578 1044 598 xit.

654 753 737 787 Xlll.

322 835 494 868 Proht'bt'tt‘o
533 836 726 878 infeudandi,
755 837 879 868 locandi
913 848 964 869 seu
991 837 1071 869 alias

367 885 593 929 quomodolibet
621 886 781 918 alienandi
808 886 888 918 bona
915 886 1071 918 Ecclesia—

368 945 435 966 rum
459 941 484 966 el
508 935 760 967 ”lonasto-iorum
780 935 878 972 Urbis,
895 936 1015 979 eiusque
1028 936 1069 968 di-

367 984 498 1020 strictus,
510 984 571 1016 nisi
582 984 617 1016 de
631 984 763 1016 tri'emu'o
784 984 816 1016 in
833 985 1000 1016 triennium
1016 986 1040 1026 (l
1051 989 1070 1027 ).

586 1061 801 1091 Stttttittsttttttit

315 1123 506 1153 Prooemium.
533 1141 570 1145 —
591 1125 615 1153 1,
640 1124 676 1153 Ex
701 1124 896 1153 locationibus
927 1125 1069 1153 bonorum

355 1167 564 1203 Ecclesiarum‚
582 1168 661 1206 ipsae
673 1168 822 1197 Ecrlesiae
836 1178 950 1197 sumine
963 1169 1071 1205 depau-

358 1216 509 1249 perantur.
533 1229 572 1233 —
594 1212 622 1241 2.
648 1211 810 1241 Probibitio
836 1213 881 1249 (tle
901 1222 951 1250 (pm
973 1213 999 1240 in
1026 1222 1071 1240 ru-

356 1256 454 1293 brica).
476 1273 514 1278 —
535 1256 647 1285 Poenae
671 1261 770 1285 contra
796 1256 1010 1286 inobedientes.
1034 1274 1070 1277 —

356 1301 382 1329 3.
406 1301 578 1330 Locationes
611 1310 688 1334 vero,
721 1306 781 1336 ele„
805 1302 923 1330 nonnisi
948 1301 983 1329 de
1003 1310 1071 1329 con-

357 1354 445 1374 sensu
482 1344 564 1374 Rom.
602 1344 752 1373 t‘onutteis
787 1346 948 1374 faciendae.
973 1362 1011 1366 —
1042 1345 1069 1373 4.

355 1388 517 1418 Contrariis
536 1389 776 1428 quibuscumque
800 1389 1069 1418 nonobstantibus.

356 1451 393 1455 ——
425 1435 452 1463 5.
475 1433 623 1471 Excipitur
653 1433 803 1472 Ilospitale
833 1434 860 1463 S.
884 1433 1012 1472 Spiritus
1042 1433 1069 1462 in

357 1479 450 1508 Saxia.
473 1496 510 1500 -
532 1479 559 1508 6.
583 1477 749 1507 Clausulae.

358 1554 512 1584 Bonifacius
530 1555 672 1591 episcopus
690 1561 784 1583 servus
803 1562 944 1583 servorum
964 1554 1023 1587 Dei.

472 1606 505 1633 ad
525 1604 652 1633 suturam
683 1605 724 1632 rei
743 1605 911 1633 memoriam.

365 1677 430 1711 Etsi
454 1677 617 1712 universas
640 1677 725 1712 orbis
740 1676 913 1716 Ecclesias,
936 1685 1068 1711 cuncta-

315 1739 377 1774 que
408 1727 595 1761 monasteria
627 1735 720 1773 atque
740 1727 805 1761 loca
832 1727 859 1760 in
885 1727 979 1760 (livini
1004 1727 1069 1760 No-

316 1777 411 1811 minis
434 1776 559 1810 laudem
584 1785 612 1810 et
636 1777 766 1822 gloriam
796 1776 936 1811 dedicata
966 1776 1070 1810 incre-

316 1826 431 1860 mentis
458 1826 651 1860 salutaribus
675 1826 817 1872 ampliari
847 1834 877 1860 et
900 1825 939 1860 ab
962 1826 1070 1871 ingru-

316 1875 438 1911 entium
474 1875 715 1920 dispendiorum
746 1876 847 1909 noxiis
874 1875 979 1909 illaesa
1002 1888 1070 1909 ser-

317 1925 380 1959 vari
397 1925 590 1959 ferventibus
606 1924 786 1963 desideriis,
803 1932 894 1971 prout
910 1938 944 1958 ex
960 1924 1070 1958 debito

316 1974 510 2021 apostolicae
547 1974 708 2008 servitutis
738 1974 865 2008 obnoxii
897 1974 1069 2014 reddimur,

316 2032 514 2070 exoptemus,
543 2036 577 2057 ac
606 2036 696 2069 opem
728 2032 755 2057 et
783 2036 910 2070 operam
930 2036 1010 2057 circa
1035 2036 1068 2057 ea

317 2073 540 2119 impendamus
558 2073 672 2107 studiis
696 2072 880 2111 indefessim
904 2072 940 2106 ad
966 2085 1072 2107 mona-

316 2123 409 2157 steria
447 2131 549 2156 tamen
568 2150 576 2166 ,
604 2123 761 2169 prioratus
788 2131 817 2156 et
847 2122 1006 2156 Ecclesias
1040 2123 1069 2155 in

316 2172 396 2207 alma
421 2172 505 2207 Urbe
528 2184 563 2206 ac
588 2172 703 2206 ineius
725 2173 881 2206 territorio
903 2173 948 2205 vel
970 2172 1070 2205 distri-

316 2230 367 2256 ctu
396 2222 572 2260 existentia,
597 2230 682 2255 tauto
701 2230 734 2255 ut
758 2221 951 2256 salutaribus
975 2221 1070 2268 proli-

317 2271 401 2305 ciant
436 2272 638 2317 augumentis
674 2272 847 2305 excitamur
883 2271 1070 2314 ardentius,

317 2329 469 2368 quantum
501 2321 529 2353 in
568 2334 600 2354 ea
636 2320 720 2354 Urbe
756 2321 957 2355 fundamenta
986 2320 1070 2353 mili-

317 2370 411 2404 tantis
440 2370 601 2404 Ecclesiae
630 2369 774 2404 caelestis
797 2370 929 2404 altitudo
948 2369 1070 2403 consilii

317 2418 496 2453 mirabilius
531 2419 679 2453 stabilivit
716 2427 744 2453 et
775 2431 842 2453 esse
879 2419 974 2453 voluit
1010 2428 1070 2452 tam

318 2468 491 2515 spiritualis
519 2481 613 2514 quam
653 2469 835 2515 temporalis
870 2468 1071 2503 monarchiae

317 2530 354 2552 ex
373 2518 487 2551 throno
511 2530 586 2552 suae
611 2518 778 2552 ineffabilis
796 2518 969 2565 sapientiae
985 2518 1072 2565 prin-

317 2575 469 2613 cipatum.

353 2641 391 2676 (t)
408 2641 445 2668 Ex
464 2642 568 2676 Regest.
587 2642 612 2668 in
630 2641 739 2669 Archiv.
762 2642 845 2669 Vatic.

1146 255 1181 276 ix
1211 254 1258 276 rr.
1746 245 1816 275 635

1164 310 1183 351 ξ
1209 311 1238 341 l
1267 308 1448 343 Si¹nticutes
1477 308 1580 353 iritur,
1604 309 1685 343 sicut
1709 307 1801 342 habet
1830 311 1866 341 li-

1114 356 1152 391 dr
1178 357 1270 402 (livua
1306 357 1415 391 telatio
1439 359 1514 392 l'acta
1540 358 1642 401 nobis,
1666 357 1749 404 quod
1780 370 1862 391 non·

1116 406 1190 440 nulli
1214 406 1355 445 abbates
1382 407 1514 452 priores
1530 422 1544 439 t
1549 407 1664 453 ipitula
1684 415 1712 441 et
1728 419 1866 441 conven-

1115 463 1164 489 tus
1201 456 1464 490 monastirioruni
1502 464 1530 489 et
1568 456 1777 502 prioratuum,
1805 464 1865 490 tam

1116 505 1309 551 regularium
1334 518 1427 551 quarn
1452 505 1791 545 saec=11w2=i11111,etiam
1809 504 1866 539 Or-

1114 555 1222 588 dinum
1264 553 1482 598 diversorum,
1512 566 1632 588 necnon
1662 554 1867 601 quamplures

1114 604 1164 638 alii
1189 604 1218 637 in
1242 602 1463 648 dignitatibus,
1487 603 1814 638 administrationibus
1837 612 1866 637 et

1115 653 1226 687 officiis
1261 652 1437 692 constituti,
1461 661 1489 686 et
1514 653 1606 687 etiam
1631 661 1770 687 rectores
1805 661 1864 686 tam

1117 702 1338 749 parochialium
1372 714 1465 748 quain
1495 702 1625 736 aliarum
1650 702 1864 737 Ecclesiarum

1115 765 1150 786 ac
1173 751 1388 797 hospitalium,
1414 760 1474 785 tam
1504 751 1534 785 in
1562 751 1644 786 (licta
1665 751 1750 785 Urbe
1772 764 1864 798 quam

1116 802 1145 835 in
1170 802 1327 835 territorio
1349 813 1404 835 seu
1428 801 1571 836 districtu
1600 801 1741 835 eiusdem
1770 801 1867 835 situa-

1115 859 1242 890 torum‚
1269 851 1330 884 sub
1366 851 1460 885 variis
1488 859 1518 884 et
1545 850 1677 884 diversis
1708 850 1867 885 coloribus

1116 902 1145 934 iu
1170 901 1342 935 maximum
1369 901 1646 944 monasteriorum,
1672 901 1864 946 prioratuum

1115 959 1145 984 et
1166 950 1378 984 Ecclesiarum
1403 963 1438 984 ac
1460 950 1662 996 hospitalium
1685 950 1864 984 huiusmodi

1116 999 1344 1046 praeiudicium
1365 1008 1393 1033 et
1413 1011 1593 1045 gravamen,
1617 1012 1652 1033 ac
1676 999 1705 1033 in
1727 1000 1863 1044 ipsorum

1113 1049 1289 1083 animarum
1332 1058 1477 1083 aeternae
1517 1047 1627 1083 salutis
1668 1048 1864 1094 periculum.

1116 1098 1194 1131 bona
1219 1098 1340 1133 stabilia
1364 1098 1400 1132 ad
1426 1098 1627 1141 monasteria,
1652 1098 1807 1144 prioratus
1835 1105 1865 1131 et

1115 1147 1275 1181 Ecclesias
1310 1159 1363 1181 seu
1388 1147 1555 1194 hospitalia
1585 1147 1764 1181 huiusmodi
1792 1159 1866 1193 per-

1114 1197 1244 1231 tinentia
1277 1195 1439 1230 infeudare
1478 1210 1533 1231 seu
1572 1197 1601 1230 in
1638 1196 1864 1243 emphiteusim

1113 1246 1299 1288 concedere,
1324 1258 1447 1280 necnon
1469 1246 1505 1279 ad
1522 1245 1652 1291 longum
1672 1245 1774 1280 locare
1790 1253 1864 1280 tem-

1115 1308 1174 1341 pus
1201 1295 1422 1329 damnabiliter
1453 1295 1606 1329 hactenus
1642 1307 1864 1342 praesumpse-

1114 1352 1184 1378 runt
1208 1353 1239 1379 et
1276 1353 1481 1390 praesumunt
1498 1344 1624 1378 assidue
1644 1344 1775 1387 fructus,
1792 1345 1865 1379 red—

1113 1394 1198 1427 ditus
1233 1402 1262 1427 et
1293 1404 1463 1439 proventus
1497 1406 1534 1427 ex
1557 1393 1603 1427 eis
1635 1403 1707 1427 ante
1741 1401 1865 1439 tempus

1114 1443 1335 1490 percipientes,
1359 1455 1419 1477 nec
1440 1451 1586 1476 curantes
1610 1442 1732 1477 fructus
1753 1442 1865 1477 huius-

1114 1492 1198 1526 modi
1214 1505 1248 1527 ac
1264 1492 1419 1527 bonorum
1438 1493 1591 1538 ipsorum,
1603 1500 1657 1526 aut
1673 1493 1864 1527 nutrimenta

1112 1551 1142 1576 et
1161 1541 1445 1577 substentationem
1470 1541 1654 1588 degentium
1679 1542 1709 1576 in
1731 1542 1863 1576 eisdem.

1161 1593 1180 1639 g
1207 1596 1240 1626 ΕΞ.
1264 1592 1329 1626 Nos
1353 1592 1504 1631 volentes
1527 1604 1598 1625 cum
1622 1591 1659 1626 ad
1683 1592 1742 1626 boc
1761 1600 1864 1626 nostra

1115 1642 1277 1688 potissime
1302 1651 1442 1676 vetwsetut
1470 1641 1614 1684 intentio,
1644 1649 1675 1675 ιιι
1705 1650 1865 1677 monaste-

1114 1705 1171 1733 ria,
1196 1693 1366 1738 prioratus,
1390 1690 1553 1725 Ecclesiae
1580 1699 1611 1724 et
1640 1691 1718 1725 bona
1743 1691 1864 1727 buius—

1114 1741 1213 1780 modi,
1231 1753 1265 1775 ac
1282 1753 1434 1787 personae
1458 1741 1488 1773 in
1506 1740 1550 1774 eis
1573 1748 1602 1774 et
1627 1741 1788 1786 potissime
1807 1742 1863 1777 de-

1113 1791 1286 1825 servientes
1321 1789 1519 1824 laudabilitcr
1547 1791 1577 1824 in
1605 1789 1721 1824 divinis
1756 1804 1864 1838 augu—

1115 1848 1217 1874 menta
1252 1840 1450 1886 suscipiant,
1479 1847 1509 1873 et
1530 1840 1570 1874 ab
1593 1839 1806 1876 incommodis
1829 1854 1864 1876 ex

1114 1889 1230 1924 malitia
1255 1889 1499 1923 concessionum
1523 1897 1552 1923 et
1576 1889 1769 1924 locationum
1804 1890 1866 1925 hu-

1115 1939 1249 1973 iusmodi
1285 1938 1524 1984 emergentibus
1562 1948 1803 1985 praeserventur
1826 1940 1865 1974 il—

1114 1988 1208 2027 laesa,
1233 1988 1413 2035 praemissis
1435 1997 1464 2021 et
1492 1988 1654 2022 nonnullis
1680 1988 1748 2023 aliis
1771 1990 1867 2024 ratio-

1115 2037 1274 2072 nabilibus
1297 2038 1403 2072 causis
1426 2037 1568 2071 animum
1587 2046 1728 2072 nostrum
1750 2039 1787 2074 ad
1807 2039 1867 2074 hoc

1114 2086 1329 2127 moventibus,
1349 2087 1536 2122 auctoritate
1555 2087 1741 2134 apostolica,
1759 2097 1866 2123 tenore

1115 2137 1326 2183 praesentium
1345 2137 1515 2171 statuimus
1529 2145 1558 2170 et
1575 2137 1761 2172 ordinamus
1780 2138 1865 2185 quod

1114 2186 1153 2220 de
1177 2195 1300 2220 caetero
1325 2186 1430 2220 nullus
1449 2186 1555 2225 abbas,
1582 2187 1677 2233 prior,
1692 2195 1867 2222 conventus

1113 2244 1166 2270 aut
1183 2236 1371 2282 capitulum,
1389 2235 1532 2281 collegia,
1548 2236 1707 2281 regulares
1730 2237 1774 2271 rel
1795 2249 1867 2271 sae-

1115 2285 1251 2327 culares,
1275 2294 1325 2319 aut
1351 2294 1451 2319 rector
1475 2285 1750 2325 monasteriorum,
1780 2287 1867 2332 prio-

1116 2342 1239 2369 ratuum
1275 2342 1327 2368 aut
1350 2334 1565 2368 &ctesias-um
1598 2348 1632 2369 ac
1662 2335 1865 2381 hospitalium

1116 2383 1297 2418 huiusmodi
1323 2384 1372 2417 vel
1388 2383 1523 2417 alicuius
1538 2396 1660 2423 eorum,
1680 2386 1867 2419 cuiuscum-

1115 2446 1177 2480 que
1199 2441 1309 2473 status,
1333 2432 1495 2478 dignitatis
1516 2434 1559 2467 vel
1585 2433 1777 2468 conditionis
1799 2435 1867 2469 exi-

1115 2491 1185 2525 stat,
1199 2495 1254 2529 per
1269 2495 1303 2516 se
1320 2482 1365 2516 vel
1381 2483 1488 2524 alium,
1504 2483 1623 2516 directe
1640 2483 1685 2517 vel
1703 2482 1865 2523 indirecte,

1115 2532 1374 2578 quibuscumque
1399 2531 1501 2569 titulo,
1525 2544 1618 2566 causa
1646 2544 1700 2566 seu
1724 2533 1867 2579 quaesito

1115 2582 1231 2621 colore,
1252 2581 1413 2615 infeudare
1433 2588 1485 2615 aut
1502 2581 1530 2615 in
1548 2581 1772 2628 emphiteusim
1790 2594 1867 2616 con-

1116 2631 1231 2666 cedere
1254 2643 1308 2665 seu
1334 2631 1424 2665 aliter
1447 2630 1551 2666 locare
1574 2631 1655 2666 bona
1672 2631 1866 2677 huiusmodi,

1881 254 1929 279 Αιι.
1949 254 1977 279 t
2003 253 2067 279 ιἰιιό

1895 314 1922 335 Ει
1953 315 1977 334 tw
1988 319 2030 335 ιιι
2026 322 2065 335 »ni-

1882 346 1918 365 bus
1965 345 1984 365 bt
1979 352 2018 365 ιιι
2014 353 2066 366 irum

1882 376 1955 397 Erotes
1976 393 1980 401 ,
2009 384 2038 403 ι[ι
2043 383 2067 397 «ie

1882 407 1956 428 Enete
1961 413 1991 427 iae
2009 414 2066 427 sum

1882 444 1913 458 me
1923 440 1988 464 depau
1994 444 2068 465 gur-ian-

1882 472 1921 488 ΙΙΠ

1893 1597 2009 1618 Prohibitio
2040 1597 2063 1616 tie

1880 1635 1919 1656 qua
1933 1630 1953 1649 in
1964 1629 2055 1649 ῐιιιιιιπιιί
