2274 3265
236 270 285 296 An.
307 269 336 295 C.
350 269 415 296 1391»

250 377 277 397 De
301 378 345 397 lure
369 378 417 396 novt

234 409 337 434 episcopi.
354 410 394 426 ete.

260 1894 287 1914 De
300 1894 408 1914 benefieiis
418 1900 429 1912 3

248 1926 375 1944 monasterio
384 1926 428 1950 ipso

247 1956 336 1975 Cavensi
353 1956 431 1980 ‹sepen-

248 1987 352 2006 dentibus⁴

482 256 552 288 626

481 325 495 363 g*
520 324 551 353 5.
574 318 741 352 Caeterum
765 315 803 349 de
825 314 958 350 consilio
980 322 1010 348 et
1034 323 1184 360 potestate

434 368 579 416 praefatis
606 365 786 404 statuimus,
815 377 850 398 ac
873 365 965 398 etiam
989 363 1184 402 ordinamus,

431 417 515 464 qnod
541 426 691 462 personae
723 422 784 447 tam
808 413 1058 455 ecclesiasticae,
1092 424 1184 458 qnam

431 465 607 500 saeculares
629 475 722 497 sexus
737 463 900 508 utriusque
919 463 949 495 in
973 461 1090 495 eisdem
1109 473 1184 494 nova

431 515 554 549 civitate
581 525 616 548 ac
640 512 817 552 territorio,
844 511 928 558 quod
965 510 1094 556 quidem
1124 518 1187 543 ter—

432 564 574 597 ritorium
590 562 629 596 de
645 569 768 595 caetero
781 560 935 595 dioecesis
949 558 1102 594 Cavensis
1118 558 1186 601 erit,

431 613 583 658 degentes
611 618 791 657 praesentes
824 618 854 643 et
890 609 1003 656 posteri
1034 607 1187 654 quemad-

433 661 561 696 modum
593 660 695 694 abbati
724 667 754 693 et
781 658 949 692 conventui
981 657 1128 703 praefatis
1158 656 1186 689 in

432 710 650 758 spiritualibus
677 718 706 743 et
729 708 956 754 temporalibus
978 705 1189 740 communiter

434 761 478 794 vel
507 760 630 794 divisim
656 770 764 806 parere
800 757 1000 796 tenebantur,
1028 767 1063 789 ac
1096 755 1187 788 etiam

433 809 594 843 ordinario
632 809 697 841 iure
729 806 860 840 subiecti
892 806 931 839 de
963 812 1086 838 caetero
1115 803 1189 849 ipsis

434 860 598 905 episcopo,
636 855 775 903 capitulo
807 863 837 888 et
864 853 1026 887 Ecclesiae
1054 853 1187 886 Cavensi

435 909 464 941 in
501 907 618 940 eisdem
653 904 872 952 spiritualibus
899 911 929 936 01
964 901 1191 947 temporalibus

434 956 625 990 coniunctim
661 955 706 987 vel
735 953 880 987 semotim
916 959 1080 985 teneantur
1112 951 1190 984 obe-

435 1006 513 1044 dire,
528 1017 562 1038 30
584 1004 770 1037 dioecesano
785 1003 847 1035 sint
860 1000 1006 1035 subiecti.
1027 1000 1190 1034 Praeterea

434 1055 514 1087 sicut
542 1053 637 1087 abbas
660 1060 689 1085 et
717 1060 890 1085 conventus
905 1049 1045 1096 praefati,
1069 1061 1189 1084 necnon

436 1114 598 1149 personae,
623 1100 860 1142 monasterium,
884 1107 965 1133 terra
1001 1107 1032 1134 et
1067 1099 1192 1133 territo-

436 1153 515 1186 rium
557 1149 738 1185 huiusmodi
775 1149 894 1183 eisdem
930 1148 1191 1194 archiepiscopo,

435 1200 574 1247 capitulo
608 1208 638 1233 et
666 1198 825 1233 Ecclesiae
859 1197 1076 1232 Salernitanae
1104 1197 1193 1231 dioe-

435 1262 551 1284 cesano
577 1249 623 1283 vel
658 1248 719 1282 alio
747 1248 814 1281 iure
849 1259 909 1281 non
943 1247 1118 1286 suberant,
1154 1247 1191 1279 ita

436 1300 465 1333 in
495 1306 655 1345 posterum
683 1297 863 1344 episcopus,
885 1295 1058 1342 capitulum
1078 1304 1109 1329 et
1131 1295 1194 1329 Ec-

437 1349 528 1382 clesia
562 1346 726 1385 Cavensis,
756 1358 877 1380 necnon
908 1357 1085 1391 personae,
1115 1353 1192 1379 terra

437 1406 465 1431 et
486 1397 642 1430 dioecesis
660 1394 815 1441 praefatae
831 1395 924 1428 dictis
941 1394 1193 1441 archiepiscopo,

438 1446 575 1493 capitulo
609 1453 637 1477 et
674 1444 829 1478 Ecclesiae
862 1444 1100 1485 Salernitanae,
1138 1456 1195 1477 nec

439 1495 680 1541 metropolitico,
700 1506 803 1540 neque
826 1493 885 1527 atio
907 1494 1019 1540 quovis
1039 1493 1105 1527 iure
1119 1493 1195 1526 sub-

440 1547 515 1582 sint,
543 1544 598 1577 sed
633 1544 735 1576 eidem
766 1543 928 1577 Ecclesiae
950 1543 1112 1576 Romanae
1136 1542 1195 1575 im-

442 1593 575 1627 mediate
589 1592 720 1625 snbiecti
749 1600 941 1636 remaneant,
964 1592 1044 1625 sicut
1060 1600 1144 1629 ante.-
1166 1600 1194 1625 et

441 1641 708 1689 quemadmodum
734 1641 885 1675 hactenns
904 1641 942 1675 de
961 1640 1100 1675 dioecesi
1133 1641 1196 1675 fne-

442 1700 530 1734 runt,
559 1692 597 1725 ita
628 1691 757 1737 posthac
784 1691 860 1725 alias
888 1690 927 1724 de
951 1691 1109 1736 provincia
1137 1690 1197 1724 Sa-

443 1741 593 1775 lernitana
617 1741 767 1774 existant:
799 1741 877 1785 ipsis
905 1748 1007 1774 tamen
1037 1740 1197 1787 archiepi-

442 1801 549 1836 scopo,
573 1789 709 1836 capitulo
731 1798 761 1823 et
788 1789 951 1824 Ecclesiae
977 1789 1197 1824 Salernitanae

442 1838 544 1886 quoad
569 1838 763 1885 praedictum
804 1851 935 1873 censum
960 1838 1084 1872 nullum
1114 1851 1198 1885 prae-

445 1888 593 1922 indieinm
617 1898 796 1933 generetur.
822 1888 868 1921 Ad
894 1888 952 1922 hoc
981 1889 1051 1935 qnia
1076 1897 1136 1922 tam
1166 1888 1195 1921 in

446 1937 578 1983 praefata
601 1936 807 1975 Salernitana,
831 1950 923 1984 qnam
955 1939 985 1971 in
1017 1937 1086 1971 aliis
1108 1937 1197 1971 11100--

444 1987 566 2020 cesibns
596 1999 631 2020 ac
658 1987 836 2021 civitatibus
865 1986 1013 2020 nonnulla
1045 1995 1143 2021 castra
1168 1995 1195 2020 et

445 2046 543 2069 terrae
564 2044 594 2069 et
617 2035 718 2075 villae,
742 2036 806 2070 loca
835 2045 860 2069 et
891 2036 1108 2082 possessiones
1127 2049 1199 2070 con-

445 2086 567 2127 sistunt,
590 2096 670 2131 quae
694 2086 786 2119 etiam
807 2085 873 2118 iure
890 2086 1049 2119 ordinario
1071 2085 1197 2131 praefa-

444 2135 484 2168 tis
503 2134 604 2167 abbati
636 2143 665 2167 et
690 2135 857 2168 conventui
886 2135 1038 2168 hactenus
1060 2135 1198 2180 plenarie

444 2184 636 2217 coniunctim
662 2184 706 2217 vel
731 2184 899 2229 separatim
920 2184 1108 2217 subluernnt
1125 2196 1196 2217 enm

446 2233 588 2277 personis
610 2233 799 2278 degentibus
821 2241 851 2265 et
874 2233 970 2267 rebus
993 2233 1198 2267 existentibus

446 2282 475 2314 iu
498 2282 630 2324 eisdem,
657 2291 687 2315 et
708 2282 894 2328 quamplura
924 2283 1091 2328 prioratus,
1115 2295 1200 2328 prae-

447 2332 612 2376 positatus,
652 2331 834 2376 dignitates,
863 2340 1062 2377 personatus,
1084 2331 1198 2373 officia,

446 2380 731 2414 administrationes
764 2388 794 2414 et
821 2381 877 2413 alia
908 2380 1058 2414 beneficia
1090 2381 1198 2414 eccle——

447 2429 568 2462 siastica
593 2429 764 2463 saecularia
795 2430 839 2463 vel
865 2430 1017 2475 regularia
1035 2443 1107 2464 cum
1124 2442 1198 2464 eura

448 2479 649 2512 consistentia
674 2479 710 2513 ad
739 2479 949 2518 collationem,
975 2479 1200 2525 provisionem,

449 2528 754 2572 praesentationem,
791 2527 978 2562 electionem
995 2556 1003 2567 ,
1031 2528 1201 2562 0011111013-

449 2577 578 2618 tionem,
608 2577 836 2611 institutionem
865 2589 918 2611 seu
942 2578 1086 2623 quamvis
1109 2577 1199 2611 aliam

450 2623 685 2670 dispositionem
714 2626 833 2660 abbatis
855 2635 884 2659 et
914 2635 1088 2660 conventus
1111 2638 1202 2672 prae-

1026 260 1210 283 nouantem
1234 257 1395 280 ROMANUM

1227 314 1359 346 latorum
1383 310 1596 345 communiter
1619 310 1665 344 vel
1684 310 1806 345 divisim
1830 311 1982 346 hactenus

1226 367 1471 407 spectaverunt,
1507 358 1652 393 volumus
1693 365 1725 392 et
1761 359 1800 393 de
1836 361 1982 407 praefatis

1227 409 1359 444 consilio
1398 416 1428 442 et
1467 415 1618 455 potestate
1653 406 1862 447 ordinamus,
1898 409 1982 456 quod

1228 467 1340 497 eastra,
1361 465 1474 500 terrae,
1497 456 1599 497 villae,
1619 456 1686 491 loca
1710 465 1740 490 et
1764 458 1984 503 possessiones

1229 505 1410 541 huiusmodi
1441 518 1502 540 non
1526 506 1714 540 dioecesano
1735 506 1780 540 vel
1808 505 1869 540 alio
1891 518 1983 553 quam

1228 563 1457 590 consueverant
1469 556 1548 599 iure,
1564 554 1618 589 sed
1633 554 1793 589 dumtaxat
1805 555 1985 599 commodo,

1229 616 1394 652 quousque
1427 617 1512 639 nunc
1543 604 1646 638 abbati
1675 612 1706 638 et
1738 604 1919 645 conventui,
1947 605 1986 638 de

1229 662 1352 688 caetero
1371 654 1522 700 episcopo
1538 661 1567 688 et
1590 652 1728 700 capitulo
1753 652 1898 700 praefatis
1914 665 1984 688 cum

1230 703 1322 737 dictis
1350 704 1495 749 personis
1521 712 1551 737 et
1574 702 1669 737 rebus
1696 702 1806 737 eodem
1827 702 1986 737 ordinario

1230 752 1364 786 debeant
1401 753 1468 786 iure
1495 752 1645 786 subesse:
1676 752 1831 799 prioratus
1853 763 1926 787 vero
1958 761 1985 786 et

1232 802 1476 848 praepositatus,
1504 801 1684 848 dignitates,
1718 810 1918 849 personatus,
1939 800 1988 835 of-

1232 851 1319 891 ficia,
1359 851 1649 886 administrationes
1686 858 1717 885 et
1751 851 1807 885 alia
1837 850 1987 885 beneficia

1231 901 1444 947 suprascripta
1476 900 1516 935 de
1549 908 1672 935 caetero
1702 900 1739 935 ad
1778 900 1919 947 episcopi
1958 908 1987 933 et

1232 950 1359 996 capituli
1384 950 1596 997 praefatorum
1623 949 1844 988 collationem,
1878 949 1990 996 provi-

1233 999 1368 1043 sionem,
1387 999 1688 1046 praesentationem,
1703 999 1902 1039 electionem,
1917 1010 1990 1033 con-

1234 1048 1456 1093 firmationem,
1481 1048 1739 1083 constitutionem
1767 1060 1823 1082 seu
1846 1048 1989 1095 quamvis

1233 1097 1324 1132 aliam
1363 1098 1605 1145 dispositionem
1634 1097 1815 1131 huiusmodi
1851 1097 1989 1131 coniun—

1234 1147 1308 1181 ctim
1339 1148 1383 1181 vel
1415 1148 1584 1194 separatim
1613 1147 1751 1181 debeant
1780 1147 1938 1193 pertinere
1961 1155 1989 1180 et

1234 1196 1279 1230 eis
1301 1196 1377 1231 alias
1398 1204 1552 1231 consueto
1580 1208 1666 1231 more
1689 1207 1851 1230 remanere
1880 1195 1992 1230 subie-

1235 1253 1296 1280 cta.
1328 1245 1362 1280 In
1397 1246 1538 1280 Ecclesia
1568 1245 1627 1280 iam
1663 1244 1798 1279 Cavensi
1835 1245 1991 1292 praedicta

1235 1294 1338 1329 divina
1360 1302 1548 1342 peragantur
1571 1295 1670 1329 0111013
1695 1295 1777 1328 iuxta
1797 1294 1904 1334 ritum,
1924 1307 1993 1328 mo-

1235 1344 1311 1378 dum
1339 1353 1369 1378 et
1392 1344 1655 1379 consuetudinem
1693 1343 1810 1378 ibidem
1839 1343 1993 1378 haetenus

1237 1394 1377 1428 usitatas.

1284 1442 1304 1489 S
1331 1447 1364 1477 4.
1392 1442 1529 1477 Demum
1560 1443 1719 1485 volumus,
1745 1442 1828 1489 quod
1865 1443 1994 1488 episco-

1238 1504 1296 1538 pus
1329 1491 1481 1526 Cavensis
1518 1504 1573 1538 pro
1614 1502 1754 1538 tempore
1787 1492 1927 1526 existens
1962 1491 1991 1525 in

1237 1541 1387 1575 aediliciis
1404 1541 1520 1575 ibidem
1544 1542 1753 1576 existentibus
1767 1540 1992 1575 habitationem

1238 1590 1454 1625 honorabilem
1496 1603 1531 1624 ac
1554 1591 1717 1625 decentem
1747 1590 1858 1625 habeat
1882 1602 1939 1637 pro
1961 1602 1994 1624 se

1238 1648 1267 1674 01
1289 1652 1344 1674 sua
1369 1640 1496 1679 familia,
1524 1652 1605 1686 quae
1627 1640 1667 1674 ab
1695 1641 1834 1686 ipsorum
1860 1639 1995 1686 prioris,

1237 1689 1349 1724 decani
1369 1698 1399 1724 et
1429 1689 1558 1735 capituli
1592 1690 1784 1724 habitatione
1811 1701 1866 1735 per
1888 1700 1996 1723 muros

1238 1740 1466 1773 convenientes
1494 1740 1619 1785 penitus
1646 1738 1841 1782 secludatur,
1863 1737 1995 1785 etquod

1239 1788 1461 1827 luminaribus,
1486 1788 1591 1832 libris,
1624 1788 1815 1835 paramentis
1842 1795 1872 1821 et
1901 1799 1996 1822 orna-

1239 1838 1355 1872 mentis
1381 1838 1419 1872 ad
1448 1838 1587 1872 divinum
1611 1837 1730 1871 cultum
1753 1836 1996 1884 pertinentibus,

1238 1900 1274 1921 ac
1303 1900 1358 1934 pro
1385 1887 1453 1921 aliis
1476 1887 1576 1921 solitis
1609 1887 1761 1921 oneribus
1783 1898 1818 1920 30
1847 1886 1996 1933 expensis

1239 1937 1278 1970 de
1302 1936 1518 1983 proventibus,
1543 1937 1635 1970 bonis
1669 1944 1699 1970 et
1735 1936 1855 1970 iuribus
1885 1948 1997 1982 supra-

1239 1986 1332 2020 dictis
1348 2014 1356 2025 ‚
1388 1995 1449 2021 tam
1473 1987 1510 2020 ad
1538 1987 1738 2033 episcopum,
1761 1997 1855 2031 quam
1884 1985 1921 2019 ad
1945 1997 1998 2019 ca-

1241 2035 1376 2082 pitulum
1415 2035 1570 2082 praefatos
1609 2035 1805 2070 coniunctim
1841 2035 1886 2068 vel
1915 2034 1997 2068 divi-

1239 2089 1296 2123 sim
1332 2089 1551 2136 spectantibus
1590 2090 1759 2135 diligenter
1798 2088 1999 2136 possideatur

1239 2143 1319 2177 sieut
1347 2144 1422 2177 alias
1449 2152 1495 2177 est
1519 2143 1585 2177 fieri
1621 2143 1774 2177 hactenus
1796 2151 1998 2182 consuetum,

1240 2206 1267 2231 et
1292 2197 1376 2243 quod
1401 2198 1505 2231 omnia
1535 2197 1695 2244 privilegia
1713 2223 1722 2239 ,
1752 2196 1832 2229 bona
1868 2204 1898 2229 et
1933 2196 1996 2229 iura

1240 2251 1422 2285 huiusmodi
1438 2251 1629 2285 monasterio
1643 2249 1917 2297 qualitercumque
1928 2261 1996 2283 con·

1240 2317 1341 2349 cessa,
1363 2317 1398 2339 ac
1421 2305 1450 2339 in
1474 2318 1609 2352 quorum
1639 2304 1841 2351 possessione
1871 2303 1997 2351 pacifica

1242 2359 1536 2406 impraesentiarum
1561 2358 1713 2393 canonica
1742 2357 1860 2396 existit,
1895 2356 1997 2391 eidem

1243 2423 1446 2459 permaneant
1475 2413 1610 2447 illibata:
1647 2424 1708 2446 uon
1743 2410 1886 2446 obstante.
1914 2411 1997 2457 quod

1242 2466 1350 2501 eadem
1381 2467 1520 2513 Ecclesia
1543 2467 1616 2500 dicti
1638 2465 1818 2500 monasterii
1844 2465 1873 2499 in
1897 2464 2000 2498 cathe-

1242 2521 1373 2565 dralem,
1398 2530 1430 2555 nt
1454 2521 1677 2568 praemittitur,
1691 2520 1731 2554 sit
1753 2527 1867 2553 erecta.
1886 2519 1999 2554 Decer-

1244 2574 1350 2608 ninius
1380 2575 1503 2609 tandem
1528 2587 1565 2609 ex
1592 2587 1676 2608 nunc
1705 2574 1827 2607 irritum
1851 2581 1880 2607 et
1907 2573 1999 2606 inane

1243 2628 1267 2660 si
1296 2640 1390 2662 secus
1412 2640 1507 2674 super
1531 2629 1579 2662 his
1598 2640 1613 2661 a
1636 2639 1795 2674 quoquam
1819 2626 1927 2673 quavis
1948 2637 1999 2659 au-

1999 258 2046 283 Αῐι.
2066 256 2177 283 015912

2022 1452 2050 1473 De
2076 1452 2194 1479 episcopali

2009 1484 2067 1504 sede,

2026 2207 2096 2228 Novae
2112 2207 2194 2228 Ercles

2013 2240 2099 2265 antiqua
2117 2240 2197 2259 contir-

2013 2273 2094 2290 mantnt·
2107 2269 2196 2296 privile·-

2013 2306 2054 2325 gia.
