2274 3265
83 276 131 302 An.
150 273 178 302 C.
193 274 260 302 1303

476 331 739 381 BENEDtcTUs
776 330 820 379 Xl

544 428 637 458 PAPA
655 427 755 458 CXClV

422 497 513 529 Anno
537 495 664 529 Domini
689 493 869 529 MCCCHI.
917 517 921 537 ,

279 578 444 653 Nicotaus
482 616 667 657 Bucasinus,
697 615 792 662 patria
823 613 1019 655 Tarvisinus,

275 673 364 701 antea
398 667 543 712 magister
580 665 735 711 generalis
767 663 885 699 ordinis
924 663 1020 698 Prae-

275 715 462 755 dicatorum,
489 728 559 750 mox
581 715 614 749 S.
638 713 677 749 R.
705 714 739 749 E.
768 713 934 748 cardinalis
952 713 1020 760 epi-

276 777 391 812 scopus
417 764 584 805 Ostiensis,
612 764 730 799 electus
752 772 799 799 est
835 765 863 798 in
900 763 1018 798 Roma-

276 827 350 849 nurn
376 814 560 849 Pontificem
594 814 645 848 die
673 816 718 848 22
763 813 898 848 octobris
937 825 1020 848 auno

278 866 382 905 1305,
405 864 455 898 die
478 876 550 898 vero
573 865 617 898 27
657 872 836 903 coronatus,
860 871 890 898 et
916 863 1020 898 Bene-

275 913 378 949 dictus
403 913 448 948 Xl
482 913 667 961 appellatus,
708 912 799 948 Sedit
833 913 862 947 in
900 912 1020 959 pontifi-

276 972 346 998 catu
374 975 474 998 mens.
497 975 570 1004 viii,
588 963 654 998 dies
677 976 730 1004 xv,
747 962 973 1010 imperantibus
988 964 1019 998 in

274 1012 403 1048 Oriente
430 1012 610 1048 Andronico
638 1013 836 1060 imperatore,
860 1013 889 1047 in
924 1012 1020 1048 Occi-

274 1062 368 1097 dente
383 1074 454 1097 vero
469 1062 599 1097 Alberto
616 1075 687 1109 rege
700 1062 929 1102 Romanorum:
943 1062 1019 1097 obiit

275 1111 395 1147 Perusii
424 1113 473 1146 die
497 1115 517 1147 6
547 1112 611 1146 iulii
638 1115 731 1147 1304
752 1121 782 1147 et
801 1112 945 1158 sequenti
971 1112 1020 1146 die

275 1162 417 1208 sepultus
439 1170 486 1196 est
514 1162 544 1196 in
567 1161 699 1197 ecclesia
727 1161 856 1196 fratrum
890 1161 1019 1196 Praedi-

273 1219 424 1246 catorum.
444 1210 574 1246 Vacavit
600 1211 692 1246 sedes
714 1223 812 1246 mens.
837 1210 900 1245 fere
927 1223 968 1245 xi.

336 1491 515 1535 Encyclicae
536 1493 694 1525 Benedicti
715 1493 820 1525 literae
838 1493 873 1525 de
898 1504 953 1525 sua

413 1542 446 1574 in
475 1542 649 1588 Pontificem
671 1542 809 1575 electione
832 1543 886 1583 (l).

538 1619 750 1650 SUMMAmUii

275 1686 312 1715 ue
337 1687 452 1717 divinae
476 1689 675 1727 providentiae
694 1689 820 1719 arcanis.
849 1706 887 1711 —
906 1690 1019 1719 Gradus

312 1732 495 1770 dignitatum,
510 1742 583 1772 quos
595 1734 696 1772 gessit.
712 1751 750 1755 —
766 1735 791 1763 l.
807 1733 1019 1764 Communibus

312 1778 507 1808 cardinalium
535 1778 683 1818 suffragiis
711 1779 842 1809 Pontifex
871 1781 1020 1810 renuntia-

312 1829 368 1853 tus,
385 1840 423 1845 —
438 1823 464 1852 2.
483 1822 574 1854 Tanto
592 1825 672 1854 oneri
693 1825 884 1859 renuncians,
898 1841 937 1847 --
951 1824 1021 1855 Car-

311 1867 455 1898 dinalium
476 1868 613 1908 precibus
633 1868 806 1899 devincitur.
826 1886 863 1891 —
886 1869 911 1899 3.
937 1869 1020 1899 Prae-

313 1913 409 1943 sulum
434 1913 571 1952 implorat
594 1922 705 1951 preces

272 1985 430 2013 Benedictus
448 1985 586 2020 episcopus
607 1992 700 2013 servus
712 1992 852 2014 servorum
870 1985 925 2019 Dei,
942 1993 1020 2014 vene-

318 2034 448 2063 rabilibus
457 2033 601 2066 fratribus,
613 2034 811 2070 archiepiscopo
819 2035 1019 2067 mediolanensi.

318 2085 345 2113 et
368 2084 426 2112 eius
444 2083 634 2119 suffraganeis,
651 2084 767 2112 salutem
787 2085 816 2113 et
844 2084 1021 2120 apostolicam

319 2133 540 2162 benedictionem.

323 2205 427 2253 Opera
469 2205 594 2240 divinae
635 2207 790 2253 potentiae
833 2207 1020 2254 plerumque

79 2256 262 2308 ἴξὲοῗζὶζξῐξζζ
277 2267 365 2290 mens
387 2255 522 2290 humana
565 2256 707 2301 miratur,
746 2256 821 2291 dum
860 2257 1020 2292 mirabiles

80 2319 119 2339 nis.
278 2317 481 2352 personarum
504 2314 535 2340 et
561 2314 736 2354 temporum
781 2307 1019 2342 immutationes

276 2356 417 2397 attendit,
440 2356 469 2390 in
493 2368 624 2404 quorum
654 2357 917 2404 contemplatione
953 2369 1020 2392 sen-

277 2418 330 2440 sus
351 2406 487 2440 hominis
502 2405 682 2452 hebetatur,
703 2407 776 2441 duni
800 2414 932 2441 conatur
953 2419 1021 2454 per-

277 2457 400 2501 quirere
427 2455 659 2502 investigabiles
698 2457 760 2491 vias
799 2455 948 2495 Domini,
990 2464 1020 2490 et

279 2505 355 2540 Eius
392 2506 512 2541 occulta
556 2505 685 2540 consilia
726 2506 1020 2553 perscrutari31pse

279 2568 413 2603 namque
440 2567 677 2603 nonnumquam
701 2564 843 2603 potentes
866 2556 1020 2596 humiliat,

280 2606 364 2651 ponit
390 2606 524 2640 humiles
548 2606 578 2639 in
606 2605 756 2645 sublimi3
796 2613 826 2639 et
862 2605 1020 2654 dispensat

314 2676 353 2712 (l)
369 2676 407 2703 Ex
425 2676 559 2712 Raynaldo
577 2677 608 2703 ad
625 2684 721 2703 annum
741 2677 823 2708 1503,
840 2677 855 2711 S
872 2677 914 2703 ¹47.

862 272 1054 296 BENEDtCTUS
1082 272 1115 294 Xl
1145 272 1192 294 tw.

1683 259 1750 291 475

1058 339 1186 361 munera
1208 327 1392 373 gratiarum,
1420 327 1542 374 plenam
1570 335 1602 363 et
1632 329 1801 376 perfectam

1059 376 1178 411 liabens
1205 375 1243 410 ad
1265 376 1400 421 singula,
1423 384 1580 424 tamquam
1604 378 1707 424 palmo
1729 390 1804 414 con—

1058 425 1192 461 cludens
1218 425 1335 464 omnia,
1359 433 1553 472 potestatem.
1594 426 1658 462 Nos
1698 437 1801 463 autem

1059 475 1205 510 nimirum
1234 475 1263 509 in
1296 474 1532 510 admirationem
1571 477 1803 522 protrahimur,

1058 537 1093 559 ac
1117 524 1210 559 timor
1235 532 1266 559 et
1288 531 1402 559 tremor
1425 537 1482 559 nos
1524 525 1725 562 vehementer
1761 527 1803 561 in·

1060 573 1186 619 vadunt,
1213 574 1286 608 dum
1312 574 1389 608 infra
1411 574 1524 609 inentis
1562 586 1673 610 arcana
1709 576 1805 611 revol-

1060 624 1174 664 vimus,
1195 631 1270 671 quot
1297 632 1326 659 et
1348 632 1481 672 quantas
1501 624 1736 660 immutationes
1757 638 1806 660 re-

1059 674 1178 720 ceperit
1197 674 1348 709 haetenus
1380 682 1481 708 status
1516 681 1646 715 noster,
1681 676 1732 722 qui
1766 675 1804 709 ab

1059 723 1132 758 olim
1149 723 1290 759 ordinem
1314 723 1441 758 fratrum
1464 723 1719 759 Praedicatorum
1737 736 1806 771 pro-

1060 773 1144 816 fessi,
1173 773 1358 820 putabamus
1391 773 1503 809 abiecti
1538 785 1606 808 esse
1640 774 1669 808 in
1704 773 1805 809 Domo

1060 822 1184 857 Domini
1211 836 1282 858 cum
1318 823 1489 859 humilibus
1515 824 1614 858 servis
1648 822 1742 866 Eius,
1774 832 1804 858 et

1059 873 1117 908 sub
1147 873 1343 908 obedientiae
1381 873 1454 920 iugo
1491 872 1631 908 Creatori
1674 872 1804 908 reddere

1060 932 1164 957 votum
1191 931 1342 958 nostrum.
1367 922 1427 958 Sed
1468 923 1565 958 divini
1596 922 1804 970 dispositione
1831 928 1912 948 (ΝΜ
1935 929 2003 954 *¹⁸⁰¹*

1059 972 1180 1007 consilii
1205 982 1274 1020 post
1306 972 1476 1008 ministeria
1510 972 1591 1008 varia
1629 973 1660 1006 in
1695 972 1804 1008 ordine
1818 962 2005 1010 ¹2⁸1⁸i.¹”¹¹'⁶¹¹¹⁰⁵³³'¹

1061 1021 1220 1069 praedicto
1259 1022 1350 1057 nobis
1388 1022 1558 1070 imposita,
1604 1023 1804 1070 suscepimus

1060 1072 1229 1119 magisterii
1257 1072 1410 1118 generalis
1431 1072 1581 1114 officium
1619 1084 1655 1107 ac
1698 1071 1804 1107 subse-

1059 1130 1191 1169 quenter
1209 1121 1247 1156 ad
1269 1121 1478 1158 cardinalatus
1500 1123 1621 1169 apicem
1644 1121 1805 1169 dignitatis

1061 1183 1116 1217 per
1137 1170 1352 1218 Apostolicam
1379 1171 1493 1207 Sedem
1520 1172 1695 1218 assumpti,
1731 1183 1803 1206 cum

1059 1220 1240 1267 aliquandiu
1263 1221 1428 1256 ministerii
1463 1222 1561 1257 nostri
1597 1220 1738 1255 debitum
1774 1221 1803 1254 iu

1058 1269 1155 1315 gradu
1178 1269 1342 1304 sacerdotii
1369 1270 1555 1317 egissemus,
1580 1269 1726 1318 praefecti
1750 1270 1805 1304 fui·

1059 1331 1131 1353 mus
1155 1331 1210 1365 per
1235 1318 1350 1354 Sedem
1379 1320 1521 1356 eamdem
1556 1320 1586 1355 in
1619 1320 1804 1367 episcopum

1059 1367 1251 1404 Ostiensem.
1273 1368 1452 1404 Novissime
1478 1381 1552 1404 vero
1579 1368 1710 1404 fratrum
1751 1381 1806 1403 no-

1058 1426 1194 1453 strorum
1209 1418 1367 1459 instantia,
1387 1428 1479 1466 prout
1494 1419 1592 1454 series
1611 1417 1804 1466 infrascripta

1059 1467 1205 1509 declarat,
1224 1480 1281 1503 nos
1302 1468 1409 1504 subire
1428 1469 1530 1516 coegit
1552 1468 1705 1504 sarcinam
1734 1479 1806 1516 apo-

1059 1518 1189 1552 stolicae
1211 1518 1383 1553 servitutis.

1108 1571 1122 1611 ξ
1152 1570 1181 1602 1.
1205 1566 1311 1614 Nuper
1336 1568 1419 1603 enim
1449 1567 1547 1603 felicis
1578 1567 1805 1603 recordationis
1837 1575 1994 1610 emmaum,

1059 1616 1221 1652 Bonifacio
1244 1616 1326 1665 Papa
1351 1617 1432 1659 Vlll,
1455 1618 1535 1653 sicut
1563 1617 1700 1653 Domino
1742 1616 1806 1664 pla·
1817 1606 2002 1664 ἷῐῗξὶξᾞζῖἶέξζ

1060 1667 1135 1711 cuit,
1163 1666 1202 1702 de
1232 1666 1289 1702 hac
1331 1667 1401 1702 luce
1435 1667 1617 1711 subtracto,
1660 1676 1689 1702 et
1723 1667 1957 1702 sicutrfflffl‘ffl‘-

1059 1729 1232 1763 speramus,
1249 1725 1319 1764 post
1341 1717 1464 1752 labores
1487 1717 1647 1765 impensos
1661 1717 1700 1752 ad
1720 1728 1806 1765 prae-

1061 1767 1156 1801 mium
1179 1775 1317 1809 evocato;
1344 1767 1476 1815 eiusque
1497 1779 1627 1815 corpore
1642 1779 1714 1802 cum
1736 1778 1806 1801 exe-

1059 1817 1204 1864 quiarum
1240 1817 1438 1852 solemnitate
1469 1816 1572 1852 debita
1613 1817 1722 1852 tradito
1753 1828 1806 1850 ec-

1059 1866 1251 1901 clesiasticae
1272 1866 1465 1914 sepulturae,
1488 1879 1545 1902 nos
1571 1875 1645 1902 tunc
1671 1874 1706 1901 ut
1720 1878 1807 1914 prae-

1060 1917 1210 1963 tangitur,
1233 1916 1402 1964 episcopus
1435 1916 1604 1957 Ostiensis,
1627 1916 1804 1963 caeterique

1061 1966 1169 2001 fratres
1192 1966 1288 2000 nostri
1312 1966 1463 2014 episcopi,
1492 1966 1663 2014 presbyteri
1686 1974 1717 2001 et
1737 1966 1805 2000 dia—

1060 2016 1129 2050 coni
1157 2016 1190 2050 S.
1216 2015 1252 2050 R.
1276 2015 1312 2050 E.
1341 2016 1514 2050 cardinales
1541 2016 1578 2050 ad
1610 2015 1804 2050 tractandum

1059 2064 1097 2099 de
1127 2064 1261 2100 Romani
1294 2065 1516 2101 substitutione
1554 2065 1736 2105 Pontificis,
1774 2065 1804 2099 in

1060 2115 1173 2162 palatio
1197 2115 1303 2150 Sancti
1326 2115 1410 2150 Petri
1433 2115 1472 2150 de
1495 2114 1591 2159 Urbe,
1614 2115 1645 2149 in
1666 2127 1728 2162 quo
1749 2114 1805 2149 de-

1060 2174 1196 2200 cesserat
1224 2164 1344 2212 pridem
1364 2166 1441 2212 ipse,
1465 2165 1682 2206 convenimus3
1703 2163 1806 2198 nobis-

1059 2227 1121 2262 que
1156 2227 1191 2249 ac
1219 2215 1294 2262 ipsis
1315 2214 1353 2250 ad
1382 2215 1412 2250 id
1432 2214 1621 2261 eligentibus
1648 2226 1704 2262 per
1724 2215 1803 2248 viam

1061 2264 1229 2312 procedere
1251 2264 1405 2309 scrutinii,
1432 2264 1564 2311 contigit
1583 2264 1639 2299 ltto
1660 2263 1804 2304 faciente,

1059 2315 1111 2361 qui
1139 2314 1341 2350 concordiam
1364 2314 1477 2361 diligit,
1504 2313 1589 2362 quod
1609 2314 1703 2348 unico
1724 2312 1804 2347 facto

1060 2376 1095 2399 ac
1123 2364 1280 2412 publicato
1307 2364 1470 2409 scrutinio,
1492 2371 1574 2398 tanta
1603 2363 1736 2398 finaliter
1774 2363 1802 2397 in

1062 2416 1139 2450 votis
1161 2414 1344 2450 eorumdem
1368 2414 1496 2449 fratrum
1521 2423 1567 2448 est
1589 2412 1710 2448 inventa
1733 2424 1806 2447 cou-

1060 2464 1176 2505 cordia,
1204 2465 1286 2511 quod
1316 2476 1370 2511 per
1395 2476 1450 2499 eos
1471 2463 1509 2498 de
1533 2462 1636 2503 uobis,
1659 2463 1729 2497 licet
1752 2462 1804 2496 im*

1061 2514 1213 2554 meritus,
1257 2514 1315 2549 suit
1355 2513 1392 2548 ad
1434 2512 1627 2560 apostolatus
1666 2511 1802 2547 officium

1061 2576 1092 2598 XI
1129 2563 1276 2599 kalendas
1314 2563 1493 2598 novembris
1532 2561 1673 2610 proxime
1703 2562 1802 2610 elapsi

1060 2613 1169 2648 electio
1191 2613 1355 2648 celebrata.
1385 2612 1418 2647 In
1460 2624 1523 2659 quo
1560 2623 1633 2659 prae
1665 2611 1805 2646 adrnira-

1061 2663 1154 2698 tionis
1176 2663 1391 2709 magnitudine
1420 2662 1544 2703 redditi,
1567 2674 1624 2697 nec
1646 2662 1804 2697 immerito

1817 268 1865 295 Αη,
1884 267 1913 295 C.
1936 269 2001 295 ¹505
