2274 3265
247 268 296 295 Aa.
318 267 346 294 c.
362 269 427 295 ¹305
494 258 556 289 17⁴

442 324 518 363 iure,
547 322 668 356 interim
691 334 752 356 non
777 333 869 368 posse
890 322 1048 360 conferre,
1076 322 1183 369 impe-

442 373 521 407 rium
543 372 607 406 sive
636 371 883 406 iurisdictionem
905 370 1041 418 aliquam
1071 383 1126 418 per
1149 384 1182 406 se

440 421 487 456 vel
509 421 596 461 alios,
618 430 671 456 aut
692 433 877 456 communes
899 428 995 460 actus,
1018 432 1074 456 seu
1098 421 1182 467 legi—

440 471 533 505 timos
560 482 715 510 exercere,
742 478 773 505 et
807 469 1006 505 collationem
1038 479 1069 505 et
1091 482 1183 505 exer-

440 520 549 555 citium
573 520 677 567 ipsum
703 520 818 555 nullius
843 519 1022 566 dignitatis;
1045 532 1080 553 ac
1108 531 1183 554 vas-

260 577 347 603 'mque
382 569 652 616 mresattosipsius
684 582 755 604 esse
785 582 801 604 a
835 568 993 610 fidelitate,
1026 568 1117 603 etiam
1135 568 1184 603 iu-

244 608 588 664 ssissss'gfliailss'ssramentis
622 619 736 666 quibus
769 618 984 664 astringuntur
1018 617 1132 661 eidem,
1154 627 1183 652 et

244 675 289 721 '⁶2¹1‘
306 675 353 690 ‘¹³⁸
373 669 426 690 ’Μ’
442 668 623 703 huiusmodi
640 668 744 703 debito
761 668 854 703 totius
872 666 1028 714 obsequii,
1051 667 1184 701 auctori-

270 718 284 720 “’
441 726 502 753 tate
518 730 687 762 canonum,
705 717 884 757 absolutos3
898 716 957 751 hoc
972 715 1119 750 omnibus
1135 715 1183 750 bis

441 767 623 815 praecipue,
657 767 711 815 qui
740 767 779 801 de
807 767 877 801 eius
900 777 994 811 regno
1016 773 1108 805 sunt,
1136 766 1181 799 vel

441 818 470 852 in
497 830 534 852 eo
556 829 674 852 moram
698 816 825 856 faciunt,
840 815 1020 849 nuntiantes
1042 827 1114 849 eum
1134 826 1184 848 ex-

438 866 706 902 communicatum
742 865 881 900 comitari
919 876 1035 911 poenas
1070 863 1182 897 buius-

438 916 522 951 modi
540 916 752 951 declaramus:
776 922 805 949 et
832 925 918 948 more
944 913 1032 961 periti
1056 912 1182 956 medici,

437 978 507 1000 cum
532 978 593 1000 non
617 964 792 1012 profuerint
819 963 949 1007 monita,
971 974 987 997 a
1010 962 1182 997 levioribus

438 1015 639 1061 incipientes,
679 1026 716 1049 ac
751 1013 937 1048 Sanctorum
966 1011 1096 1047 patrum
1125 1024 1183 1046 no-

437 1072 573 1099 strorum
613 1072 729 1099 statuta
751 1070 905 1106 tenentes,
937 1074 1048 1097 omnes
1075 1061 1183 1096 fideles

437 1121 467 1148 et
480 1112 628 1148 vassallos
648 1113 734 1154 eius,
761 1113 855 1159 eique
869 1112 986 1146 iuratos
1000 1124 1015 1146 a
1032 1110 1182 1145 fidelitate

437 1172 467 1198 et
493 1163 688 1208 iuramentis,
716 1173 881 1210 quousque
904 1160 988 1195 idem
1008 1173 1060 1196 rex
1082 1160 1111 1194 in
1127 1172 1183 1195 ex-

437 1212 724 1248 communicatione
759 1211 976 1259 permanserit,
1011 1209 1181 1257 apostolica

438 1262 643 1297 nihilominus
677 1261 860 1297 anctoritate
897 1260 1107 1304 absolvimus,
1153 1268 1183 1294 et

438 1324 476 1347 ne
503 1311 605 1347 eidem
628 1311 809 1348 fidelitatem
837 1309 1007 1345 observent
1039 1309 1084 1344 vel
1116 1321 1183 1343 ser-

438 1369 510 1397 vent
537 1361 638 1396 modis
659 1361 820 1405 omnibus,
845 1359 904 1394 sub
927 1359 1183 1394 interminatione

437 1410 642 1446 anathematis
669 1412 750 1458 (quia
780 1409 880 1456 magis
901 1410 980 1453 Deo,
1007 1422 1101 1457 quam
1131 1408 1185 1444 bo-

436 1460 574 1496 minibus
609 1461 725 1496 servire
765 1467 903 1508 oportet,
943 1470 973 1494 et
1000 1459 1181 1494 fidelitatem

437 1510 607 1545 christiano
635 1510 770 1558 principi
796 1510 864 1544 Deo
886 1509 1061 1544 adversanti
1097 1509 1184 1543 eins-

436 1572 499 1607 que
527 1568 691 1607 praecepta
719 1560 851 1595 calcanti
888 1559 973 1594 nulla
996 1559 1184 1593 cohibentur

436 1609 623 1645 auctoritate
645 1609 838 1657 persolvere)
858 1608 1070 1656 prohibemus.

484 1663 500 1703 ξ
521 1662 553 1694 8.
576 1659 616 1693 Εῑ
642 1659 718 1706 quin
746 1671 800 1694 rex
822 1659 889 1706 ipse
912 1659 1034 1704 aliquos
1057 1658 1182 1692 forsitan

253 1715 355 1765 smegma
392 1716 422 1735 ³⁵-
436 1709 600 1749 inveniret,
638 1710 691 1755 qui
728 1708 875 1743 beneficia
910 1707 1104 1747 huiusmodi,
1126 1708 1182 1742 Dei

239 1751 423 1804 2221322‘2212‘.
437 1760 548 1794 timore
576 1759 761 1806 postposito,
802 1758 842 1793 ab
876 1758 944 1805 ipso
986 1758 1183 1804 reciperent,

239 1814 283 1860 {22
305 1808 423 1860 {2232}ss
436 1808 576 1844 districte
605 1809 830 1856 praecipimus,
852 1808 910 1842 sub
932 1807 1186 1842 excommunica-

437 1858 545 1902 tionis,
566 1858 747 1893 amissiouis
763 1858 1001 1899 beneficiorum,
1016 1870 1095 1905 quae
1109 1857 1185 1892 alias

437 1908 602 1948 baberent,
634 1917 663 1942 et
700 1908 904 1943 inhabilitatis
944 1916 1111 1955 perpetuae
1145 1908 1183 1942 ad

436 1958 647 1993 ecclesiastica
683 1958 832 1993 beneficia
877 1957 916 1992 de
955 1966 1077 1992 caetero
1111 1958 1184 1991 obti-

438 2008 552 2052 nenda,
581 2020 700 2055 poena,
723 2020 816 2055 quam
846 2007 913 2054 ipso
953 2008 1033 2042 facto
1079 2008 1186 2042 incur-

437 2066 517 2101 rant,
539 2059 564 2092 si
587 2058 776 2092 contrarium
800 2066 902 2103 agant,
926 2070 964 2092 ne
997 2058 1035 2092 ab
1070 2070 1106 2091 eo
1140 2058 1184 2091 sic

436 2108 710 2144 excommunicato
752 2114 908 2147 manente,
943 2107 994 2141 illa
1035 2107 1186 2153 recipiant

437 2157 672 2206 quoqu0m0d03
692 2157 842 2197 districte,
865 2157 925 2191 sub
958 2156 1136 2191 huiusmodi
1171 2170 1185 2190 a

437 2208 528 2243 nobis
550 2207 731 2254 infligendis
756 2207 874 2254 poenis,
914 2206 1093 2241 inhibentes
1134 2219 1186 2241 ca-

439 2258 546 2306 pitulis
572 2257 798 2301 Ecclesiarum,
823 2257 853 2291 in
888 2256 1003 2303 quibus
1036 2256 1185 2291 beneficia

439 2308 503 2355 ipsa
529 2320 584 2354 per
607 2319 725 2353 regem,
760 2307 1091 2341 excommunicatione
1131 2306 1186 2340 dn-

440 2365 538 2398 rante,
559 2357 764 2392 conferuntur
786 2356 945 2396 eumdem,
968 2369 1006 2390 ne
1029 2368 1093 2396 eos,
1121 2357 1187 2402 qui-

441 2407 500 2442 bus
520 2407 747 2450 conceduntur,
769 2406 808 2440 ab
841 2407 908 2453 ipso
944 2406 1096 2452 recipiant
1139 2406 1185 2439 vel

252 2465 425 2500 Omnesweeon-
440 2457 613 2492 admittant.
640 2456 739 2491 Porro
766 2468 836 2491 cum
853 2456 1003 2502 scriptum
1026 2455 1079 2490 sit:
1095 2455 1188 2489 Solve

245 2497 427 2555 ςὶθπῖᾱῗζζζᾝζς
442 2506 654 2552 colligationes
667 2506 846 2553 impietatis,
860 2507 944 2540 solve
961 2505 1126 2541 fasciculos
1138 2505 1187 2539 de-

247 2560 351 2580 ¹³V³¹ld³l
443 2557 626 2603 primentes,
637 2569 693 2591 nos
703 2556 992 2591 confoederationes
1005 2555 1187 2602 praedictas,

443 2606 536 2640 etiam
559 2619 629 2641 cum
652 2606 814 2653 quibusvis
837 2615 935 2641 terrae
971 2605 1095 2650 regibus
1137 2612 1188 2639 aut

445 2655 652 2704 principibus,
679 2656 763 2704 quod
788 2668 848 2690 non
883 2655 1053 2700 credimus,
1086 2654 1188 2695 initas,

239 1871 344 1891 declarat:

1022 267 1206 290 annianum
1234 266 1394 290 ROMANUM

1982 266 2033 295 An.
2050 267 2077 294 C.
2094 267 2162 294 ⁴505

1223 322 1436 362 dissolvimus,
1458 329 1489 357 ct
1512 322 1696 361 iuramenta,
1734 322 1759 356 si
1794 335 1855 370 qua
1895 332 1967 358 sunt

1225 372 1386 417 praestita,
1420 369 1637 406 annullamus:
1672 370 1762 406 etiam
1787 371 1968 408 nuntiantes

1225 421 1282 467 ipsi
1312 420 1387 467 regi,
1416 429 1448 455 ut
1474 433 1489 454 a
1512 420 1589 454 facie
1612 432 1704 455 arcus
1740 420 1857 467 fugiat3
1889 423 1966 456 resi-

1225 470 1333 517 piscat,
1354 469 1391 504 ad
1415 469 1623 504 obedientiam
1653 469 1770 514 redeat,
1796 478 1825 504 et
1846 470 1883 505 ad
1907 470 1967 506 Do-

1224 520 1343 554 minum
1366 526 1575 558 convertatur,
1599 530 1648 562 ne,
1681 519 1765 566 quod
1801 521 1967 565 praeterire
2008 548 2131 568 meum

1225 581 1284 603 non
1306 568 1488 608 valebimus,
1507 569 1587 603 iusto
1610 570 1640 602 in
1664 581 1734 602 enm
1763 567 1881 603 iudicio
1903 571 1969 604 ani-
1981 579 2036 601 bunc
2052 564 2073 599 ξε
2089 564 2166 613 ἦνθυ-

1224 618 1415 652 madvertere
1438 617 1673 665 compellamur.
1983 613 2075 631 “mmm
2092 610 2140 630 ⁴¹⁸⁸

1271 672 1286 710 ᾗ
1313 669 1344 702 9.
1368 667 1410 702 Ut
1431 675 1534 702 autem
1559 667 1739 702 huiusmodi
1763 675 1868 702 noster
1902 681 1968 716 pro-

1223 728 1347 756 cessuS,
1370 729 1464 763 quem
1481 716 1518 751 de
1533 717 1665 752 consilio
1688 716 1816 751 fratrum
1844 726 1967 753 nostro-

1224 778 1291 799 rum
1312 766 1453 806 facimus,
1476 765 1513 800 ad
1537 766 1677 801 omnium
1694 766 1833 801 notitiam
1874 766 1969 802 dedu-

1223 823 1321 854 catur,
1343 814 1463 849 cbartas
1482 816 1546 850 sive
1566 816 1763 851 membranas
1785 828 1967 863 processum

1223 865 1421 899 continentes
1443 864 1591 903 eundem,
1631 866 1661 900 in
1696 865 1867 900 cathedrali
1906 867 1968 901 Ec-

1223 913 1316 948 clesia
1351 913 1527 959 Anagnina,
1581 914 1628 948 vel
1663 914 1743 961 affigi
1784 916 1883 960 ostiis,
1925 916 1968 950 vel

1223 976 1317 1010 snper
1344 962 1543 998 liminaribus
1565 963 1732 1005 faciemus,
1771 977 1852 1011 quae
1896 979 1970 1013 pro-

1222 1025 1346 1047 cessum
1371 1020 1511 1047 nostrum
1534 1025 1592 1047 suo
1619 1013 1709 1060 quasi
1731 1025 1848 1049 sonoro
1878 1027 1970 1062 prae-

1223 1062 1313 1097 conio
1341 1069 1371 1096 et
1394 1061 1499 1109 patulo
1523 1062 1641 1097 indicio
1665 1062 1882 1109 publicabunt,
1925 1065 1967 1098 ita

1223 1116 1308 1163 quod
1332 1116 1412 1150 idem
1437 1129 1488 1150 rex
1527 1124 1556 1150 et
1591 1116 1652 1158 alii,
1686 1128 1765 1164 quos
1805 1129 1970 1163 processus

1224 1171 1289 1217 ipse
1323 1170 1488 1216 contingit,
1509 1169 1625 1205 nnllam
1649 1170 1769 1217 possint
1791 1172 1972 1206 excusatio—

1224 1236 1295 1258 nem
1307 1222 1519 1271 praetendere,
1535 1224 1618 1271 quod
1634 1223 1671 1258 ad
1686 1236 1740 1259 eos
1763 1224 1831 1259 talis
1845 1237 1973 1271 proces-

1223 1291 1277 1313 sus
1300 1290 1360 1312 non
1379 1279 1565 1325 pervenerit,
1579 1278 1625 1313 vel
1648 1278 1732 1325 quod
1763 1278 1971 1325 ignoraverint

1223 1332 1373 1377 eundem,
1397 1345 1469 1367 cum
1499 1345 1558 1367 non
1598 1333 1639 1367 sit
1673 1332 1840 1368 verisimile
1875 1346 1974 1369 rema-

1224 1399 1297 1422 nere
1323 1387 1424 1434 quoad
1453 1387 1537 1434 ipsos
1560 1387 1755 1433 incognitum
1780 1387 1825 1421 vel
1864 1387 1972 1422 occul-

1224 1450 1304 1483 tum,
1331 1442 1416 1489 quod
1440 1450 1499 1476 tam
1530 1450 1671 1489 patenter
1693 1441 1843 1476 omnibus
1870 1442 1973 1489 publi-

1224 1505 1321 1532 catur.

1273 1551 1385 1586 Actum
1413 1550 1574 1597 Anagniae
1598 1551 1627 1585 in
1652 1551 1720 1586 aula
1743 1551 1839 1586 nostri
1865 1550 1968 1597 palatii

1224 1614 1310 1640 sexto
1342 1606 1412 1640 idus
1446 1605 1646 1653 septembris,
1682 1606 1880 1653 pontificatus
1921 1618 1971 1639 no-

1224 1661 1277 1695 stri
1301 1673 1384 1695 anno
1412 1673 1494 1695 nono
1517 1663 1573 1705 (l).

1252 1732 1312 1761 Dat.
1329 1732 1375 1762 die
1392 1733 1408 1761 8
1425 1731 1601 1771 septembris
1618 1731 1704 1769 1303,
1720 1736 1798 1771 pont.
1815 1741 1890 1761 anno
1910 1741 1945 1761 ix.

1259 1821 1298 1855 (l)
1320 1821 1401 1846 Hasce
1418 1820 1506 1846 literas
1524 1819 1740 1855 publicatas‘non
1761 1818 1840 1846 fuisse
1860 1822 1970 1846 conten-

1225 1864 1263 1890 dit
1288 1863 1382 1896 Pagius
1401 1863 1426 1888 in
1451 1862 1575 1889 Bonifacii
1596 1863 1661 1895 vita,
1685 1862 1791 1897 §Lxm
1813 1863 1972 1890 Bonisaciuni

1225 1903 1356 1938 siquidem
1382 1903 1424 1929 die
1452 1904 1466 1928 7
1493 1903 1653 1937 septembris
1678 1903 1758 1929 fuisse
1785 1911 1799 1930 a
1824 1904 1971 1938 Nogareto.

1225 1944 1390 1978 caeterisque
1407 1943 1586 1977 perduellibus
1605 1944 1737 1978 Anagniae
1756 1946 1873 1978 captum,
1893 1947 1932 1970 est
1948 1944 1973 1970 in

1225 1987 1375 2018 comperto,
1397 1990 1458 2009 cum
1475 1983 1524 2010 boc
1544 1983 1681 2010 decretum
1698 1983 1740 2011 die
1757 1987 1860 2010 tantum
1881 1987 1972 2011 octava

1226 2024 1293 2050 foret
1307 2022 1540 2058 promulgandum,
1562 2028 1642 2058 prout
1658 2032 1690 2050 ex
1707 2024 1770 2058 ipsis
1785 2028 1895 2059 apparet
1907 2025 1974 2051 notis

1226 2062 1429 2097 chronologicis,
1449 2071 1517 2097 quae
1534 2063 1558 2089 in
1576 2063 1646 2090 calce
1665 2063 1797 2098 leguntur.
1818 2063 1851 2090 At
1866 2063 1972 2090 Bonifa-

1225 2105 1294 2130 cium
1311 2112 1324 2130 a
1342 2104 1467 2131 Romanis
1483 2107 1543 2138 post
1557 2102 1675 2129 triduum
1692 2102 1806 2129 libertati
1823 2103 1973 2130 restitutum

1226 2152 1317 2171 omnes
1329 2147 1439 2170 norunt:
1458 2147 1520 2170 tunc
1536 2151 1600 2170 vero
1614 2151 1719 2169 omnem
1735 2143 1860 2170 habuisse
1875 2143 1973 2171 decreti

1226 2185 1306 2211 liuius
1323 2184 1471 2219 publicandi
1489 2184 1637 2210 facultatem
1653 2184 1713 2218 quis
1725 2184 1875 2218 negaverit?
1891 2184 1973 2211 Chro-

1228 2225 1360 2259 nologicae
1375 2224 1506 2259 siquidem
1523 2227 1600 2250 notae
1616 2224 1684 2250 diem
1702 2224 1885 2251 tantummodo
1901 2224 1971 2251 dest-

1226 2268 1317 2298 gnant,
1329 2272 1383 2299 quo
1399 2264 1461 2290 illud
1478 2264 1681 2299 promulgasset,
1699 2264 1720 2290 si
1738 2264 1776 2291 sui
1794 2264 1972 2292 fuissetiuris.

1227 2305 1246 2331 Α
1273 2304 1410 2336 Leibnitio,
1437 2305 1545 2339 Dupuy,
1572 2304 1681 2339 aliisque
1700 2312 1730 2330 ex
1759 2304 1973 2332 bibliothecarum

1227 2344 1393 2371 diversarum
1421 2352 1484 2371 mss.
1506 2344 1568 2370 illud
1590 2344 1700 2379 legimns
1722 2347 1837 2371 erutum:
1864 2353 1895 2372 ex
1921 2353 1974 2380 quo

1227 2386 1320 2412 comici
1341 2388 1436 2420 potest.
1454 2386 1539 2420 ipsum
1557 2385 1682 2420 originale
1698 2385 1828 2419 Anagniae
1845 2385 1911 2412 inter
1931 2390 1973 2411 tu-

1228 2427 1325 2453 multus
1351 2434 1401 2452 non
1428 2426 1506 2452 fnisse
1531 2425 1709 2460 deperditum.
1737 2432 1784 2452 nec
1809 2425 1833 2451 in
1859 2424 1972 2452 hostium

1227 2466 1366 2493 devenisse
1382 2474 1484 2496 manus:
1502 2473 1515 2492 a
1533 2465 1662 2491 Bonifacio
1681 2467 1779 2496 autem,
1801 2465 1897 2492 Romae
1913 2473 1972 2492 cum

1227 2510 1305 2535 esset.
1326 2506 1486 2541 exemplaria
1504 2505 1626 2532 nonnulla
1642 2505 1674 2532 ad
1697 2506 1838 2540 principes,
1855 2506 1973 2542 aliosque

1228 2547 1305 2574 missa
1323 2548 1412 2574 fuisse.
1433 2547 1561 2577 Profecto,
1583 2547 1630 2573 nisi
1657 2547 1682 2572 in
1707 2546 1856 2581 aliquorum
1881 2547 1971 2574 salt-ern

1229 2588 1347 2614 notitiam
1364 2588 1410 2614 hae
1426 2587 1594 2614 devenissent
1613 2586 1716 2617 literae,
1729 2594 1776 2613 nec
1795 2586 1895 2614 absolvi
1913 2587 1971 2614 Phi—

1228 2626 1316 2662 lippus
1336 2636 1349 2654 a
1374 2628 1507 2655 Clemente
1525 2627 1545 2653 V
1565 2628 1691 2662 petiisset,
1719 2635 1766 2653 nec
1785 2626 1840 2653 illas
1865 2627 1897 2654 ab
1922 2636 1970 2655 eo-

1228 2666 1287 2693 dem
1305 2667 1437 2694 Clemente
1452 2667 1548 2694 irritari
1565 2666 1734 2702 oportuisset.
1961 2662 1965 2667 ’
