2274 3265
469 249 532 281 168

462 321 477 358 ξ
505 318 536 349 8.
560 314 628 349 Non
652 313 847 349 obstantibus
869 313 1070 361 supradictis,
1101 326 1155 348 seu

226 372 355 392 ⁰b21w⁰=¹¹¹=
367 372 400 391 «ιτ»
414 364 452 399 de
466 363 589 399 duabus
602 363 746 407 dietis(l)
762 362 841 398 edita
857 363 886 397 in
906 363 1039 398 concilio
1061 375 1159 410 gene-

220 406 306 427 ¹⁰*⁴'¹¹⁰'
415 413 468 448 rali
497 422 527 448 et
549 420 670 453 nostra,
704 425 765 460 qua
800 422 936 457 cavetur,
971 413 1054 460 qnod
1082 425 1158 447 con-

414 472 586 498 servatores
607 475 623 497 a
645 462 730 498 Sede
751 462 891 509 deputati
919 462 1076 509 praedicta
1103 462 1158 496 ali-

414 525 494 560 quos
516 512 594 547 ultra
614 525 706 547 unam
734 511 848 547 dietam
873 524 887 547 a
917 513 977 546 line
1006 511 1160 546 dioecesis

414 562 596 597 eorumdem
626 562 747 597 trabere
775 574 837 596 non
876 569 1095 608 praesumant,
1131 569 1159 596 et

414 612 665 660 quibuscumque
689 611 758 646 aliis
781 611 1060 646 constitutionibus
1089 622 1162 644 ron-

416 663 530 703 trariis,
553 661 725 697 dummodo
754 661 832 696 ultra
857 662 977 696 tertiam
1002 660 1051 695 vel
1067 672 1161 706 qnar-

416 721 476 747 tam
504 711 619 747 dietam
642 719 727 746 extra
749 723 836 746 suam
860 711 1029 745 dioecesim
1049 709 1162 756 aliquis

415 762 597 797 auctoritate
620 761 831 809 praesentium
857 773 916 795 non
946 759 1095 797 trabatur.
1111 767 1162 793 aut

415 813 440 846 si
463 811 624 859 aliquibus
645 811 683 845 ab
706 810 814 845 eadem
830 810 870 845 sit
892 809 975 844 Sede
992 809 1162 851 indultum,

417 861 463 895 vel
487 861 515 895 in
545 869 703 908 posterum
721 859 874 905 indulgeri
891 859 1061 905 contingat,
1078 857 1162 904 quod

416 910 695 949 excommunicari,
730 908 902 956 suspendi,
941 907 987 943 vel
1022 907 1163 942 interdici

416 972 478 995 non
508 960 629 1007 possint
666 971 720 1006 per
746 959 851 993 literas
872 957 1077 1005 apostolieaS,
1105 957 1164 990 im-

418 1018 562 1057 petrataS,
585 1009 631 1044 vel
655 1008 747 1043 etiam
777 1006 1001 1053 impetrandas,
1024 1006 1082 1041 nisi
1102 1018 1164 1041 eze—

417 1059 487 1094 dem
512 1058 617 1093 literae
652 1057 867 1106 impetrandae
896 1056 1021 1104 plenam
1057 1064 1087 1091 et
1117 1068 1166 1090 ex-

418 1120 555 1156 pressam
592 1108 722 1143 fecerint
754 1107 793 1141 de
827 1106 949 1141 indulto
984 1105 1164 1141 huiusmodi

418 1158 625 1199 mentionem,
653 1166 682 1192 et
715 1156 911 1205 quibuslibet
946 1156 1044 1191 literis
1067 1163 1096 1190 et
1119 1155 1167 1189 in-

418 1207 515 1242 dultis
540 1206 733 1255 apostolicis,
756 1219 810 1254 per
831 1218 919 1253 quas,
949 1204 1168 1253 praesentibus

420 1270 481 1293 non
504 1257 678 1305 expressis,
701 1255 747 1291 vel
782 1256 917 1291 totaliter
939 1267 1001 1290 non
1031 1254 1167 1296 insertis,

421 1315 543 1342 nostrae
583 1305 809 1342 iurisdictionis
842 1305 1010 1353 explicatio
1045 1305 1075 1339 in
1111 1304 1169 1339 bac

421 1365 506 1405 parte
526 1365 630 1404 posset
653 1355 890 1404 quomodolibet
906 1354 1063 1402 impediri,
1087 1362 1114 1389 ct
1131 1354 1169 1389 de

420 1407 547 1454 quibus,
581 1417 782 1454 quorumque
818 1405 890 1440 totis
925 1404 1087 1439 tenoribus
1132 1404 1169 1438 de

422 1456 516 1491 verbo
542 1455 580 1491 ad
603 1455 732 1491 verbum
753 1455 783 1489 in
801 1455 916 1490 nostris
934 1454 1033 1489 literis
1054 1454 1170 1489 mentio

421 1506 460 1540 sit
486 1505 641 1540 habenda.
669 1505 826 1540 Volumus
848 1512 969 1549 antem,
997 1503 1081 1551 quod
1098 1505 1171 1552 qui·-

421 1555 495 1590 libet
523 1563 678 1596 vestrum,
714 1554 809 1590 etiam
846 1566 942 1601 super
968 1554 1095 1600 negotio
1118 1566 1173 1601 per

422 1605 573 1652 collegam
596 1617 688 1639 suum
718 1604 748 1639 in
772 1603 829 1638 bac
853 1612 938 1651 parte
961 1603 1107 1651 primitus
1130 1604 1174 1637 in-

423 1655 548 1699 choato,
580 1667 613 1690 se
636 1654 842 1689 intromittere
867 1653 979 1694 valeat,
1010 1661 1040 1688 et
1064 1665 1174 1701 proce-

423 1705 497 1740 dere
520 1705 550 1739 in
578 1704 689 1739 eodem
724 1711 815 1752 prout
843 1711 873 1738 et
900 1703 1046 1751 quotiens
1083 1702 1174 1737 suerit

424 1762 650 1802 opportunum.

474 1804 588 1839 Datum
623 1804 804 1851 Anagniae,
832 1815 915 1838 anno
952 1802 1176 1837 incarnationis

426 1854 604 1889 dominicae
633 1866 770 1894 Meceni,
793 1855 814 1887 8
837 1853 908 1888 idus
935 1853 1024 1894 iunii⁷
1049 1852 1177 1900 pontifi-

427 1912 514 1939 catus
537 1912 635 1939 nostri
661 1916 744 1939 anno
772 1916 818 1938 tx.

482 1965 542 1995 Dat.
566 1966 612 1995 die
635 1966 652 1995 0
676 1965 748 1995 iunii
770 1964 1126 2004 s1303.p0ntis.ann01x.

218 262 266 288 An.
284 261 313 287 C.
334 262 400 288 ¹505

762 2084 848 2119 xxi.

499 2159 620 2193 Erectio
641 2159 750 2192 Stadii
764 2157 916 2202 yeneralt's
937 2157 969 2189 in
992 2157 1111 2189 cit-ilate

681 2208 846 2241 Aviniom's
868 2207 923 2251 (2).

697 2277 911 2308 SUMMARIUM

431 2341 619 2372 Prooemium.
648 2358 685 2363 —
715 2341 740 2370 t.
768 2340 869 2370 Studia
900 2340 1048 2369 literarum
1084 2338 1180 2367 favore

473 2389 662 2425 prosequitur
692 2385 834 2415 Pontifex.
872 2402 912 2407 —
941 2385 970 2413 ⁶2.
1003 2383 1032 2412 In
1065 2383 1180 2412 civitate

473 2432 606 2461 Avinion.
626 2431 748 2469 erigitur
769 2430 924 2469 Studium..
939 2446 978 2451 —
1000 2429 1026 2458 3.
1046 2427 1180 2457 Facultas

474 2476 637 2514 magisteria
676 2476 857 2505 conferendi.
885 2492 924 2498 —
952 2475 980 2503 4.
1017 2473 1179 2502 Laureandi

475 2520 555 2558 prius
578 2521 790 2549 examinentur.
810 2537 847 2541 —
866 2520 885 2548 A
911 2528 968 2558 quo
992 2518 1114 2547 debeant
1132 2527 1182 2557 ap-

471 2581 510 2616 (i)
527 2582 606 2609 Deest
622 2581 709 2609 forsan
727 2585 922 2608 constitutione.
963 2581 1001 2616 (Ξ)
1036 2575 1182 2607 Hic⁸idem

436 2622 553 2649 Pontifex
572 2623 656 2649 simile
675 2623 798 2649 Studium
826 2630 886 2649 mox
916 2622 1030 2649 instituit
1055 2621 1080 2647 in
1101 2621 1181 2653 Urbe,

436 2662 501 2688 utin
518 2663 575 2689 eius
593 2667 678 2690 ronst.
695 2663 871 2698 praecedenti.

1001 258 1037 280 titt
1044 257 1183 279 [Lanuui
1215 256 1281 278 ROM
1288 256 1303 277 Λ
1311 256 1326 277 Ν
1333 255 1375 277 tm

1239 310 1365 350 probari.
1394 327 1432 331 —
1450 310 1477 337 Γ».
1496 310 1549 344 Qui
1574 308 1683 338 suerint
1710 307 1859 346 approbati
1881 307 1948 337 ubi-

1239 355 1311 385 libet
1337 358 1462 394 possnnt
1494 353 1600 391 legere.
1632 369 1669 374 —
1700 352 1727 382 G,
1751 351 1948 382 luramentum

1239 400 1274 429 ab
1288 397 1538 428 examinatoribus
1555 397 1774 436 praestandum.
1785 413 1823 419 --
1836 397 1861 426 7.
1876 396 1950 427 Doc-

1240 449 1334 474 torum
1358 448 1384 473 et
1408 443 1586 473 scholarium
1607 442 1768 482 privilegia.

1245 521 1399 550 Bonitacius
1419 522 1561 558 episcopus
1580 527 1676 549 servus
1694 525 1834 548 servorum
1850 518 1905 551 Dei,

1335 572 1369 600 ad
1393 571 1554 607 perpetuam
1585 570 1626 599 rei
1648 569 1817 598 memoriam.

1250 643 1432 678 Conditoris
1476 644 1617 678 omnium
1664 643 1817 677 immensa
1859 640 1950 676 beni-

1203 694 1304 740 gnitas
1326 693 1435 728 rudem
1465 694 1644 731 hominem,
1670 705 1762 740 quem
1787 699 1857 739 post
1880 702 1952 738 per-

1203 743 1380 790 ceptionem
1411 743 1562 778 mortiferi
1591 750 1702 789 gustus
1723 741 1761 776 ad
1786 740 1954 789 perfectio-

1206 805 1276 828 nem
1292 792 1491 827 discretionis
1505 793 1616 828 afferre
1632 791 1782 826 naturalis
1798 791 1874 826 ratio
1890 803 1951 825 non

1206 849 1337 889 poterat,
1374 841 1574 876 scientiarum
1610 842 1789 888 artiumque
1816 840 1954 875 decrevit

1206 891 1408 937 dogmatibus
1448 891 1575 925 erudiri.
1618 891 1735 938 Sicque
1770 890 1854 925 dono
1882 889 1954 924 dato

1206 941 1355 975 divinitus
1375 941 1510 988 plurium
1530 940 1677 975 idiomata
1699 939 1877 982 nationum,
1896 939 1955 973 sub

1207 991 1398 1025 diversarum
1428 990 1605 1036 linguarum
1642 989 1788 1024 varietate
1823 988 1955 1029 diffusa,

1208 1040 1237 1074 in
1263 1052 1362 1073 unum
1391 1039 1584 1073 conveniunt
1618 1037 1767 1086 loquendi
1800 1049 1956 1072 commer-

1208 1089 1305 1130 cium,
1333 1089 1495 1123 latinitatis
1510 1088 1621 1122 ordine
1636 1086 1777 1122 literalis.
1800 1086 1854 1121 Sic
1870 1095 1955 1133 gesta

1210 1147 1331 1186 patrum
1373 1146 1403 1173 et
1444 1138 1622 1185 principum
1661 1136 1784 1171 redacta
1818 1145 1892 1171 sunt
1927 1143 1957 1169 et

1209 1188 1396 1235 rediguntur
1427 1188 1456 1222 in
1485 1194 1688 1222 monumenta
1712 1185 1877 1220 librorum.
1906 1183 1958 1219 Sic

1210 1238 1271 1273 veri
1311 1247 1341 1272 et
1368 1237 1433 1272 falsi
1464 1237 1633 1271 certamina
1670 1236 1763 1271 certis
1786 1234 1959 1270 rationibus

1210 1296 1239 1322 et
1274 1287 1470 1333 argumentis
1504 1285 1721 1333 probabilibus
1754 1284 1957 1320 dirimuntur.

1210 1337 1326 1384 Sicque
1348 1336 1561 1383 generationis
1592 1344 1622 1371 et
1650 1335 1860 1380 corruptionis
1886 1345 1958 1368 cor·

1213 1399 1321 1434 porum
1345 1387 1577 1425 universorum,
1613 1385 1797 1432 simplicitas
1818 1384 1959 1419 elemen-

1212 1445 1314 1471 torum
1338 1449 1353 1470 a
1381 1436 1529 1483 qualitate
1552 1435 1752 1470 discernitur.
1785 1433 1840 1469 Sic
1865 1433 1958 1468 etiam

1213 1498 1324 1520 vocum
1348 1486 1502 1520 sonoritas
1524 1485 1590 1532 pari
1613 1484 1780 1519 concordia
1803 1482 1907 1531 prodit
1929 1482 1959 1516 in

1214 1535 1346 1570 iubilum
1366 1545 1395 1570 et
1418 1535 1610 1569 documento
1629 1533 1806 1580 colligitur,
1827 1532 1963 1580 qualiter

1215 1586 1244 1619 in
1269 1585 1382 1619 divinis
1410 1585 1571 1631 obsequiis
1599 1583 1813 1619 modulatione
1842 1581 1962 1617 musica

1214 1635 1351 1669 Domino
1387 1636 1548 1669 serviatur.
1581 1633 1634 1668 Sic
1666 1633 1872 1667 terminorum
1909 1643 1964 1666 ex-

1215 1693 1312 1719 trema
1332 1684 1518 1719 scholastica
1541 1684 1680 1719 doctrina
1704 1683 1844 1721 metitur,
1874 1693 1965 1728 quas-

1217 1734 1291 1768 libet
1314 1733 1522 1781 longitudinis
1550 1742 1578 1768 et
1605 1733 1799 1773 latitudinis,
1826 1731 1964 1767 sublimi-

1218 1784 1287 1819 tatis
1323 1792 1352 1819 et
1387 1783 1533 1831 profundi
1570 1783 1745 1823 distantias,
1773 1790 1962 1829 punctorum

1217 1846 1272 1869 seu
1295 1846 1513 1869 mensurarum
1541 1832 1823 1868 connumeratione
1850 1831 1965 1866 distin-

1218 1896 1329 1931 guens.
1358 1883 1412 1918 Sic
1434 1883 1473 1918 de
1495 1894 1704 1929 supernorum
1729 1881 1863 1916 essentia
1895 1892 1964 1915 cor-

1219 1945 1331 1981 porum
1357 1941 1447 1981 prout
1484 1941 1650 1967 morentur
1676 1938 1705 1966 et
1731 1931 1908 1966 consistunt
1935 1930 1964 1963 in

1219 1984 1346 2028 ordine,
1389 1981 1607 2030 philosophiae
1656 1980 1863 2029 perscrutatio
1903 1986 1967 2013 arte

1221 2033 1331 2067 nititur
1354 2032 1467 2067 liabcre
1495 2031 1650 2075 notitiam,
1684 2030 1757 2065 licet
1779 2031 1818 2064 sit
1846 2041 1896 2064 res
1918 2029 1967 2063 in-

1222 2083 1348 2117 tellectu
1372 2082 1525 2121 difficilis,
1558 2089 1587 2115 et
1610 2082 1708 2116 aciem
1732 2080 1890 2114 humanae
1919 2090 1968 2112 ra-

1221 2133 1316 2167 tionis
1335 2132 1541 2166 transcendat.
1571 2130 1623 2165 Sic
1645 2131 1735 2164 datur
1758 2129 1834 2164 iuris
1857 2128 1969 2162 utrius-

1221 2194 1282 2230 que
1304 2182 1452 2227 cognitio,
1479 2180 1607 2228 qnerela
1629 2192 1644 2214 a
1669 2179 1768 2225 iurgio
1792 2178 1967 2216 dirimitur,

1222 2241 1248 2266 et
1285 2232 1366 2279 qnod
1403 2243 1497 2265 suum
1522 2238 1585 2274 est7
1610 2229 1751 2265 redditur
1772 2228 1967 2275 unicuique3

1221 2282 1266 2316 sic
1289 2293 1414 2328 qnoque.
1437 2280 1474 2314 ad
1498 2292 1655 2315 sacrarum
1679 2278 1841 2314 acceditur
1867 2278 1968 2313 altitu-

1222 2332 1326 2366 dinem
1343 2331 1592 2377 Srripturarum,
1615 2338 1645 2363 et
1663 2329 1787 2363 elicitur
1808 2329 1968 2362 vivificans

1222 2382 1351 2428 spiritus
1379 2381 1417 2415 ‹le
1444 2381 1550 2414 literae
1583 2379 1757 2414 visceribus
1784 2377 1967 2413 occidentis.

1222 2432 1359 2478 Expedit
1388 2431 1480 2475 igitur
1502 2429 1634 2475 singulis
1657 2428 1840 2475 regionibus
1861 2427 1971 2461 ortlio-

1223 2484 1323 2528 doxis,
1348 2493 1378 2518 nt
1404 2485 1431 2517 in
1456 2484 1502 2518 eis
1521 2484 1694 2518 habeantur
1722 2483 1775 2517 viri
1796 2481 1969 2523 industres,

1225 2538 1381 2573 literarum
1412 2538 1537 2583 decore,
1566 2538 1706 2573 scientiis
1740 2545 1769 2572 et
1804 2535 1970 2571 virtutibus

1226 2593 1415 2640 praesigniti,
1445 2601 1475 2627 ut
1503 2593 1626 2640 singula
1649 2592 1693 2627 sic
1723 2592 1863 2639 ipsorum
1892 2603 1971 2626 con-

1225 2648 1299 2682 siliis
1327 2647 1465 2696 providis
1493 2657 1521 2684 et
1545 2647 1686 2683 consulta
1713 2646 1904 2695 providentia
1928 2645 1971 2680 di-

1962 253 2010 279 Αη.
2029 250 2058 277 C.
2074 251 2140 277 ¹505

1993 645 2124 666 Prommiuni.
