2274 3265
1704 237 1769 269 109

292 301 362 335 dem
405 300 615 336 obedientiam
654 309 837 341 teneantur3
871 301 910 336 ita
949 300 1032 348 quod
1076 301 1215 348 capitulo
1244 300 1287 335 vel
1311 301 1460 346 generali,
1490 308 1581 347 prout
1604 300 1737 347 qualitas
1764 314 1818 335 seu

293 351 397 385 nullus
419 351 457 385 de
478 352 583 398 aliquo
615 363 719 385 errore
747 351 791 385 vel
815 351 852 385 de
884 351 1034 397 supersti-
1077 350 1259 396 magnitudo
1280 351 1396 395 negotii
1413 350 1548 395 generali
1569 351 1614 384 vrl
1640 352 1819 397 provinciali

293 401 368 435 tiosa
396 400 538 435 doctrina
561 400 606 435 vel
629 401 667 434 de
690 401 766 434 mala
799 400 1034 435 couversatione
1077 400 1212 446 capitulo
1237 401 1338 447 ipsum
1355 401 1492 445 exegerit
1516 400 1730 435 referendum:
1749 403 1820 447 qui-

292 459 458 497 suspectus
474 450 510 484 ad
535 458 636 497 partes
653 450 832 484 huiusmodi
852 450 1033 485 destinetur.
1077 450 1137 484 bus
1164 458 1225 484 tani
1250 449 1501 496 praesidentibus
1528 463 1621 497 quain
1650 451 1820 485 consulen-

295 500 508 534 Provinciales
530 512 601 533 vero
629 500 761 534 ministri
787 499 889 534 nullos
911 499 948 534 ad
970 511 1036 533 me-
1055 474 1057 533 l
1078 499 1162 534 tibus
1198 500 1228 533 in
1258 499 1368 533 virtute
1391 508 1517 533 sanctae
1545 499 1741 534 obedientiae
1774 501 1821 533 in-

294 558 428 584 moratas
464 557 568 596 partes
595 550 716 583 mittant
751 550 818 583 sine
844 549 1035 584 conscientia
1055 537 1058 594 l
1079 550 1264 595 iungimus,
1288 557 1320 583 ut
1345 549 1526 595 postpositis
1548 562 1821 596 quorumcumque

293 609 323 633 et
349 600 473 635 licentia
500 599 657 645 generalis
680 599 834 640 ministri;
865 608 893 633 et
918 599 1035 632 uiltilo—
1080 600 1229 645 precibus
1251 607 1281 633 et
1305 598 1554 641 inductionibus,
1577 599 1658 632 odiis
1684 609 1713 633 et
1737 599 1821 633 savo-

295 650 398 684 minus
425 649 507 683 circa
543 649 634 691 illos,
669 661 749 695 quos
782 649 947 688 miserint,
980 649 1038 682 ba—
1080 649 1178 690 ribus,
1200 649 1237 684 ad
1263 648 1292 682 id
1320 649 1421 682 solum
1438 675 1446 691 7
1469 648 1552 695 quod
1576 648 1620 682 eis
1648 649 1821 683 secundum

96 252 144 276 An.
162 250 190 274 (ἶ.
213 248 277 273 1356
892 247 1084 270 RENEDtCTus
1106 247 1148 269 ,Ut
1173 247 1218 268 ΙΨ.

1836 247 1883 272 Au.
1907 246 1932 271 c.
1950 247 2014 272 ¹536

129 860 138 873 ι·
155 854 279 873 adhibendis

97 887 121 905 ‹nt
132 885 221 904 consiliu
236 885 280 904 [ru-

97 916 170 939 tribus,
189 919 209 935 et
220 917 279 935 tuo-to

97 947 188 968 tenendo
205 948 224 966 ‘in
240 947 277 966 eis.

294 700 412 739 beant,
435 710 515 746 quae
543 698 710 745 praemissa
737 708 821 739 sunt,
844 711 898 746 per
934 698 1036 732 omnia

293 749 469 783 observare.

341 798 362 844 g
388 800 444 832 ⁹29.
473 796 635 832 Praeterea
654 796 820 832 salubriter
843 797 1038 845 providimus

294 847 527 886 ordinandum,
561 846 644 893 quod
674 847 829 892 generalis
855 855 884 881 et
912 847 1039 895 provin-

294 896 388 931 ciales
410 896 556 939 ministri,
582 907 754 943 eorumque
779 896 893 940 vicarii,
916 909 1038 931 necnon

294 953 324 979 et
346 946 519 980 visitatores
541 957 636 991 super
657 945 894 981 confirmatione
910 946 954 980 vel
973 958 1040 992 pro-

295 995 432 1030 motione
458 1007 512 1030 seu
537 994 715 1042 provisione
737 995 773 1030 ad
799 996 896 1030 officia
919 995 1040 1030 ordinis

293 1057 328 1079 ac
355 1046 446 1079 etiam
474 1057 570 1090 super
598 1044 733 1078 iudiciali
757 1045 952 1079 correctione
975 1057 1039 1090 gra-

295 1095 377 1128 vium
400 1095 569 1129 criminum
589 1094 755 1129 consilium
784 1094 893 1129 decem
923 1095 1040 1140 probo-

295 1156 363 1178 rum
386 1144 593 1178 discretorum
619 1144 747 1178 fratrum
772 1156 833 1178 non
852 1144 1039 1191 partialium,

295 1194 347 1227 sed
376 1194 475 1228 zelum
504 1193 561 1228 Dei
586 1193 783 1232 habentium,
808 1194 968 1239 requirere
993 1201 1039 1227 te-

295 1251 451 1282 neantur:
479 1243 526 1276 vel
553 1255 607 1277 sex
629 1243 665 1276 ad
695 1243 815 1286 minus,
842 1242 893 1276 ubi
929 1242 1038 1276 decem

295 1293 460 1327 commode
488 1291 593 1326 baberi
617 1303 678 1325 non
708 1300 846 1338 possent,
868 1300 899 1325 et
925 1291 1040 1326 auditis

297 1342 454 1388 responsis
475 1354 596 1381 eorum,
626 1341 718 1382 illud,
745 1341 828 1387 quod
858 1340 934 1388 ipsis
957 1353 1042 1387 prae-

295 1391 473 1426 sidentibus
507 1399 538 1424 et
573 1391 681 1425 maiori
717 1402 772 1424 seu
801 1390 922 1437 aequali
962 1390 1039 1436 parti

296 1452 427 1474 numero
443 1440 597 1475 dictorum
614 1440 847 1474 consulentium
873 1439 1040 1483 videbitur,

295 1499 501 1544 exequantur.
524 1489 616 1531 Quod
639 1490 663 1524 si
689 1490 795 1524 maiori
814 1490 891 1536 parti
908 1501 1041 1524 numero

297 1552 436 1586 ipsorum
465 1539 700 1575 consulentium
736 1539 841 1580 aliud
863 1552 958 1595 qnam
982 1540 1041 1573 eis-

296 1590 365 1623 dem
383 1589 634 1636 praesidentibus
650 1589 802 1629 videatur
818 1598 846 1623 et
863 1590 938 1636 ipsrs
953 1601 1043 1636 prae-

296 1639 472 1674 sidentibus
494 1639 659 1674 consilium
684 1638 786 1685 ipsius
805 1652 931 1674 maioris
947 1639 1043 1685 partis

298 1690 401 1724 miuus
436 1702 548 1724 sanum
583 1690 627 1724 vel
666 1697 848 1736 suspectum
877 1696 1042 1736 appat·;eat

298 1748 372 1773 tunc
403 1739 432 1773 in
460 1739 521 1774 alio
548 1739 617 1774 loco
643 1739 777 1773 solemni
805 1747 835 1773 et
862 1747 1042 1786 opportuno

299 1788 427 1823 totidem
443 1789 573 1824 aliorum
590 1788 760 1836 proborum
783 1797 812 1823 et
834 1788 1042 1823 discretorum

299 1838 428 1872 fratrum
451 1839 547 1874 semel
575 1838 736 1873 dumtaxat
762 1838 922 1885 requirant
944 1838 1046 1873 consi-

299 1888 374 1921 lium
392 1915 401 1931 ‚
437 1900 498 1923 non
533 1900 719 1935 personam,
747 1887 802 1922 sed
835 1900 942 1922 casum
970 1899 1043 1921 cum

299 1936 414 1971 debitis
430 1945 460 1971 et
476 1938 660 1972 necessariis
674 1937 916 1972 circumstantiis
930 1937 1045 1972 solum-

301 1986 393 2021 modo
409 1986 628 2034 exprimendo,
645 1987 703 2021 nisi
718 1986 944 2021 deliberatione
960 1986 1045 2033 prins

299 2048 394 2083 super
418 2037 476 2070 boc
498 2036 612 2079 habita,
636 2036 727 2071 iidem
752 2036 964 2082 praesidentes
993 2036 1045 2069 vi-

300 2085 393 2119 deant
410 2085 476 2120 fore
498 2085 670 2133 expediens
692 2085 846 2120 nominari
867 2097 1044 2132 personam.

299 2134 392 2176 Quod
426 2143 530 2170 autem
566 2135 684 2170 eisdem
710 2135 982 2182 praesidentibus,
1010 2147 1045 2169 ac

301 2185 409 2219 maiori
427 2185 471 2219 vel
491 2185 611 2232 aequali
628 2185 704 2232 parti
720 2197 851 2220 numero
865 2184 1044 2219 huiusmodi

300 2234 531 2269 consulentium
549 2234 717 2275 videbitur,
729 2243 937 2281 exequantur.
953 2234 1044 2276 Quod

300 2285 324 2317 si
350 2284 441 2318 etiam
459 2284 488 2318 in
513 2284 572 2319 boc
590 2296 664 2319 casu
688 2284 796 2318 maiori
821 2286 897 2331 parti
916 2296 1046 2318 numero

302 2333 412 2368 borum
440 2334 672 2368 consulentium
696 2334 792 2378 aliud,
820 2347 911 2381 quam
928 2334 1043 2368 eisdem

302 2383 553 2430 praesidentibus
571 2383 723 2423 videatur,
739 2391 812 2419 tunc
828 2384 852 2418 si
874 2384 948 2431 ipsis
964 2395 1047 2430 prae·

302 2433 477 2468 sidentibus
499 2433 674 2468 secuudum
699 2445 806 2468 eorum
825 2433 923 2468 bonas
945 2442 975 2467 et
998 2446 1047 2468 re—

303 2493 367 2517 ctas
405 2484 616 2519 conscientias
650 2483 791 2518 videatur
817 2483 925 2524 aliter,
953 2495 1045 2530 quam

303 2532 483 2567 huiusmodi
516 2546 586 2580 pars
613 2533 711 2567 maior
739 2545 870 2567 numero
905 2533 1046 2567 consulat

304 2582 505 2617 iudicandum
551 2582 597 2617 vel
637 2582 793 2629 agendum
811 2610 818 2622 ,
854 2582 1045 2629 superiorem

304 2633 466 2666 consulant
489 2632 536 2666 vel
560 2632 691 2667 referant
706 2632 866 2678 negotium
885 2631 1046 2679 principali

423 2689 494 2719 Ball.
515 2689 590 2719 Rom.
614 2689 666 2718 t'ol.
689 2689 735 2718 IV.
872 2689 908 2718 52

1078 699 1180 734 Deum
1204 708 1232 734 ct
1259 711 1332 733 suas
1359 698 1457 732 bonas
1483 698 1690 732 conscientias
1710 698 1824 732 videbi-

1080 758 1143 794 tur,
1164 761 1220 784 sua
1242 748 1372 784 consilia
1402 747 1537 794 dirigere
1560 756 1736 788 teneantur,
1764 748 1801 782 iis
1816 776 1823 788 ‚

1079 811 1160 846 quae
1184 799 1266 834 circa
1288 797 1443 843 praedicta
1468 797 1513 832 vel
1541 797 1620 831 alias
1635 805 1708 831 sunt
1734 809 1824 844 supe-

1081 851 1147 884 rins
1175 849 1220 883 vel
1245 848 1373 883 inferius
1395 847 1549 888 ordinata,
1578 846 1609 881 in
1632 858 1690 881 suo
1714 846 1824 881 robore

1080 899 1251 934 duraturis.
1267 897 1400 933 Nullus
1395 908 1524 942 insuper
1539 895 1722 943 praesidens
1735 908 1824 930 suam

1082 949 1111 982 in
1134 948 1266 983 consilio
1289 960 1343 995 per
1372 960 1406 981 se
1436 947 1481 980 vel
1504 946 1597 980 alium
1625 946 1743 993 aperiat
1772 958 1825 979 vo-

1082 998 1230 1032 luntatem
1246 1005 1444 1044 ‚antequam
1468 995 1635 1030 consiliarii
1658 995 1824 1030 consilium

1081 1047 1227 1082 dederint
1248 1060 1344 1093 super
1372 1047 1420 1090 iis,
1443 1046 1480 1080 de
1502 1045 1617 1092 quibus
1638 1045 1676 1079 ab
1697 1045 1742 1080 eis
1756 1057 1826 1078 con-

1081 1098 1182 1132 siliunt
1207 1097 1405 1143 requiretur;
1428 1095 1483 1129 sed
1512 1095 1613 1129 verbis
1630 1094 1826 1142 simplicibus

1081 1155 1111 1181 et
1139 1146 1238 1193 planis
1261 1146 1335 1180 illud
1363 1157 1417 1179 seu
1447 1145 1509 1184 illa,
1532 1145 1570 1179 de
1596 1143 1712 1191 quilius
1736 1143 1827 1178 suerit

1081 1196 1250 1242 agendum,
1279 1202 1448 1241 proponat;
1478 1206 1534 1228 nec
1557 1202 1663 1228 contra
1690 1193 1825 1240 aliquem

1082 1246 1120 1280 de
1143 1244 1330 1279 consiliariis
1356 1244 1431 1290 ipsis
1448 1252 1520 1278 ante
1537 1244 1582 1277 vel
1614 1251 1682 1290 post
1710 1243 1828 1277 ratione

1082 1295 1144 1328 dati
1169 1293 1214 1328 vel
1237 1293 1331 1327 dandi
1354 1293 1473 1328 consilii
1498 1292 1707 1327 turbationem
1727 1301 1828 1327 osten-

1082 1344 1141 1378 (lat
1174 1343 1254 1391 Ipsis
1275 1354 1402 1397 quoque
1424 1342 1611 1376 consiliariis
1635 1341 1827 1385 inhibemus

1083 1406 1121 1428 ne
1135 1392 1174 1427 ad
1196 1392 1310 1427 verba
1304 1404 1464 1431 iniuriosa
1478 1391 1610 1438 superba
1631 1400 1682 1426 aut
1695 1400 1831 1425 scienter

1083 1442 1254 1490 supet-,flua
1278 1442 1324 1476 vel
1355 1441 1565 1476 turbationem
1601 1453 1658 1475 seu
1695 1440 1830 1487 impedi-

1085 1501 1225 1527 mentum
1255 1492 1441 1539 praestantia
1469 1503 1502 1525 se
1537 1499 1741 1530 convertant;
1776 1490 1830 1524 sed

1085 1551 1264 1577 reverenter
1294 1551 1323 1575 et
1357 1540 1520 1575 humiliter
1555 1540 1629 1575 dent
1661 1539 1829 1574 consilium

1084 1604 1179 1639 super
1206 1592 1254 1631 iis,
1269 1591 1307 1625 de
1335 1591 1451 1637 quibus
1465 1590 1557 1625 fuerit
1580 1590 1829 1637 impediendum.

1132 1643 1152 1689 g
1175 1644 1232 1676 50.
1261 1641 1302 1676 Ut
1324 1649 1427 1675 autem
1443 1640 1524 1675 circa
1541 1640 1767 1675 correctionem
1784 1651 1830 1674 ex·

1085 1704 1234 1726 cessuum
1258 1690 1507 1737 delinquentium
1529 1688 1656 1724 fratrum
1680 1689 1831 1736 deinceps

1085 1742 1201 1776 ceitius
1229 1741 1425 1788 procedatur,
1448 1748 1477 1773 et
1500 1739 1545 1774 via
1563 1739 1730 1774 calumniis
1746 1751 1831 1786 prae-

1085 1791 1242 1834 cludatur⁷
1270 1790 1447 1833 statuimuS‚
1471 1798 1502 1824 ut
1526 1801 1674 1824 excessus
1687 1801 1834 1823 enormes

1087 1841 1225 1879 fratrum,
1241 1840 1279 1874 de
1295 1839 1409 1886 quibus
1431 1839 1542 1886 aliquis
1565 1838 1658 1875 fuerit
1680 1838 1832 1873 condem—

1087 1899 1178 1925 natus
1207 1899 1259 1925 aut
1292 1889 1453 1923 convictus
1496 1889 1643 1934 legitime,
1671 1900 1727 1923 seu
1750 1887 1833 1922 iudi-

1087 1940 1205 1975 cialiter
1236 1938 1424 1982 consessus,
1456 1938 1501 1973 vel
1524 1939 1578 1985 qui
1606 1937 1762 1972 evidentia
1790 1938 1832 1971 rei

1086 1998 1178 2024 erunt
1194 1989 1318 2029 notorii,
1332 1988 1536 2034 registrentur
1551 1988 1580 2021 in
1598 1987 1686 2021 libris
1701 1987 1833 2027 ordinis,

1088 2041 1120 2074 in
1153 2038 1269 2086 quibus
1305 2038 1376 2072 talia
1413 2038 1514 2072 solent
1547 2036 1652 2071 scribi.
1681 2036 1833 2071 Euormes

1087 2097 1191 2124 autem
1216 2087 1344 2134 intelligi
1362 2087 1530 2122 volumus
1524 2100 1552 2121 in
1577 2087 1635 2121 lioc
1658 2099 1730 2120 casu
1753 2086 1833 2129 illos,

1089 2151 1143 2186 pro
1170 2138 1288 2185 quibus
1316 2138 1344 2171 in
1373 2137 1456 2171 dicto
1483 2136 1592 2171 ordine
1619 2136 1778 2182 graviores
1804 2144 1834 2169 et

1088 2187 1291 2222 confusibiles
1313 2199 1431 2234 poenae
1448 2194 1679 2220 consueverunt
1704 2184 1832 2233 imponi

1088 2238 1121 2272 Si
1151 2249 1222 2272 vero
1260 2248 1409 2271 excessus
1435 2248 1580 2270 enormes
1606 2235 1747 2270 occultos
1781 2243 1834 2268 ta-

1090 2300 1185 2327 men,
1218 2299 1272 2333 per
1304 2299 1402 2320 unum
1431 2286 1532 2319 solum
1561 2293 1665 2319 contra
1698 2284 1833 2331 aliquem

1088 2337 1161 2372 dicti
1197 2336 1316 2370 ordinis
1346 2335 1470 2369 fratrem
1499 2335 1574 2369 alias
1608 2334 1707 2370 bonae
1734 2333 1835 2368 famae

1088 2386 1180 2421 alicui
1204 2385 1357 2433 superiori
1382 2385 1479 2431 ipsius
1505 2393 1623 2420 secrete
1651 2383 1834 2419 denunciari

1088 2437 1261 2482 contingat,
1287 2447 1347 2469 non
1377 2435 1543 2482 recipiatur
1571 2433 1750 2469 huiusmodi
1777 2434 1834 2468 de-

1089 2486 1248 2520 nunciatio
1280 2485 1317 2519 ad
1343 2484 1463 2528 finem
1487 2494 1517 2519 ut
1542 2493 1669 2531 propter
1694 2495 1760 2517 eam
1795 2483 1833 2517 ad

1091 2536 1325 2583 inquisitionem
1341 2547 1394 2568 seu
1410 2534 1639 2568 discussionem
1656 2531 1833 2567 iudicialem

1092 2585 1302 2633 piocedatur;
1335 2584 1393 2618 nisi
1418 2583 1624 2625 denuncians,
1663 2582 1834 2629 requisitus

1091 2648 1145 2683 per
1163 2634 1356 2682 supeiiorem
1379 2633 1529 2672 eundem
1548 2632 1628 2667 dicat
1643 2645 1676 2669 se
1699 2632 1763 2668 sore
1778 2645 1834 2683 pa-

1858 1646 1887 1668 De
1912 1647 2028 1666 dentium<

1845 1678 1937 1697 tionibus
1960 1684 1970 1696 e
2012 1685 2015 1696 ι

1846 1713 1879 1734 qui
1875 1708 1953 1727 isimon.
2004 1717 2014 1727 Δ

1845 1744 1942 1759 censuum
