2274 3265
238 270 285 295 ιιι».
302 268 330 295 c
353 268 418 294 mats
485 256 528 288 7⁹2

1012 263 1110 285 ttt‘t‘tnt
1117 263 1146 285 nl
1153 262 1195 284 ΓΜ
1221 261 1377 284 nomast„

1985 258 2034 284 An<
2053 258 2082 285 C.
2100 258 2165 285 ¹285

435 330 467 356 ut
489 322 513 356 si
537 332 609 354 casu
638 319 749 353 viderit
773 319 803 352 in
828 332 859 353 re
886 317 1089 352 custodienda
1113 317 1177 352 lieri
1197 322 1202 350 t
1221 317 1274 351 tini
1304 317 1404 363 l‘apae
1439 315 1539 362 quarti
1577 313 1827 361 praedecessoris
1872 314 1968 348 nostri

433 370 506 418 quid
533 369 710 410 adversum,
739 367 901 415 prohibeat
924 368 1099 409 l‘acientem3
1128 380 1180 402 ve-

435 432 500 454 rum
540 419 632 453 etiam
657 426 689 452 ut
715 426 801 453 curet
824 417 897 452 dare
920 430 1059 465 operam,
1088 430 1126 452 ne
1150 417 1177 451 id

436 471 496 504 siat.

481 519 501 566 S
522 522 554 553 2.
578 517 742 565 Multiplex
767 517 870 565 itaque
894 530 950 552 nos
973 517 1048 552 ratio
1084 517 1180 550 inter-

238 573 419 624 ¹F¹⁰Qf¹¹¹i²n¹¹fgj
435 569 529 616 pellat
550 576 579 602 et
602 567 709 614 exigit,
733 567 808 601 illud
849 568 878 601 in
907 566 1085 601 huiusmodi
1109 578 1180 611 gra-

238 610 632 660 t'fi..}”l1⁹0„⁸0⁸‡1'„2.vamifflbus,
660 630 753 664 snper
783 616 900 664 quibus
934 616 1011 650 sama
1053 615 1177 663 publiea

433 678 465 704 et
488 668 588 703 variae
628 667 844 714 inquisitiones
881 680 934 713 per
969 665 1178 700 venerabilem

434 718 558 753 fratrem
595 727 735 752 nostrum
779 715 959 750 Guidonem
996 715 1178 762 episcopum

434 767 641 803 Sabinensem
676 766 873 813 Apostolicae
912 764 1003 800 Sedis
1042 764 1179 811 legatum

435 818 530 852 sactae
552 817 591 852 de
613 816 738 864 speciali
778 815 922 849 mandato
954 814 1047 849 Sedis
1071 815 1180 861 ipsius,

433 876 463 901 et
478 866 693 913 indagationes
708 866 783 900 alias
801 864 922 899 habitae
937 863 1180 900 nosinformaut,

436 924 559 951 nostrae
588 915 774 962 provisionis
797 914 900 948 edicto
929 912 1102 947 remedium
1131 913 1183 947 ad-

433 965 547 1009 hiberi,
571 977 626 1012 per
652 964 735 1011 quml
765 963 889 998 iniustis
916 962 1072 996 submotis
1104 975 1182 995 one—

434 1015 521 1050 ribus
542 1015 622 1049 circa
650 1026 696 1053 ea,
721 1014 750 1047 in
788 1024 883 1058 regno
913 1012 1050 1059 praelato
1081 1011 1180 1045 solide

434 1064 565 1099 stabilita
595 1063 711 1098 iustitia
739 1062 858 1108 regium
888 1061 1037 1096 thronum
1066 1061 1180 1099 lirmet,

435 1114 518 1159 pacis
540 1112 704 1160 tranquilla
731 1112 897 1159 producat·‚
928 1112 966 1145 sit
1006 1110 1080 1144 inibi
1122 1123 1180 1157 pu-

435 1163 533 1198 blicae
548 1162 781 1209 tranquillitatis
803 1161 961 1196 silentium
982 1160 1086 1194 cultus
1101 1161 1181 1203 eius⁷

434 1223 463 1248 et
491 1214 555 1260 ipsa
584 1211 745 1246 vinculum
769 1210 926 1246 societatis
955 1211 1108 1244 humanae
1136 1210 1182 1243 sic

434 1263 627 1310 superiorem
656 1261 771 1309 populo
804 1260 862 1294 sibi
896 1260 1037 1295 subiecto
1073 1259 1182 1294 dome-

434 1313 535 1355 sticet‚
561 1313 655 1358 eique
683 1311 781 1358 ipsius
805 1310 912 1356 populi
940 1310 1031 1344 corda
1062 1321 1182 1343 conso—

435 1361 522 1405 tidet,
549 1361 632 1409 quod
666 1361 811 1407 superior
834 1359 1016 1394 insidiarum
1058 1359 1181 1393 sollici—

435 1411 542 1446 tudine
581 1409 754 1451 absolutus,
782 1409 957 1444 securitatis
989 1408 1182 1443 iucunditate

435 1461 578 1502 laetetur,
605 1459 743 1508 populus
773 1459 930 1506 pressuris
971 1458 1117 1492 indebitis
1146 1458 1183 1492 li-

434 1511 560 1546 beratus
582 1510 611 1544 in
636 1510 720 1557 pacis
748 1508 984 1557 pulchritudine
1006 1508 1123 1548 sedeat,
1152 1509 1181 1541 in

435 1561 541 1609 requie
569 1559 715 1606 opulenta
738 1559 890 1606 quiescat,
921 1565 949 1591 et
993 1559 1022 1591 in
1068 1557 1184 1592 unani-

434 1611 541 1646 mitate
569 1611 708 1657 ipsorum
731 1621 766 1644 ac
795 1617 904 1643 mutuo
919 1608 1109 1642 sinceritatis
1136 1607 1183 1641 as-

435 1660 516 1696 fectu
539 1659 681 1695 eiusdem
705 1659 792 1705 regni
821 1666 900 1692 statu
945 1657 1088 1692 roborato
1128 1670 1184 1704 pa-

435 1711 538 1751 cifico,
568 1722 629 1744 non
653 1709 705 1754 sit⁷
741 1708 915 1756 profligatis
941 1707 1108 1750 hostibus,
1131 1707 1183 1754 qui

436 1760 510 1795 foris
531 1768 694 1802 exterreat,
717 1767 769 1793 aut
791 1759 844 1806 qui
870 1757 986 1804 pacatis
1010 1757 1182 1792 incolarum

437 1810 578 1846 eiusdem
601 1809 716 1844 animis
739 1809 823 1843 intus
846 1807 957 1843 turbet.

486 1860 506 1908 g
540 1864 572 1895 5.
614 1859 781 1894 Instantiae
821 1870 947 1905 quoqne
996 1857 1184 1904 praemissae

254 1918 357 1940 tlarotusl
375 1917 423 1939 0¹¹¹
439 1909 698 1957 interpellationis
711 1921 772 1943 non
796 1907 954 1942 modicum
968 1907 1085 1946 adiicit,
1101 1906 1183 1953 quod

241 1950 425 2003 {lgssfflfflffmffi
439 1960 602 1995 memorati
632 1959 725 2005 regis,
754 1958 828 1992 dum
859 1957 988 1997 viveret,
1013 1966 1041 1991 et
1081 1956 1184 1990 dilecti

242 2014 339 2041 ⁹¹0⁶³¹²¹¹³
362 2018 424 2034 ⁰¹⁵²·
439 2009 493 2044 filii
517 2009 634 2044 nobilis
673 2008 727 2042 viri
756 2007 859 2042 Caroli
902 2008 949 2041 sui
986 2006 1184 2054 primogeniti

244 2048 297 2065 ΓΜ
439 2072 477 2094 ex
499 2071 536 2094 eo
559 2058 722 2094 manifeste
752 2056 962 2105 percepimus,
985 2055 1022 2090 ad
1059 2056 1087 2090 id
1119 2063 1185 2089 vota

438 2121 639 2152 concurrere,
661 2107 743 2155 quod
767 2106 848 2141 idem
878 2118 929 2140 rex
972 2118 1067 2153 super
1102 2105 1186 2139 dire-

438 2159 553 2203 ctione,
576 2157 786 2201 ordinatione,
810 2156 1026 2190 reformatione.
1045 2168 1098 2189 seu
1113 2167 1188 2202 qua-

439 2221 575 2256 cumque
618 2208 675 2242 alia
711 2206 915 2253 dispositione
962 2205 1186 2243 collectarum,

439 2260 649 2303 exactionum,
672 2256 942 2292 matrimoniorum
966 2263 1019 2290 aut
1054 2255 1185 2288 aliorum

439 2308 665 2356 quorumlibet,
693 2319 773 2355 quae
795 2305 973 2352 gravamina
1007 2305 1188 2339 dicerentur

1207 2280 1209 2321 l

1220 366 1398 406 directioni,
1422 364 1659 405 reformationi,
1698 363 1896 410 dispositioni
1938 372 1967 398 et

1221 415 1408 451 ordinationi
1433 427 1466 449 se
1491 414 1582 462 plene
1609 426 1643 448 ac
1686 412 1796 454 tibere,
1839 413 1899 448 alte
1934 425 1968 448 ac

1222 465 1310 500 basse
1332 464 1491 505 submisit,
1512 464 1590 498 dans
1612 472 1640 497 et
1665 463 1844 498 concedens
1866 462 1966 497 eidem

1221 527 1316 562 super
1338 515 1385 548 his
1414 515 1536 562 plenam
1566 522 1595 548 et
1618 513 1745 547 liberam
1770 520 1968 560 potestatem;

1221 577 1255 599 ac
1276 564 1462 611 promittens
1483 563 1632 611 quicquid
1651 576 1703 609 per
1720 562 1865 597 eumdem
1883 574 1970 609 prae-

1222 614 1418 649 decessorem
1445 615 1512 660 ipso
1531 626 1603 659 rege
1623 613 1745 647 dictove
1763 612 1969 659 primogenito

1223 673 1295 698 tunc
1324 664 1391 697 eius
1415 663 1526 698 vicario
1554 663 1583 697 in
1605 675 1700 709 regno
1722 662 1833 697 eodem
1854 670 1883 697 et
1902 662 1970 697 aliis

1222 713 1288 748 suis
1307 712 1492 747 officialibus
1520 713 1678 760 requisitis
1706 713 1751 747 vel
1786 712 1971 760 irrequisitis

1223 763 1315 797 etiam
1339 771 1441 796 actum
1472 762 1560 806 foret,
1588 775 1620 796 se
1643 775 1678 797 ac
1706 762 1858 798 haeredes
1897 775 1971 797 suos

1223 811 1259 845 ad
1283 812 1343 846 hoc
1365 811 1540 858 specialiter
1562 811 1732 857 obligando
1752 811 1972 847 inviolabiliter

1223 861 1396 895 observare:
1425 861 1490 895 suis
1512 873 1608 908 super
1634 861 1694 896 hoc
1716 862 1895 909 patentibus
1933 862 1972 897 li—

1224 911 1298 945 teris
1314 909 1546 956 praedecessori
1564 912 1725 946 concessis
1743 912 1857 946 eidem.
1881 910 1971 945 Prae-

1224 960 1317 994 missa
1340 971 1466 1006 quoque
1489 961 1518 993 in
1545 961 1652 994 mortis
1674 961 1804 996 articulo
1827 973 1882 1008 per
1897 960 1972 996 alias

1223 1021 1295 1044 suas
1322 1009 1463 1043 similiter
1487 1017 1626 1054 patentes
1652 1009 1757 1044 literas
1779 1011 1904 1057 plenius
1927 1022 1973 1046 re-

1225 1067 1335 1105 petens
1361 1066 1390 1093 et
1418 1058 1607 1093 confirmans
1650 1058 1752 1093 eidem
1787 1059 1972 1106 praedeces-

1224 1109 1297 1149 sori,
1326 1121 1380 1156 per
1402 1120 1453 1142 eas
1493 1107 1654 1143 humiliter
1688 1107 1903 1156 supplicavit,
1941 1117 1972 1144 ut

1224 1159 1327 1192 omnia
1352 1170 1445 1192 onera
1471 1157 1609 1191 fidetium
1636 1158 1722 1204 regni
1746 1158 1805 1199 sui,
1828 1165 1857 1192 et
1893 1170 1973 1204 quae

1223 1208 1400 1253 gravamina
1421 1207 1482 1241 dici
1508 1217 1647 1253 possent,
1671 1219 1842 1248 removere,
1867 1208 1973 1242 tollere

1224 1270 1258 1291 ac
1286 1269 1420 1302 cassare,
1442 1257 1626 1304 dictumque
1664 1269 1795 1303 regnum
1824 1269 1974 1304 prospere

1225 1306 1404 1347 reformare,
1437 1306 1606 1353 omniaque
1640 1315 1788 1348 statuere,
1824 1319 1905 1354 quae
1935 1306 1973 1341 ad

1225 1356 1342 1391 bonum
1366 1363 1479 1391 statum
1504 1356 1672 1390 haeredum
1697 1368 1826 1391 suorum
1850 1367 1878 1391 et
1900 1355 1975 1391 fide-

1225 1406 1298 1441 lium
1330 1406 1511 1440 eorumdem
1551 1407 1698 1453 expedire.
1743 1406 1883 1445 videret,
1917 1418 1972 1441 sua

1225 1456 1402 1503 provisione
1425 1464 1560 1498 curaret,
1590 1468 1650 1490 non
1679 1455 1822 1490 obstante
1857 1456 1881 1489 si
1918 1467 1973 1490 re-
2002 1465 2072 1485 Emtae
2094 1465 2117 1484 ³1¹
2134 1466 2172 1485 iis-

1225 1518 1294 1550 gem
1321 1506 1422 1552 ipsum
1446 1514 1519 1539 tunc
1552 1504 1729 1540 infirmitate
1758 1505 1890 1551 graviter
1927 1496 2171 1553 Ιιὶ-Ξζζᾘᾱρξᾞὲζ

1226 1555 1386 1589 horautem
1417 1555 1568 1589 naturalis
1590 1554 1684 1589 ‹lebiti
1716 1554 1873 1589 solutione
1897 1559 2111 1590 con-³³⁰01‘0'12s
2132 1557 2175 1578 ³¹³-

1227 1605 1356 1651 tingeret
1383 1605 1568 1651 praeveniri,
1591 1605 1674 1639 sicut
1697 1605 1886 1652 praemissae
1918 1605 1974 1651 ip-
1990 1596 2050 1618 ‘³⁰³⁹‘

1225 1655 1291 1688 sius
1316 1655 1396 1700 regis
1426 1655 1543 1695 literae,
1572 1666 1651 1701 quae
1671 1668 1725 1701 per
1756 1667 1811 1688 nos
1845 1662 1875 1689 et
1909 1655 1975 1690 ali-

1226 1716 1305 1751 quos
1328 1717 1364 1739 ex
1387 1704 1533 1739 fratribus
1565 1706 1680 1739 nostris
1715 1705 1885 1751 diligenter
1921 1706 1975 1738 in-

1225 1763 1351 1800 spectae
1392 1755 1420 1788 in
1457 1754 1597 1788 archivio
1630 1755 1771 1789 eiusdem
1812 1764 1976 1789 servantur

1226 1804 1399 1848 Ecclesiae,
1415 1804 1614 1838 manifestius
1638 1812 1833 1839 attestantur.
1858 1804 1898 1838 Et
1913 1812 1973 1838 tam

1227 1854 1309 1888 idem
1334 1867 1398 1898 rex,
1422 1866 1514 1900 quam
1540 1853 1641 1888 dictus
1664 1854 1892 1901 primogenitus
1920 1867 1976 1888 stt-

1229 1917 1283 1950 per
1311 1903 1458 1937 tollendis
1489 1903 1647 1949 aliquibus
1683 1904 1864 1938 eorumdem
1903 1915 1976 1949 gra-

1229 1953 1386 1988 vaminum
1426 1954 1667 1987 constitutiones
1707 1953 1804 1987 varias
1838 1952 1976 1987 edidisse

1228 2003 1386 2044 dicuntur,
1411 2003 1480 2037 licet
1503 2011 1533 2036 et
1562 2003 1629 2036 illae
1670 2003 1819 2049 plenioris
1859 2015 1978 2050 exequ-

1230 2053 1311 2087 tioue
1338 2052 1566 2087 observationis
1593 2051 1763 2098 indigeant,
1787 2064 1848 2086 non
1874 2052 1976 2098 plene,

1231 2112 1260 2136 ut
1286 2102 1510 2144 intelleximus,v
1536 2103 1687 2136 hactenus
1709 2101 1901 2136 observatae.

1278 2152 1297 2197 ξ
1325 2156 1357 2185 4.
1388 2151 1535 2186 Veientes
1559 2151 1651 2196 igitur
1673 2151 1733 2185 illis
1756 2150 1851 2185 robur
1893 2163 1977 2198 apo-

1229 2202 1356 2236 stolicae
1379 2201 1627 2236 confirmationis
1665 2201 1813 2241 adiicere7

1230 2252 1325 2286 serius
1348 2252 1554 2299 exprimetur,
1571 2258 1599 2284 ct
1624 2259 1813 2297 praetactum
1837 2259 1976 2285 nostrum
1994 2250 2176 2303 'ikjffljjzi‘i'f‘uff‘

1230 2301 1342 2348 exequi
1366 2300 1587 2335 accommodae
1604 2302 1791 2347 provisionis
1802 2290 2004 2335 adiectioneg
2050 2290 2054 2302 ⁴

441 2358 485 2393 vel
514 2358 572 2393 dici
610 2365 749 2406 possent,
783 2364 842 2390 tam
885 2356 966 2391 circa
1004 2354 1163 2389 Ecclesias
1180 2381 1187 2393 ,
1208 2367 1210 2395 i
1232 2352 1442 2398 propositum,
1467 2350 1662 2396 infrascripta
1686 2352 1803 2391 omnia,
1822 2359 1911 2397 prout
1936 2350 1980 2383 in-

442 2408 627 2443 monasteria
656 2415 686 2443 et
712 2406 787 2442 alias
819 2405 1046 2441 ecclesiasticas
1086 2415 1190 2451 perso-

442 2471 509 2503 nas⁷
535 2471 628 2506 quam
662 2457 741 2492 circa
771 2456 1013 2492 communitates
1051 2463 1079 2488 et
1116 2454 1190 2488 uni-

1208 2398 1210 2413 l

1208 2427 1210 2472 l

1231 2401 1392 2448 frascripta
1412 2413 1519 2435 corum
1543 2402 1639 2436 series
1662 2401 1787 2440 indicat,
1832 2400 1871 2434 de
1912 2399 1978 2433 sra-

1232 2459 1313 2485 trum
1339 2460 1516 2485 nostrorum
1546 2451 1678 2486 consilio
1706 2459 1734 2485 et
1777 2462 1907 2485 assensu
1944 2461 1977 2484 ac

443 2510 600 2543 versitates
627 2507 798 2546 civitatum,
821 2515 993 2541 castrorum
1014 2513 1041 2539 et
1058 2505 1187 2538 aliorum
1209 2496 1211 2516 ³
1233 2502 1394 2549 potestatis
1418 2501 1616 2548 plenitudiue
1644 2500 1847 2548 providendo,
1875 2512 1890 2534 a
1907 2512 1980 2545 gra-

443 2558 595 2599 locorum,
623 2565 652 2593 et
674 2558 765 2593 etiam
790 2557 871 2592 circa
904 2554 1079 2602 singulares
1119 2565 1190 2599 per-
1233 2551 1352 2585 vamine
1378 2551 1429 2585 illo
1457 2551 1699 2586 deliberavimus
1739 2549 1949 2584 inchoandum
1971 2577 1979 2589 ,

442 2619 547 2652 sonas,
574 2607 669 2643 totius
691 2606 778 2654 regui
803 2606 952 2654 praedicti
990 2613 1043 2639 aut
1081 2616 1190 2638 cutus-

1210 2616 1213 2677 Ι

444 2657 515 2691 lihet
540 2658 633 2704 partis
655 2657 721 2692 eius
749 2657 846 2690 felicis
863 2654 1086 2690 reeordationis
1109 2653 1191 2687 Mar·
1211 2690 1213 2697 Ι

1232 2601 1314 2648 quod
1340 2602 1488 2635 maiorem
1512 2601 1650 2636 scandali
1681 2599 1842 2635 materiam
1866 2608 1894 2634 et
1930 2611 1982 2646 ge-

1233 2651 1369 2685 neralius
1397 2651 1601 2685 ministrabat.
1626 2649 1762 2697 Ideoque
1786 2658 1814 2683 ut
1850 2651 1980 2683 omnino

1931 2203 1935 2206 ,
1993 2156 2177 2216 ιίῗέκείιιιιῖΙιιιυξίξ-

1856 2209 1889 2234 Ul
1931 2213 1978 2234 ΙΠ·
1993 2220 2050 2240 sibus
2073 2220 2177 2240 subsidia-
