2274 3265
132 245 180 270 An.
201 243 312 270 01372

329 306 435 346 postca
459 310 515 345 per
536 309 608 331 cnm
636 296 681 331 vcl
704 310 758 330 cos
785 296 820 330 ail
845 308 938 343 quem
965 295 1009 328 vcl
1037 294 1074 328 ad

327 361 408 396 quos
441 347 594 394 spectabit
628 346 802 385 institutio,
833 345 935 380 statim
963 344 1075 379 cedere

328 406 491 436 teneatur,
514 397 589 432 alias
608 397 645 430 de
674 397 753 430 facto
775 395 961 442 expellatur,
990 405 1073 428 mora

329 460 529 495 quacumque
557 455 733 492 temporum
764 457 824 479 non
847 444 1000 479 obstante.

378 498 397 544 S
423 502 477 531 tt.
505 496 620 530 Verum
644 497 716 542 quia
740 509 754 528 a
783 493 937 541 spirituali
963 492 1075 540 pabulo

144 554 171 574 ne
218 554 314 593 sarrana
329 560 453 581 sumere
489 545 605 580 ilebcnt
635 545 793 592 quaelibet
831 543 954 591 pietatis
980 555 1074 589 opera

130 588 314 641 fiilfin'ss'ssssiilgfi'
332 596 585 632 fundamentum,
608 607 670 642 qno
687 595 876 632 reliciantur,
894 593 1073 639 praesertim

330 646 432 681 clerici
456 645 493 679 ad
525 644 691 678 caelestem
723 644 850 690 patriam
883 649 1074 689 operantes,

329 696 517 731 statuimus,
550 703 583 727 ut
623 695 653 727 in
687 695 754 728 loco
792 704 932 739 congruo
960 691 1075 725 domus

330 745 515 792 praedictae,
538 745 590 790 qui
620 743 725 776 divino
749 743 848 789 inagis
869 750 960 787 aptus
976 741 1074 775 cultui

328 794 495 836 videbitur,
519 806 578 827 una
615 793 753 839 cappella
783 805 854 826 cum
883 791 1074 838 campanili,

327 844 451 878 duabus
473 843 646 889 campanis,
670 855 749 888 quae
774 855 828 889 per
848 841 975 875 modum
999 841 1076 874 clas-

327 894 368 928 sis
383 893 509 940 pulsare
527 893 645 926 valeant
661 892 855 939 {emporibus
875 891 1074 938 opportunis,

326 951 540 980 construatur,
558 951 588 976 et
611 941 670 975 sub
687 941 837 976 vocabuit)
859 950 888 975 ct
918 940 996 975 festo
1012 940 1074 974 As-

325 992 516 1038 sumptiouis
544 992 698 1037 gloriosae
723 991 860 1037 Virginis
883 990 999 1025 Mariae.
1028 989 1074 1023 al-

327 1051 389 1075 1310
413 1051 627 1085 consecretur,
645 1049 771 1087 totaque
790 1041 903 1074 domus
918 1040 1073 1086 praedicta

326 1091 478 1126 vocabulo
514 1091 634 1125 domini
663 1090 808 1135 Gregorii
845 1089 946 1135 Papae
980 1102 1072 1123 suum

325 1142 450 1175 titulum
475 1149 504 1174 et
520 1154 633 1175 nomen
647 1148 799 1182 assumat,
817 1139 976 1186 perpetuis
993 1148 1073 1172 tem-

323 1191 453 1238 poribus
479 1190 708 1236 Gregoriannm
737 1189 912 1235 Collegium
949 1201 1074 1222 nuncu-

323 1248 422 1287 petur.

371 1290 391 1337 g
416 1292 470 1323 12,
499 1289 560 1323 Pro
583 1289 680 1323 sacris
696 1302 767 1322 vcro
787 1287 902 1321 debitis
919 1287 1075 1334 mysteriis

139 1345 165 1380 D?
183 1347 257 1365 divini:
275 1340 353 1373 Ο1-111
366 1340 447 1373 dicta
463 1339 602 1385 cappella
619 1340 770 1384 congruis
788 1336 984 1383 temporibus
1000 1349 1074 1370 exe-

124 1380 219 1433 Ja'p'ssoii'a
235 1378 308 1433 mxx-2
322 1389 458 1436 quendis
477 1396 629 1436 perpetuo
651 1400 718 1422 esse
743 1387 887 1421 volumus
908 1399 960 1420 sex
977 1398 1073 1420 sacer-

124 1439 217 1462 ³¹‘'¹'‘¹⁵⁵⁴
322 1439 424 1480 dotes,
447 1446 622 1472 statuentes
635 1437 719 1484 quod
743 1436 876 1482 singulis
889 1435 1002 1469 diebus
1017 1435 1074 1469 sal-

323 1496 383 1522 tem
398 1488 479 1522 duae
496 1488 620 1530 missae,
636 1499 768 1534 quarum
786 1487 879 1520 altera
899 1486 966 1519 siue
979 1494 1072 1519 cantu

321 1538 359 1572 de
395 1549 486 1572 mane
514 1545 585 1571 ante
634 1538 811 1583 ingressum
855 1535 1047 1569 scholarium
1065 1563 1073 1578 ,

321 1588 428 1625 etiam,
448 1588 472 1620 si
489 1586 676 1633 expedierit,
693 1588 721 1620 in
736 1598 859 1623 aurora,
879 1585 973 1619 altera
1003 1597 1074 1619 vero

321 1650 393 1671 cnm
421 1645 512 1670 cantu
543 1636 702 1670 Ecclesiae
742 1636 814 1669 bora
848 1634 951 1669 debita
989 1635 1073 1669 cele-

322 1687 463 1725 brentur,
479 1694 506 1721 et
531 1699 639 1720 earum
664 1686 792 1720 alteram
817 1685 948 1732 quilibet
978 1684 1073 1718 selio-

322 1737 396 1771 laris
419 1736 535 1770 audiat.

371 1787 391 1833 g
419 1789 470 1819 15.
498 1786 652 1828 Quamvis
683 1794 785 1819 autem
827 1784 979 1831 praefatos
1021 1796 1073 1817 sex

126 1842 216 1877 ¹Preces
233 1848 269 1867 pro
285 1847 309 1862 ⁵⁶
324 1834 526 1882 cappellanus
552 1835 588 1868 ail
613 1834 835 1869 celebrandum
855 1834 988 1879 singulis
1007 1833 1076 1866 ‹lie-

125 1874 310 1929 ’,Ῑζιῖῗάᾞρζῇᾟ
325 1884 383 1918 1)ι15
408 1885 485 1918 ultra
502 1886 578 1919 (luas
603 1885 713 1918 missas
743 1897 803 1917 non
843 1883 999 1917 voluimus
1021 1883 1077 1916 ail-

125 1935 310 1990 judffie‘g‘ssgbgj
325 1934 449 1980 stringi,
476 1943 577 1967 tamen
604 1934 687 1980 ipsos
711 1943 736 1967 ct
767 1934 937 1971 scholares,
966 1934 988 1965 si
1024 1933 1076 1978 11111

127 2002 175 2016 mis.
327 1983 444 2017 fuerint
468 1984 495 2016 in
525 1983 699 2017 sacerdotio
722 1983 896 2022 constituti,
918 1983 1079 2016 liortamur

327 2034 355 2067 in
379 2032 528 2075 Domino,
552 2041 582 2066 ut
616 2032 727 2067 diebus
759 2033 940 2078 pracsertim
973 2032 1080 2065 domi-

326 2088 403 2121 nicis
425 2095 455 2121 ct
477 2086 594 2121 festivis
615 2086 817 2121 celebrationi
843 2086 1006 2120 missarum
1033 2087 1079 2119 in-

325 2142 451 2181 sistant,
480 2142 508 2174 in
533 2140 672 2187 qualibet
687 2140 875 2182 veromissa,
896 2140 953 2174 nisi
976 2140 1079 2174 obstet

326 2195 387 2229 diei
412 2195 607 2236 solemnitas,
631 2195 665 2227 ad
700 2202 838 2228 nostram
862 2194 1080 2237 directionem,

327 2249 468 2296 quandiu
501 2251 594 2284 vitam
630 2249 815 2283 duxerimus
856 2249 884 2282 in
916 2249 1081 2291 humanis,

327 2305 466 2351 quotidie
488 2304 610 2338 dicatur
623 2304 737 2337 oratio:
763 2305 841 2337 Dens
864 2306 999 2337 omnium
1014 2305 1081 2349 fide-

329 2361 465 2401 liu·m....,
480 2361 628 2403 [annulum
646 2366 729 2391 tuum
745 2359 940 2402 Greqorium,
960 2366 1026 2400 etc,
1049 2371 1082 2392 ac

329 2414 420 2447 etiam
444 2413 577 2458 singulis
599 2412 782 2458 septimanis
805 2413 884 2446 duae
904 2413 1017 2446 missae
1044 2411 1081 2445 de

329 2468 443 2500 Sancto
471 2468 592 2511 Spiritu
614 2466 824 2500 celebrentur.
849 2465 921 2500 Post
946 2466 1082 2500 solutum

330 2530 434 2557 autem
451 2529 572 2555 nostrae
588 2532 705 2555 naturae
719 2520 975 2561 debitum,simili
991 2519 1083 2553 modo

332 2588 388 2621 pro
415 2576 517 2609 anima
534 2583 637 2609 nostra
656 2574 778 2609 dicatur
791 2574 899 2608 oratio:
923 2575 1013 2613 Deus,
1032 2575 1086 2619 qui

332 2632 409 2663 inter
427 2631 607 2674 apostolicos
629 2631 795 2663 sacerdotes
821 2630 973 2673 famulum
1000 2636 1083 2662 tuum

937 238 1122 261 Gtttfflonttls
1145 238 1178 260 ΧΙ
1202 238 1250 260 1'1‘.

1749 226 1818 259 5t7

1118 295 1312 339 (ΙΙ-0901111171,
1326 301 1378 327 etc.
1401 302 1431 328 ct
1443 293 1575 340 singulis
1587 292 1773 339 septimanis
1789 292 1869 326 duae

1118 343 1229 377 missae
1270 343 1445 389 peculiares
1483 344 1521 378 ‹le
1562 343 1704 378 mortuis.
1742 341 1869 376 Praeter

1118 393 1176 427 boc
1197 404 1323 439 quoque
1348 393 1510 432 iubemus,
1536 392 1669 439 singulis
1691 392 1781 427 annis
1821 392 1870 425 dic

1118 443 1213 476 nostri
1242 442 1346 476 obitus
1373 455 1444 476 cum
1483 442 1678 477 solemnibus
1707 442 1869 488 vesperis,

1118 491 1280 526 matutinis
1303 499 1332 525 et
1361 492 1453 526 missa
1489 492 1526 526 dc
1562 492 1705 531 mortuis,
1742 490 1870 537 quibus,

1118 543 1195 576 insta
1210 549 1239 575 et
1255 541 1389 575 evidenti
1403 544 1448 584 (1)
1465 553 1556 575 causa
1581 549 1735 579 cessante,
1759 552 1871 574 omnes

1117 600 1177 625 tam
1205 591 1376 630 scholares,
1402 603 1494 636 quam
1519 590 1696 624 sacerdotes
1719 591 1870 624 interesse

1116 641 1261 679 debeant,
1284 640 1530 674 anniversarium
1561 652 1616 686 pro
1638 641 1742 673 anima
1767 647 1869 674 nostra

1116 690 1279 728 celebrari,
1302 698 1331 724 et
1354 690 1559 724 nibilominus
1580 689 1711 735 quilibet
1723 688 1870 723 sacerdo³

1116 742 1209 775 etiam
1226 740 1377 774 scholaris
1396 739 1496 773 «lictae
1520 739 1634 773 domus
1650 738 1698 772 illa
1722 738 1771 772 die
1794 739 1870 771 mis-

1115 803 1180 824 sam
1205 790 1243 824 de
1267 791 1411 835 Requi'em
1427 797 1581 823 aeternam
1606 800 1660 835 per
1682 800 1716 822 se
1745 786 1792 821 vel
1818 800 1870 834 per

1115 841 1226 880 alium,
1253 840 1303 874 alii
1335 852 1405 874 vero
1427 838 1587 874 scholares
1610 850 1671 872 non
1691 836 1869 872 sacerdotes

1116 891 1254 924 osticium
1279 897 1476 924 mortuorum
1497 888 1652 922 submissa
1670 899 1745 922 voce
1765 886 1869 921 diceri·

1117 948 1294 975 teneantur.

1164 990 1183 1036 g
1201 992 1254 1023 14.
1273 989 1433 1023 Praeterea
1449 987 1617 1022 statuimus
1628 994 1657 1021 et
1670 986 1867 1029 ordinamus.
1897 995 1924 1031 ae
1935 995 2071 1031 1011111013-

1115 1039 1198 1086 quod
1234 1037 1345 1072 diebus
1373 1037 1576 1072 l‘ascbalibus
1603 1045 1632 1070 et
1659 1036 1728 1071 aliis
1750 1035 1867 1070 solem—
1881 1027 2072 1076 {ss‡‘?ss²¹'2{‹f‡{,'

1116 1088 1277 1127 nitatibus,
1313 1087 1471 1127 videlicut,
1507 1088 1536 1120 in
1575 1086 1654 1121 festo
1693 1086 1866 1121 Nativitatis
1881 1087 2015 1114 ngwdfl'ss·

1115 1138 1243 1173 Domini
1270 1150 1341 1171 cum
1370 1137 1494 1171 «luobus
1516 1136 1627 1170 diebus
1650 1135 1868 1183 sequentibus,

1115 1187 1387 1229 Circumcisionis,
1415 1186 1623 1233 Epiphaniae,
1656 1185 1872 1222 Ascensionis,

1116 1237 1319 1271 Pente-costes
1341 1245 1370 1270 et
1393 1236 1542 1281 Corporis
1572 1235 1701 1274 Christi,
1738 1243 1872 1281 quatuor

1116 1285 1348 1333 principalibus
1387 1285 1540 1330 gloriosaev
1576 1283 1714 1329 Virginis
1755 1283 1872 1318 Mariae

1117 1335 1335 1369 festivitatibus
1371 1347 1405 1368 ac
1433 1333 1609 1368 Nativitatis
1636 1333 1722 1368 Beati
1748 1333 1872 1367 loannis

1117 1385 1284 1432 Baptistae,
1308 1384 1470 1418 beatorum
1499 1383 1713 1430 apostolorum
1742 1383 1824 1416 Petri
1842 1390 1870 1413 et

1115 1435 1333 1478 Pauli,Saucti
1348 1433 1520 1472 Michaelis,
1539 1433 1646 1468 Sancti
1663 1432 1826 1467 Benedicti
1843 1440 1871 1464 et

1115 1485 1221 1520 Sancti
1251 1483 1415 1526 Martialis,
1438 1482 1589 1518 Omnium
1626 1482 1815 1517 Sanctorum
1843 1490 1873 1515 ct

1116 1535 1168 1569 die
1190 1534 1348 1581 sequenti,
1370 1545 1406 1567 ac
1429 1534 1506 1567 festo
1529 1533 1662 1567 Sanctae
1685 1531 1873 1567 Catharinae

1115 1584 1251 1619 officium
1271 1584 1410 1617 divinum
1434 1583 1619 1625 celebretur,
1636 1590 1728 1629 prout
1743 1594 1872 1616 consue-

1117 1643 1182 1669 tum
1218 1642 1265 1669 est
1293 1633 1358 1668 fieri
1389 1634 1418 1666 in
1447 1632 1621 1677 collegiatis
1643 1632 1808 1671 Ecclesiis,
1836 1643 1873 1665 ac

1116 1686 1208 1719 etiam
1234 1683 1332 1717 tribus
1365 1682 1476 1716 diebus
1501 1683 1626 1716 maioris
1658 1681 1872 1716 hebdomadae

1116 1734 1252 1768 osticium
1283 1733 1470 1766 matutinum
1507 1732 1710 1766 decantetur:
1755 1730 1872 1778 quibus

1117 1783 1230 1817 diebus
1257 1791 1285 1816 et
1309 1781 1532 1816 festivitatibus
1567 1794 1677 1816 omnes
1699 1781 1871 1823 scholares,

1118 1834 1199 1867 iusto
1233 1840 1374 1866 cessante
1398 1831 1638 1878 impedimento,
1669 1831 1813 1865 intersint
1840 1839 1870 1864 et

1118 1882 1322 1917 coadiurent:
1347 1881 1493 1916 absentes
1525 1894 1595 1915 xero
1626 1881 1756 1916 rectoris
1787 1880 1873 1915 arbi-

1119 1933 1176 1966 trio
1201 1933 1381 1979 puniantur.

1168 1982 1187 2028 ,ξ
1220 1986 1270 2016 15.
1299 1981 1430 2028 Insuper
1468 1981 1680 2026 permittimus
1718 1981 1802 2028 quod
1840 1980 1870 2014 in
1899 1988 1928 2009 D·
1951 1987 2006 2023 testa
2031 1986 2073 2008 Α.-

1120 2032 1198 2066 festo
1251 2032 1488 2077 Assumptionis
1527 2030 1669 2077 Virginis
1716 2031 1871 2076 gloriosae
1886 2017 2075 2076 ῗξῗςῗὲῑῖωωιέζ

1120 2083 1222 2128 quivis
1245 2081 1375 2114 antistes
1397 2093 1451 2114 seu
1476 2080 1631 2127 praelatus
1654 2081 1683 2114 in
1709 2080 1872 2127 pontifica-
1887 2081 1978 2102 bum*

1121 2131 1202 2166 libus
1224 2143 1295 2165 cum
1319 2131 1524 2167 ornamentis,
1547 2130 1663 2177 quibus
1687 2130 1717 2163 in
1740 2130 1874 2165 ecclesia

1121 2193 1174 2215 sua
1206 2189 1346 2215 uteretur
1379 2179 1581 2217 celebrando.
1611 2192 1665 2225 pro
1685 2188 1769 2225 parte
1798 2179 1873 2214 dicti

1122 2231 1245 2276 collegii
1270 2231 1451 2277 requisitus,
1475 2230 1572 2275 possit
1599 2229 1719 2276 absque
1741 2229 1876 2264 alicuius

1124 2280 1248 2314 licentia
1284 2281 1313 2314 in
1358 2279 1492 2326 praefata
1527 2279 1666 2326 cappella
1694 2279 1876 2314 solemniter

1123 2330 1292 2370 celebrare,
1308 2329 1520 2375 omnibusque
1539 2328 1653 2363 ibidem
1670 2329 1877 2363 existentibus

1125 2379 1254 2413 verbum
1278 2379 1334 2413 Dei
1353 2380 1449 2424 possit
1473 2378 1521 2412 illa
1546 2379 1595 2412 die
1620 2379 1766 2426 proponi,
1786 2386 1816 2413 et
1838 2379 1876 2412 ad

1125 2429 1227 2462 diviua
1252 2429 1350 2462 officia
1376 2429 1404 2462 in
1428 2429 1508 2462 dicta
1544 2427 1683 2474 cappella
1720 2427 1876 2462 audienda

1126 2487 1200 2512 tunc
1227 2485 1257 2512 et
1284 2478 1370 2517 alias,
1409 2485 1529 2524 praeter
1563 2478 1632 2512 illos
1666 2477 1705 2511 de
1733 2477 1877 2523 collegio,

1126 2528 1228 2575 quiris
1257 2540 1358 2562 mares
1385 2526 1558 2565 dumtaxat,
1589 2528 1658 2562 sine
1686 2527 1761 2562 iuris
1783 2527 1874 2562 alieni

1128 2577 1332 2624 praeiudicio,
1363 2578 1542 2611 convenire.
1584 2576 1784 2611 Oblationem
1813 2586 1876 2611 tam

1162 2640 1200 2674 (l)
1223 2641 1282 2674 Leg.
1304 2639 1412 2666 forsitan
1430 2642 1539 2666 evidenti?
1560 2642 1736 2673 impedimenti?
1754 2648 1840 2666 causa.

1883 236 1930 261 Δη.
1954 233 1982 259 C.
2004 233 2069 260 1572
