2274 3265
238 274 285 301 An.
305 275 333 300 C.
355 275 420 300 mot-3

252 1324 318 1350 Atque
334 1324 353 1343 iu
379 1328 421 1343 suis

239 1357 259 1374 et
275 1354 334 1379 regni
353 1358 422 1378 nego-

239 1388 272 1404 ιιιε
289 1385 313 1405 ad
333 1383 421 1404 Ponun-

239 1422 269 1436 εις
288 1415 422 1435 benevolen-

239 1451 287 1467 tiam
303 1448 405 1467 re‘urraL

490 263 554 296 tes

436 329 591 376 praelatos
604 326 700 361 nostri
717 326 822 372 utique
835 325 1005 360 Satvatoris
1018 325 1187 368 ministros,

434 387 634 424 caeterasque
668 388 819 423 personas
849 375 1093 416 ecclesiasticas,
1120 375 1188 410 eius

434 427 598 474 obsequiis
624 425 801 465 dedicatas,
830 425 906 471 quin
933 424 1038 471 potius
1069 425 1098 458 iu
1129 424 1189 459 illis

434 478 552 523 Regem
576 476 748 519 coelorum,
768 483 798 509 et
819 473 1004 519 Dominum,
1021 486 1074 520 per
1093 486 1186 520 quem

435 538 547 573 regnas
577 533 606 558 et
630 524 756 570 regeris,
781 524 973 558 incessanter
1002 531 1032 557 et
1058 523 1189 558 solerter

435 576 604 614 lionoraus,
633 574 718 621 ipsos
741 573 816 619 regii
845 572 958 607 lavoris
985 584 1044 619 ope
1072 572 1188 607 coufo—

435 637 517 665 veas,
540 633 569 659 et
598 623 627 657 in
658 621 891 670 pnlcln·itudine
914 621 1091 656 libertatum
1118 621 1190 655 alio-

436 686 571 721 rumque
593 684 723 707 suorum
748 672 862 706 iurium
891 670 1058 706 efficaciter
1082 678 1189 717 prote-

434 737 508 770 gere
530 723 656 758 studeas
678 729 709 755 et
732 721 821 756 tueri.
845 721 961 767 Sicquc
983 720 1012 754 in
1037 720 1086 754 liis
1110 728 1190 754 tam-

434 786 528 820 quam
562 772 646 806 lilius
683 770 914 805 benedictionis
947 778 975 804 et
1009 769 1126 815 gratiae
1161 778 1189 802 te

434 835 526 870 geras
556 831 585 856 et
617 820 751 867 dirigas,
778 819 862 866 quod
891 819 992 853 clarae
1020 818 1189 853 memoriae

435 872 654 919 progenitores
693 878 779 910 tuOS‚
818 869 871 915 qui
907 880 980 914 erga
1021 868 1188 914 praefatam

434 921 610 956 Ecclesiam
644 930 786 953 summae
820 917 997 951 devotionis
1030 924 1059 951 et
1095 929 1191 951 reve—

435 971 552 1006 rentiae
575 968 692 1011 titulis,
720 967 796 1001 dum
822 966 972 1006 viverent,
995 966 1190 1010 claruerunt,

436 1033 497 1054 non
530 1018 631 1054 solum
667 1017 779 1052 imitari
817 1016 968 1060 sollicite,
1002 1015 1057 1049 sed
1096 1016 1189 1050 etiam

435 1077 614 1103 reverenter
636 1065 788 1101 excedere
815 1065 1028 1111 dignoscaris,
1056 1065 1093 1099 ad
1125 1066 1192 1099 lau-

435 1119 506 1152 dem
539 1126 569 1152 et
595 1117 726 1163 gloriam
761 1115 819 1150 Dei
855 1115 974 1155 Patris,
1005 1122 1034 1148 et
1069 1114 1191 1149 celebre

436 1178 648 1214 magnumque
679 1165 722 1200 tui
756 1164 884 1199 lionoris
919 1173 947 1199 et
977 1163 1115 1198 nominis
1143 1164 1191 1198 in-

435 1225 647 1252 (ῚὌῙΠΕΠΙΙΗΠ.

484 1267 504 1313 g
536 1268 588 1300 10.
611 1265 659 1300 De
683 1263 772 1298 nobis
794 1270 911 1302 autem,
936 1270 967 1297 ut
991 1270 1076 1309 patre
1102 1262 1191 1297 bene·

437 1316 506 1350 volo
534 1326 561 1350 et
591 1315 726 1354 sincero,
754 1313 807 1360 qui
837 1322 876 1353 te,
909 1320 1002 1359 prout
1029 1312 1187 1346 celsitudi-

437 1378 507 1401 nem
536 1365 651 1411 regiam
675 1364 769 1398 latere
793 1374 854 1397 non
878 1361 1049 1405 credimus,
1073 1362 1102 1396 in
1127 1361 1193 1395 mi-

438 1416 504 1450 nori
542 1415 634 1449 etiam
670 1412 772 1448 ollieio
809 1411 988 1455 constituti,
1023 1411 1193 1446 affectuose

437 1464 608 1499 dileximus
626 1471 655 1498 et
673 1462 802 1508 diligere
825 1473 886 1495 non
907 1473 1080 1501 cessamus,
1104 1473 1193 1508 spem

438 1522 569 1557 certam,
604 1521 634 1548 et
667 1511 812 1546 fiduciam
846 1511 967 1546 firmam
1003 1522 1134 1556 gerens,
1163 1510 1193 1544 in

439 1564 500 1598 tuis
527 1571 555 1597 et
579 1562 722 1597 eiusdem
751 1560 837 1607 regni
863 1560 997 1607 negotiis
1019 1567 1048 1594 et
1078 1572 1195 1607 oppor-

440 1611 637 1652 tunitatibus,
668 1623 747 1658 qnae
770 1618 956 1649 occurrent,
991 1609 1028 1643 ad
1055 1622 1111 1644 nos
1140 1621 1197 1644 re—

439 1674 567 1697 currere
589 1674 652 1695 non
682 1669 864 1707 postponas,

489 1713 509 1759 g
542 1714 594 1745 ll.
623 1711 700 1745 Nam
734 1710 763 1743 in
793 1708 858 1753 liis,
892 1720 989 1755 super
1016 1708 1132 1756 quibus
1159 1720 1196 1743 ex

442 1770 528 1809 parte
560 1760 643 1807 regia
673 1759 826 1795 fuerimus
854 1758 1015 1806 requisiti,
1050 1758 1196 1801 libenter,

441 1819 593 1858 quantum
613 1822 684 1845 cum
704 1809 771 1844 Deo
795 1809 982 1856 poterimus,
1002 1809 1080 1843 votis
1103 1807 1197 1854 regiis

442 1872 631 1904 annuemus,
654 1869 738 1894 tuam
775 1867 805 1893 et
831 1858 974 1894 eiusdem
1000 1859 1086 1905 regni
1113 1870 1198 1905 pros-

444 1911 606 1958 peritatem
630 1908 844 1945 omnimodum
869 1921 929 1943 non
959 1908 1059 1943 solum
1083 1908 1198 1943 studiis

443 1971 627 1996 conservare
662 1959 824 2002 sollieitiS,
863 1958 918 1994 sed
960 1959 1052 1993 etiam
1098 1958 1199 2004 plenis

444 2023 481 2045 au
507 2017 649 2044 mentare
677 2009 836 2044 favoribus
870 2008 1070 2043 intendentes
1096 2016 1148 2041 etc.

524 2067 608 2094 atum
625 2059 768 2094 Laterani
794 2071 877 2093 nono
900 2057 1050 2092 kalendas
1074 2057 1200 2092 februa—

446 2110 495 2154 rii,
519 2109 720 2156 pontificatus
743 2108 840 2143 nostri
866 2120 948 2142 :inno
973 2108 1083 2154 primo.

495 2163 555 2192 Dat.
572 2163 619 2192 die
635 2163 672 2192 ⁹24
690 2161 816 2191 ianuarii
836 2170 913 2190 anno
934 2159 1048 2190 Domini
1071 2159 1153 2196 1295,

706 2202 808 2241 pontis.
828 2210 904 2230 anno
927 2209 946 2230 1.

805 2299 842 2333 ll.

450 2371 566 2404 Contra
600 2369 706 2402 dantes
739 2367 878 2412 aliquid,
909 2368 953 2401 eet
983 2367 1203 2411 promittentes,

499 2426 552 2453 aut
587 2418 775 2462 recipientes,
813 2428 871 2461 pro
903 2417 1067 2450 obtinenda
1100 2417 1204 2460 qratia

500 2469 545 2502 vel
576 2468 694 2501 iustitia
721 2468 806 2511 apud
839 2467 947 2500 Sedem
985 2466 1204 2510 Apostolicam,

500 2530 536 2551 ac
562 2518 654 2551 etiam
684 2524 791 2550 contra
819 2516 939 2549 scientes
966 2523 991 2548 et
1021 2527 1081 2548 non
1118 2526 1204 2548 rere-

502 2568 596 2601 lantes
623 2568 677 2610 (l).

488 2629 526 2663 tl)
547 2628 707 2655 Constitutio
727 2628 774 2655 ista
797 2628 855 2654 licet
871 2627 905 2653 sit
921 2628 989 2654 inter
1006 2630 1111 2654 extrav.
1130 2634 1206 2653 com-

455 2671 526 2691 mun.
555 2664 579 2690 in
608 2665 647 2689 tit.
681 2665 717 2690 De
738 2667 849 2690 sentent.
868 2671 1007 2695 excomm„
1034 2669 1093 2689 eam
1121 2664 1207 2688 tamen

1039 270 1223 292 nt'tJAtttt'u
1254 269 1413 290 ΙΗΗΙΛΝἬΜ

1502 320 1714 351 §intimatum

1230 388 1499 420 tiiconnnunicutio
1513 388 1542 418 in
1559 388 1661 418 dantes
1678 386 1835 426 quicquam
1853 392 1903 417 aut
1918 397 1983 428 pro-

1270 436 1416 466 mittentes
1435 438 1463 463 et
1478 432 1653 472 recipientes
1673 440 1723 470 pro
1743 431 1898 462 obtinenda
1920 441 1983 470 gra-

1272 480 1309 510 tia
1328 480 1369 509 vel
1388 479 1498 508 iustitia
1517 477 1592 516 apud
1609 475 1932 514 SedemApostolicam:
1945 492 1984 497 —

1273 525 1296 554 1.
1326 523 1592 560 l‘romittentesque
1619 525 1646 549 et
1674 520 1859 559 recipientes,
1890 537 1928 541 —
1956 520 1983 549 ⁶2.

1272 569 1404 598 Scientes
1431 572 1459 596 et
1482 576 1538 595 non
1562 565 1735 594 revelantes.
1761 581 1801 586 —
1821 565 1849 593 3.
1880 563 1984 593 Reser-

1271 614 1346 642 vatio
1375 611 1581 642 absolutionis.
1606 627 1644 632 —
1661 610 1688 639 4,
1716 609 1842 638 irritatio
1875 610 1984 645 gratiae

1272 658 1315 686 vel
1346 657 1475 686 iustitiae
1506 656 1560 684 bac
1584 655 1626 684 iia
1651 654 1797 683 obtentae.
1822 669 1862 675 —
1879 653 1906 682 5.
1927 652 1983 682 Ex-

1271 700 1499 730 commnnicatio
1523 699 1651 728 scienter
1674 708 1706 727 ea
1730 698 1884 728 utentium¹

1275 770 1428 799 Bonisacius
1446 771 1587 805 episcopus
1606 776 1701 798 servus
1721 774 1861 798 sorvorum
1884 767 1941 801 Det.

1380 820 1413 847 ad
1428 820 1589 855 perpetuam
1609 819 1649 847 rei
1669 818 1837 847 memoriam.

1282 887 1607 922 Excommunieamus
1634 897 1664 923 et
1686 887 1987 922 anathematizantes

1232 951 1269 972 ex
1299 945 1385 984 parte
1408 936 1465 971 Dei
1493 937 1718 983 omnipotentis
1740 937 1854 977 Patris,
1877 944 1909 971 et
1931 936 1987 971 Fi-

1234 987 1263 1020 lii
1293 994 1322 1020 et
1340 986 1487 1033 ⁸Spiritus
1511 986 1630 1027 Sancti,
1657 986 1839 1020 auctoritate
1862 999 1986 1033 quoque

1234 1036 1395 1071 beatorum
1424 1035 1638 1082 apostolorum
1667 1035 1751 1070 Petri
1774 1044 1804 1070 et
1828 1035 1929 1079 Pauli,
1957 1044 1987 1070 et

1235 1093 1352 1125 nostra,
1379 1097 1491 1119 omnes
1518 1084 1663 1128 clericos,
1691 1084 1855 1129 religiosos
1875 1093 1907 1119 et
1931 1085 1987 1120 lai-

1233 1147 1287 1170 cos
1317 1133 1480 1181 utriusque
1511 1146 1618 1174 sexus,
1640 1135 1704 1168 site
1731 1134 1793 1168 sint
1821 1132 1990 1168 familiares

1234 1185 1352 1224 curiae,
1371 1184 1437 1218 sive
1458 1183 1509 1218 alii
1534 1183 1769 1230 undecumque,
1787 1183 1840 1229 qui
1860 1182 1988 1230 aliquod

1236 1246 1382 1281 parvum,
1412 1232 1458 1267 vel
1496 1246 1646 1279 maguum
1688 1232 1908 1279 promiserint,
1946 1233 1990 1266 vel

1236 1283 1476 1328 promissionem
1513 1283 1705 1330 receperint,
1738 1290 1791 1316 aut
1823 1294 1857 1316 ex
1889 1291 1991 1328 paeto,

1235 1334 1300 1367 sive
1340 1332 1550 1380 promissione
1584 1331 1707 1367 occulta
1744 1331 1789 1366 vel
1827 1331 1989 1366 manifesta

1236 1382 1314 1418 sacta
1334 1381 1394 1416 sub
1415 1381 1627 1428 generalibus,
1650 1390 1678 1416 et
1701 1381 1840 1428 plenarie
1859 1393 1922 1415 non
1942 1394 1993 1415 ex-

1237 1432 1352 1478 pressis
1372 1440 1481 1478 aperte
1504 1431 1618 1472 verbis,
1641 1431 1811 1478 quiequam
1836 1430 1991 1467 dederim,

1236 1490 1287 1516 aut
1315 1482 1507 1528 receperint,
1537 1493 1687 1527 magnum
1709 1481 1752 1515 rel
1778 1493 1922 1526 parvum,
1945 1481 1992 1515 iel

1238 1531 1477 1577 promissionem
1502 1530 1541 1565 de
1575 1542 1776 1577 quacumque
1805 1542 1838 1564 re
1862 1538 1914 1564 aut
1938 1539 1995 1564 uti-

1238 1581 1322 1615 litate
1355 1589 1482 1627 propter
1517 1580 1577 1614 lioc
1606 1578 1831 1626 consequenda
1865 1579 1992 1614 fecerint

1239 1630 1285 1664 vel
1323 1630 1516 1676 receperint,
1550 1642 1604 1675 pro
1640 1629 1741 1676 aliqua
1778 1628 1893 1663 iustitia
1929 1629 1995 1663 sire

1237 1680 1348 1725 gratia,
1377 1692 1432 1725 pro
1472 1691 1505 1713 se
1545 1687 1598 1713 aut
1634 1691 1688 1725 pro
1715 1678 1794 1719 alio,
1823 1678 1852 1712 in
1893 1680 1995 1714 causis

1239 1729 1285 1764 rel
1309 1729 1447 1773 iudiciis,
1470 1742 1526 1764 seu
1559 1728 1634 1763 alias
1662 1741 1717 1775 per
1744 1728 1848 1763 literas
1869 1737 1995 1774 aposto—

1239 1779 1315 1814 licas
1354 1787 1384 1813 ct
1415 1779 1596 1826 quibusque
1639 1778 1740 1812 modis
1768 1777 1852 1825 apud
1879 1777 1994 1813 sedem

1238 1828 1454 1876 Apostolicam
1477 1827 1659 1863 obtinenda.

1288 1880 1307 1926 g
1337 1882 1367 1912 l.
1398 1879 1435 1913 Et
1463 1878 1543 1914 lianc
1570 1877 1758 1913 sententiam
1789 1877 1826 1912 ad
1862 1878 1996 1924 promit-

1240 1938 1341 1964 tentes
1363 1937 1394 1963 et
1421 1937 1637 1974 acceptantes,
1664 1936 1693 1962 et
1721 1928 1830 1962 dantes
1859 1936 1889 1961 et
1918 1928 1995 1961 reci*

1242 1980 1376 2025 pientes,
1403 1977 1553 2013 duximus
1579 1977 1822 2012 extendendam.

1289 2027 1309 2075 S
1331 2030 1364 2062 ⁶2.
1388 2027 1462 2062 Illos
1484 2040 1628 2074 quoque,
1651 2027 1703 2073 qui
1732 2027 1867 2073 aliquem
1895 2026 1996 2060 scu-e-

1242 2079 1305 2112 rint
1333 2077 1524 2124 culpabilem
1558 2078 1588 2110 in
1626 2076 1812 2122 praedictis,
1837 2084 1876 2118 vet
1907 2075 1997 2110 nobis

1243 2128 1322 2163 intra
1344 2127 1469 2162 dierum
1493 2127 1586 2160 trium
1610 2126 1747 2172 spatium
1778 2138 1838 2160 non
1874 2124 1998 2160 retule-

1244 2179 1316 2217 rint,
1336 2176 1382 2211 vel
1405 2176 1513 2217 alicui,
1537 2188 1591 2222 per
1612 2188 1706 2222 quem
1726 2175 1764 2210 ad
1789 2187 1846 2209 nos
1867 2174 1997 2209 verbum

1244 2262 1319 2297 posui
1338 2266 1474 2296 tamquam
1491 2259 1636 2286 curialibus
1648 2259 1793 2286 admodum
1812 2267 1999 2291 neeessariam,

1244 2310 1267 2334 et
1286 2306 1347 2341 quia
1369 2307 1393 2332 in
1414 2305 1464 2332 hoc
1480 2313 1561 2340 opere
1581 2308 1655 2331 extat
1678 2304 1750 2331 Butta
1771 2304 1849 2339 Greg.
1870 2304 1934 2331 xttt
1956 2305 1998 2330 in-

1244 2352 1339 2386 cipien.
1359 2352 1398 2377 At>
1425 2353 1491 2383 ipso,
1510 2350 1553 2376 ubi
1581 2350 1645 2377 haec
1668 2349 1824 2376 extenditur
1840 2349 1871 2376 ad
1890 2349 1998 2384 praedi-

1245 2400 1349 2422 etorum
1379 2395 1522 2429 complices
1550 2398 1577 2421 et
1601 2394 1782 2421 auxiliatores.
1815 2394 1897 2420 Prout
1921 2394 1999 2421 etiam

1245 2439 1400 2466 coutirmata
1417 2443 1440 2464 et
1459 2438 1582 2472 ampliata
1600 2438 1648 2465 fuit
1663 2446 1677 2465 a
1694 2438 1810 2464 Clemen.
1828 2437 1885 2464 vttt
1902 2438 1926 2464 in
1944 2446 2001 2464 ems

1246 2486 1331 2509 const.
1361 2484 1413 2509 Pro
1439 2486 1585 2509 commissa.
1607 2482 1692 2516 Quam
1720 2482 1858 2517 diligenter
1877 2482 1999 2513 attende,

1247 2528 1373 2563 quoniam
1391 2531 1454 2563 puto
1480 2535 1538 2554 eam
1559 2536 1617 2554 esse
1637 2526 1831 2561 intelligendam
1852 2526 2000 2553 secundum

1247 2573 1305 2600 eius
1321 2572 1466 2599 subiectam
1485 2571 1633 2603 materiam,
1657 2570 1724 2598 idest
1750 2570 1828 2606 ligare
1845 2570 1938 2598 dantes
1954 2571 2002 2598 ali-

1247 2616 1311 2652 quid
1330 2617 1370 2643 vel
1389 2616 1546 2651 recipientes
1562 2615 1594 2642 de
1611 2615 1687 2642 bonis
1703 2614 1923 2641 communitatum
1940 2615 2002 2641 Sta-

1250 2665 1291 2687 tus·
1311 2661 1503 2688 Ecclesiastici.
1521 2666 1546 2687 et
1564 2668 1615 2687 non
1636 2659 1709 2686 alios.
1732 2658 1910 2685 Cherubinus.

1998 265 2045 292 Αη.
2065 265 2091 291 C.
2115 265 2181 291 l295

2017 902 2188 923 Ere-ommunica-

2001 936 2030 954 tio
2060 941 2079 954 m
2112 935 2185 954 dautes

2001 966 2110 992 quiequam
2152 968 2185 985 ant

2003 997 2152 1023 promittentes
2165 998 2184 1016 et

2003 1028 2132 1053 recipientes
2148 1033 2185 1054 pro

2002 1058 2117 1079 obtinenda
2138 1064 2188 1083 gru-

2003 1090 2030 1109 tin
2054 1088 2088 1109 vel
2107 1089 2187 1108 iustitia

2003 1120 2055 1145 apud
2071 1119 2146 1139 Senem
2160 1119 2187 1139 A·

2004 1151 2136 1177 postottcam.

2033 1885 2053 1905 Ρι
2060 1888 2195 1905 omittente!-

2012 1923 2051 1944 que
2062 1920 2080 1937 et
2091 1917 2197 1943 reeipien-

2012 1951 2051 1967 tes⁴

2020 2030 2116 2052 §cientes
2127 2034 2145 2051 et
2155 2036 2196 2051 non

2013 2063 2142 2083 rereltntes.
