<?xml version="1.0" encoding="UTF-8"?>
<!DOCTYPE html PUBLIC "-//W3C//DTD XHTML 1.0 Transitional//EN"
    "http://www.w3.org/TR/xhtml1/DTD/xhtml1-transitional.dtd">
<html xmlns="http://www.w3.org/1999/xhtml" xml:lang="en" lang="en">
 <head>
  <title>
</title>
<meta http-equiv="Content-Type" content="text/html;charset=utf-8" />
  <meta name='ocr-system' content='tesseract 3.04.00' />
  <meta name='ocr-capabilities' content='ocr_page ocr_carea ocr_par ocr_line ocrx_word'/>
</head>
<body>
  <div class='ocr_page' id='page_1' title='image "./bullarumdiplomat04cath_0530.png"; bbox 0 0 2274 3265; ppageno 0'>
   <div class='ocr_carea' id='block_1_1' title="bbox 223 270 403 298">
    <p class='ocr_par' dir='ltr' id='par_1_1' title="bbox 223 270 403 298">
     <span class='ocr_line' id='line_1_1' title="bbox 223 270 403 298; baseline -0.011 0"><span class='ocrx_word' id='word_1_1' title='bbox 223 270 272 298; x_wconf 73' lang='lat' dir='ltr'>An.</span> <span class='ocrx_word' id='word_1_2' title='bbox 290 270 318 296; x_wconf 91' lang='lat' dir='ltr'>C.</span> <span class='ocrx_word' id='word_1_3' title='bbox 339 270 403 296; x_wconf 77' lang='lat'>¹565</span> 
     </span>
    </p>
   </div>
   <div class='ocr_carea' id='block_1_2' title="bbox 212 1614 394 1670">
    <p class='ocr_par' dir='ltr' id='par_1_2' title="bbox 212 1614 394 1670">
     <span class='ocr_line' id='line_1_2' title="bbox 219 1614 394 1634; baseline -0.006 0"><span class='ocrx_word' id='word_1_4' title='bbox 219 1614 349 1634; x_wconf 50' lang='lat' dir='ltr'>manantium</span> <span class='ocrx_word' id='word_1_5' title='bbox 360 1614 394 1633; x_wconf 82' lang='lat' dir='ltr'>de-</span> 
     </span>
     <span class='ocr_line' id='line_1_3' title="bbox 212 1648 298 1670; baseline -0.012 -6"><span class='ocrx_word' id='word_1_6' title='bbox 212 1648 298 1670; x_wconf 63' lang='lat' dir='ltr'>rogatio.</span> 
     </span>
    </p>
   </div>
   <div class='ocr_carea' id='block_1_3' title="bbox 468 258 537 292">
    <p class='ocr_par' dir='ltr' id='par_1_3' title="bbox 468 258 537 292">
     <span class='ocr_line' id='line_1_4' title="bbox 468 258 537 292; baseline -0.014 0"><span class='ocrx_word' id='word_1_7' title='bbox 468 258 537 292; x_wconf 72' lang='lat'>522</span> 
     </span>
    </p>
   </div>
   <div class='ocr_carea' id='block_1_4' title="bbox 366 320 1164 2694">
    <p class='ocr_par' dir='ltr' id='par_1_4' title="bbox 408 320 1164 1542">
     <span class='ocr_line' id='line_1_5' title="bbox 417 320 1161 368; baseline -0.005 -10"><span class='ocrx_word' id='word_1_8' title='bbox 417 323 563 358; x_wconf 88' lang='lat' dir='ltr'>mandato</span> <span class='ocrx_word' id='word_1_9' title='bbox 584 330 638 356; x_wconf 89' lang='lat' dir='ltr'>tuo</span> <span class='ocrx_word' id='word_1_10' title='bbox 654 321 683 355; x_wconf 93' lang='lat' dir='ltr'>in</span> <span class='ocrx_word' id='word_1_11' title='bbox 704 320 800 367; x_wconf 85' lang='lat' dir='ltr'>portis</span> <span class='ocrx_word' id='word_1_12' title='bbox 818 320 897 355; x_wconf 85' lang='lat' dir='ltr'>sacri</span> <span class='ocrx_word' id='word_1_13' title='bbox 918 321 1020 368; x_wconf 86' lang='lat' dir='ltr'>palatii</span> <span class='ocrx_word' id='word_1_14' title='bbox 1039 329 1161 367; x_wconf 87' lang='lat' dir='ltr'>aposto-</span> 
     </span>
     <span class='ocr_line' id='line_1_6' title="bbox 418 370 1163 413; baseline -0.005 -6"><span class='ocrx_word' id='word_1_15' title='bbox 418 373 464 407; x_wconf 87' lang='lat' dir='ltr'>lici</span> <span class='ocrx_word' id='word_1_16' title='bbox 492 380 522 406; x_wconf 80' lang='lat' dir='ltr'>et</span> <span class='ocrx_word' id='word_1_17' title='bbox 557 371 651 405; x_wconf 84' lang='lat' dir='ltr'>valvis</span> <span class='ocrx_word' id='word_1_18' title='bbox 681 370 831 404; x_wconf 83' lang='lat' dir='ltr'>ecclesiae</span> <span class='ocrx_word' id='word_1_19' title='bbox 855 370 1097 413; x_wconf 77' lang='lat' dir='ltr'>Avenionensis,</span> <span class='ocrx_word' id='word_1_20' title='bbox 1133 377 1163 403; x_wconf 88' lang='lat' dir='ltr'>et</span> 
     </span>
     <span class='ocr_line' id='line_1_7' title="bbox 415 419 1161 467; baseline -0.004 -12"><span class='ocrx_word' id='word_1_21' title='bbox 415 422 490 455; x_wconf 81' lang='lat' dir='ltr'>alias</span> <span class='ocrx_word' id='word_1_22' title='bbox 513 422 542 454; x_wconf 93' lang='lat' dir='ltr'>in</span> <span class='ocrx_word' id='word_1_23' title='bbox 567 421 703 467; x_wconf 87' lang='lat' dir='ltr'>ipsarum</span> <span class='ocrx_word' id='word_1_24' title='bbox 726 419 950 454; x_wconf 86' lang='lat' dir='ltr'>sententiarum</span> <span class='ocrx_word' id='word_1_25' title='bbox 971 419 1161 465; x_wconf 88' lang='lat' dir='ltr'>exequutio-</span> 
     </span>
     <span class='ocr_line' id='line_1_8' title="bbox 416 469 1162 516; baseline -0.007 -11"><span class='ocrx_word' id='word_1_26' title='bbox 416 483 486 505; x_wconf 89' lang='lat' dir='ltr'>nem</span> <span class='ocrx_word' id='word_1_27' title='bbox 510 479 541 504; x_wconf 91' lang='lat' dir='ltr'>et</span> <span class='ocrx_word' id='word_1_28' title='bbox 567 469 836 516; x_wconf 80' lang='lat' dir='ltr'>aggravationem,</span> <span class='ocrx_word' id='word_1_29' title='bbox 859 477 887 503; x_wconf 87' lang='lat' dir='ltr'>et</span> <span class='ocrx_word' id='word_1_30' title='bbox 910 469 966 503; x_wconf 85' lang='lat' dir='ltr'>alia</span> <span class='ocrx_word' id='word_1_31' title='bbox 994 469 1098 502; x_wconf 89' lang='lat' dir='ltr'>omnia</span> <span class='ocrx_word' id='word_1_32' title='bbox 1133 475 1162 501; x_wconf 88' lang='lat' dir='ltr'>et</span> 
     </span>
     <span class='ocr_line' id='line_1_9' title="bbox 414 518 1160 566; baseline -0.007 -12"><span class='ocrx_word' id='word_1_33' title='bbox 414 519 537 566; x_wconf 83' lang='lat' dir='ltr'>singula</span> <span class='ocrx_word' id='word_1_34' title='bbox 559 518 750 565; x_wconf 82' lang='lat' dir='ltr'>supradicta,</span> <span class='ocrx_word' id='word_1_35' title='bbox 773 526 833 552; x_wconf 87' lang='lat' dir='ltr'>tam</span> <span class='ocrx_word' id='word_1_36' title='bbox 856 518 1043 564; x_wconf 65' lang='lat' dir='ltr'>generaliter</span> <span class='ocrx_word' id='word_1_37' title='bbox 1068 529 1160 564; x_wconf 84' lang='lat' dir='ltr'>quam</span> 
     </span>
     <span class='ocr_line' id='line_1_10' title="bbox 414 567 1163 615; baseline -0.005 -12"><span class='ocrx_word' id='word_1_38' title='bbox 414 569 602 615; x_wconf 73' lang='lat' dir='ltr'>specialiter,</span> <span class='ocrx_word' id='word_1_39' title='bbox 630 568 675 602; x_wconf 86' lang='lat' dir='ltr'>vel</span> <span class='ocrx_word' id='word_1_40' title='bbox 699 568 896 607; x_wconf 76' lang='lat' dir='ltr'>nominatim,</span> <span class='ocrx_word' id='word_1_41' title='bbox 924 567 1031 601; x_wconf 88' lang='lat' dir='ltr'>eadem</span> <span class='ocrx_word' id='word_1_42' title='bbox 1055 573 1163 600; x_wconf 84' lang='lat' dir='ltr'>aucto-</span> 
     </span>
     <span class='ocr_line' id='line_1_11' title="bbox 415 616 1160 665; baseline -0.005 -13"><span class='ocrx_word' id='word_1_43' title='bbox 415 619 503 653; x_wconf 86' lang='lat' dir='ltr'>ritate</span> <span class='ocrx_word' id='word_1_44' title='bbox 526 617 689 665; x_wconf 83' lang='lat' dir='ltr'>procedas,</span> <span class='ocrx_word' id='word_1_45' title='bbox 708 618 800 651; x_wconf 86' lang='lat' dir='ltr'>etiam</span> <span class='ocrx_word' id='word_1_46' title='bbox 831 629 885 664; x_wconf 87' lang='lat' dir='ltr'>per</span> <span class='ocrx_word' id='word_1_47' title='bbox 909 616 1160 650; x_wconf 76' lang='lat' dir='ltr'>informationem</span> 
     </span>
     <span class='ocr_line' id='line_1_12' title="bbox 413 664 1163 715; baseline -0.004 -15"><span class='ocrx_word' id='word_1_48' title='bbox 413 667 602 715; x_wconf 76' lang='lat' dir='ltr'>simplicem,</span> <span class='ocrx_word' id='word_1_49' title='bbox 634 667 823 707; x_wconf 87' lang='lat' dir='ltr'>summarie,</span> <span class='ocrx_word' id='word_1_50' title='bbox 857 666 1040 712; x_wconf 78' lang='lat' dir='ltr'>simpliciter</span> <span class='ocrx_word' id='word_1_51' title='bbox 1066 672 1095 698; x_wconf 86' lang='lat' dir='ltr'>et</span> <span class='ocrx_word' id='word_1_52' title='bbox 1124 664 1163 697; x_wconf 88' lang='lat' dir='ltr'>de</span> 
     </span>
     <span class='ocr_line' id='line_1_13' title="bbox 414 714 1161 764; baseline -0.008 -12"><span class='ocrx_word' id='word_1_53' title='bbox 414 717 518 764; x_wconf 84' lang='lat' dir='ltr'>plano,</span> <span class='ocrx_word' id='word_1_54' title='bbox 533 717 602 751; x_wconf 85' lang='lat' dir='ltr'>sine</span> <span class='ocrx_word' id='word_1_55' title='bbox 619 717 750 762; x_wconf 83' lang='lat' dir='ltr'>strepitu</span> <span class='ocrx_word' id='word_1_56' title='bbox 767 724 797 748; x_wconf 79' lang='lat' dir='ltr'>et</span> <span class='ocrx_word' id='word_1_57' title='bbox 814 715 910 760; x_wconf 74' lang='lat' dir='ltr'>ligura</span> <span class='ocrx_word' id='word_1_58' title='bbox 930 714 1047 757; x_wconf 81' lang='lat' dir='ltr'>iudicii,</span> <span class='ocrx_word' id='word_1_59' title='bbox 1071 722 1161 760; x_wconf 88' lang='lat' dir='ltr'>prout</span> 
     </span>
     <span class='ocr_line' id='line_1_14' title="bbox 414 762 1161 814; baseline -0.008 -13"><span class='ocrx_word' id='word_1_60' title='bbox 414 767 483 801; x_wconf 83' lang='lat' dir='ltr'>facti</span> <span class='ocrx_word' id='word_1_61' title='bbox 519 766 652 814; x_wconf 86' lang='lat' dir='ltr'>qualitas</span> <span class='ocrx_word' id='word_1_62' title='bbox 680 766 829 811; x_wconf 82' lang='lat' dir='ltr'>exegerit,</span> <span class='ocrx_word' id='word_1_63' title='bbox 852 773 881 798; x_wconf 92' lang='lat' dir='ltr'>et</span> <span class='ocrx_word' id='word_1_64' title='bbox 910 763 961 797; x_wconf 91' lang='lat' dir='ltr'>ubi</span> <span class='ocrx_word' id='word_1_65' title='bbox 985 762 1161 797; x_wconf 87' lang='lat' dir='ltr'>secundum</span> 
     </span>
     <span class='ocr_line' id='line_1_15' title="bbox 413 812 1162 852; baseline -0.008 -2"><span class='ocrx_word' id='word_1_66' title='bbox 413 816 515 850; x_wconf 88' lang='lat' dir='ltr'>Deum</span> <span class='ocrx_word' id='word_1_67' title='bbox 540 824 569 850; x_wconf 89' lang='lat' dir='ltr'>et</span> <span class='ocrx_word' id='word_1_68' title='bbox 594 815 740 849; x_wconf 88' lang='lat' dir='ltr'>iustitiam</span> <span class='ocrx_word' id='word_1_69' title='bbox 776 813 934 848; x_wconf 85' lang='lat' dir='ltr'>videbitur</span> <span class='ocrx_word' id='word_1_70' title='bbox 965 812 1162 852; x_wconf 81' lang='lat' dir='ltr'>faciendum3</span> 
     </span>
     <span class='ocr_line' id='line_1_16' title="bbox 412 864 1161 909; baseline -0.005 -11"><span class='ocrx_word' id='word_1_71' title='bbox 412 878 445 899; x_wconf 84' lang='lat' dir='ltr'>ac</span> <span class='ocrx_word' id='word_1_72' title='bbox 461 878 584 909; x_wconf 76' lang='lat' dir='ltr'>eorum,</span> <span class='ocrx_word' id='word_1_73' title='bbox 604 877 725 899; x_wconf 77' lang='lat' dir='ltr'>necnon</span> <span class='ocrx_word' id='word_1_74' title='bbox 750 864 917 900; x_wconf 77' lang='lat' dir='ltr'>fautorum,</span> <span class='ocrx_word' id='word_1_75' title='bbox 932 869 1161 907; x_wconf 76' lang='lat' dir='ltr'>receptatorum</span> 
     </span>
     <span class='ocr_line' id='line_1_17' title="bbox 411 912 1162 957; baseline -0.004 -9"><span class='ocrx_word' id='word_1_76' title='bbox 411 923 439 948; x_wconf 87' lang='lat' dir='ltr'>et</span> <span class='ocrx_word' id='word_1_77' title='bbox 462 915 663 948; x_wconf 82' lang='lat' dir='ltr'>defensorum</span> <span class='ocrx_word' id='word_1_78' title='bbox 691 914 844 947; x_wconf 74' lang='lat' dir='ltr'>dictorum</span> <span class='ocrx_word' id='word_1_79' title='bbox 873 912 1059 957; x_wconf 81' lang='lat' dir='ltr'>piratarum,</span> <span class='ocrx_word' id='word_1_80' title='bbox 1087 924 1162 945; x_wconf 75' lang='lat' dir='ltr'>rur—</span> 
     </span>
     <span class='ocr_line' id='line_1_18' title="bbox 411 961 1163 998; baseline -0.007 0"><span class='ocrx_word' id='word_1_81' title='bbox 411 964 563 998; x_wconf 82' lang='lat' dir='ltr'>sariorum</span> <span class='ocrx_word' id='word_1_82' title='bbox 582 971 609 996; x_wconf 85' lang='lat' dir='ltr'>et</span> <span class='ocrx_word' id='word_1_83' title='bbox 625 962 869 996; x_wconf 79' lang='lat' dir='ltr'>latrunculorum</span> <span class='ocrx_word' id='word_1_84' title='bbox 906 961 1097 994; x_wconf 85' lang='lat' dir='ltr'>marinorum</span> <span class='ocrx_word' id='word_1_85' title='bbox 1118 961 1163 993; x_wconf 81' lang='lat' dir='ltr'>ri-</span> 
     </span>
     <span class='ocr_line' id='line_1_19' title="bbox 411 1010 1164 1056; baseline -0.004 -10"><span class='ocrx_word' id='word_1_86' title='bbox 411 1015 530 1054; x_wconf 72' lang='lat' dir='ltr'>vitates,</span> <span class='ocrx_word' id='word_1_87' title='bbox 540 1019 756 1052; x_wconf 65' lang='lat' dir='ltr'>tei-raS,easti·a</span> <span class='ocrx_word' id='word_1_88' title='bbox 769 1019 796 1043; x_wconf 88' lang='lat' dir='ltr'>et</span> <span class='ocrx_word' id='word_1_89' title='bbox 814 1010 877 1043; x_wconf 83' lang='lat' dir='ltr'>loca</span> <span class='ocrx_word' id='word_1_90' title='bbox 891 1022 1055 1056; x_wconf 79' lang='lat' dir='ltr'>supponas</span> <span class='ocrx_word' id='word_1_91' title='bbox 1067 1011 1164 1043; x_wconf 71' lang='lat' dir='ltr'>ercle-</span> 
     </span>
     <span class='ocr_line' id='line_1_20' title="bbox 409 1059 1161 1106; baseline -0.003 -11"><span class='ocrx_word' id='word_1_92' title='bbox 409 1063 533 1096; x_wconf 75' lang='lat' dir='ltr'>siastico</span> <span class='ocrx_word' id='word_1_93' title='bbox 550 1062 723 1095; x_wconf 79' lang='lat' dir='ltr'>interdicto.</span> <span class='ocrx_word' id='word_1_94' title='bbox 734 1059 990 1093; x_wconf 64' lang='lat' dir='ltr'>contradit-tores</span> <span class='ocrx_word' id='word_1_95' title='bbox 1005 1060 1161 1106; x_wconf 85' lang='lat' dir='ltr'>quoslibet</span> 
     </span>
     <span class='ocr_line' id='line_1_21' title="bbox 409 1110 1162 1156; baseline -0.004 -10"><span class='ocrx_word' id='word_1_96' title='bbox 409 1115 444 1146; x_wconf 84' lang='lat' dir='ltr'>et</span> <span class='ocrx_word' id='word_1_97' title='bbox 462 1111 605 1154; x_wconf 77' lang='lat' dir='ltr'>rebelles,</span> <span class='ocrx_word' id='word_1_98' title='bbox 627 1111 859 1156; x_wconf 78' lang='lat' dir='ltr'>cuiuscumque</span> <span class='ocrx_word' id='word_1_99' title='bbox 895 1110 1162 1155; x_wconf 78' lang='lat' dir='ltr'>pi·:eeminentiae⁷</span> 
     </span>
     <span class='ocr_line' id='line_1_22' title="bbox 409 1158 1162 1207; baseline -0.003 -12"><span class='ocrx_word' id='word_1_100' title='bbox 409 1161 581 1207; x_wconf 76' lang='lat' dir='ltr'>dignitatiS,</span> <span class='ocrx_word' id='word_1_101' title='bbox 604 1168 713 1203; x_wconf 82' lang='lat' dir='ltr'>status,</span> <span class='ocrx_word' id='word_1_102' title='bbox 727 1158 856 1205; x_wconf 77' lang='lat' dir='ltr'>gradus,</span> <span class='ocrx_word' id='word_1_103' title='bbox 872 1159 993 1192; x_wconf 77' lang='lat' dir='ltr'>ordinis</span> <span class='ocrx_word' id='word_1_104' title='bbox 1024 1159 1068 1192; x_wconf 78' lang='lat' dir='ltr'>vel</span> <span class='ocrx_word' id='word_1_105' title='bbox 1085 1171 1162 1193; x_wconf 75' lang='lat' dir='ltr'>ron—</span> 
     </span>
     <span class='ocr_line' id='line_1_23' title="bbox 410 1208 1160 1255; baseline -0.001 -11"><span class='ocrx_word' id='word_1_106' title='bbox 410 1211 539 1245; x_wconf 91' lang='lat' dir='ltr'>ditionis</span> <span class='ocrx_word' id='word_1_107' title='bbox 558 1210 713 1249; x_wconf 74' lang='lat' dir='ltr'>existant,</span> <span class='ocrx_word' id='word_1_108' title='bbox 734 1209 826 1242; x_wconf 84' lang='lat' dir='ltr'>etiam</span> <span class='ocrx_word' id='word_1_109' title='bbox 849 1209 873 1241; x_wconf 86' lang='lat' dir='ltr'>si</span> <span class='ocrx_word' id='word_1_110' title='bbox 904 1208 1092 1255; x_wconf 77' lang='lat' dir='ltr'>pontificali,</span> <span class='ocrx_word' id='word_1_111' title='bbox 1116 1210 1160 1243; x_wconf 69' lang='lat' dir='ltr'>vel</span> 
     </span>
     <span class='ocr_line' id='line_1_24' title="bbox 409 1258 1163 1307; baseline -0.003 -12"><span class='ocrx_word' id='word_1_112' title='bbox 409 1260 518 1307; x_wconf 89' lang='lat' dir='ltr'>quavis</span> <span class='ocrx_word' id='word_1_113' title='bbox 536 1259 594 1294; x_wconf 90' lang='lat' dir='ltr'>alia</span> <span class='ocrx_word' id='word_1_114' title='bbox 610 1259 819 1294; x_wconf 87' lang='lat' dir='ltr'>ecclesiastica</span> <span class='ocrx_word' id='word_1_115' title='bbox 837 1258 883 1291; x_wconf 87' lang='lat' dir='ltr'>vel</span> <span class='ocrx_word' id='word_1_116' title='bbox 900 1258 1059 1292; x_wconf 81' lang='lat' dir='ltr'>mundana</span> <span class='ocrx_word' id='word_1_117' title='bbox 1087 1271 1163 1306; x_wconf 84' lang='lat' dir='ltr'>prae-</span> 
     </span>
     <span class='ocr_line' id='line_1_25' title="bbox 410 1308 1162 1356; baseline -0.004 -12"><span class='ocrx_word' id='word_1_118' title='bbox 410 1309 547 1356; x_wconf 79' lang='lat' dir='ltr'>fulgeant</span> <span class='ocrx_word' id='word_1_119' title='bbox 570 1309 734 1354; x_wconf 72' lang='lat' dir='ltr'>dignitate,</span> <span class='ocrx_word' id='word_1_120' title='bbox 761 1308 947 1342; x_wconf 88' lang='lat' dir='ltr'>auctoritate</span> <span class='ocrx_word' id='word_1_121' title='bbox 974 1316 1077 1342; x_wconf 86' lang='lat' dir='ltr'>nostra</span> <span class='ocrx_word' id='word_1_122' title='bbox 1107 1321 1162 1355; x_wconf 82' lang='lat' dir='ltr'>per</span> 
     </span>
     <span class='ocr_line' id='line_1_26' title="bbox 408 1356 1162 1404; baseline 0 -12"><span class='ocrx_word' id='word_1_123' title='bbox 408 1371 572 1394; x_wconf 67' lang='lat' dir='ltr'>censuram</span> <span class='ocrx_word' id='word_1_124' title='bbox 588 1358 846 1397; x_wconf 87' lang='lat' dir='ltr'>ecclesiasticam,</span> <span class='ocrx_word' id='word_1_125' title='bbox 861 1356 1069 1404; x_wconf 78' lang='lat' dir='ltr'>appellatione</span> <span class='ocrx_word' id='word_1_126' title='bbox 1082 1366 1162 1404; x_wconf 91' lang='lat' dir='ltr'>post-</span> 
     </span>
     <span class='ocr_line' id='line_1_27' title="bbox 411 1407 1159 1455; baseline 0.001 -14"><span class='ocrx_word' id='word_1_127' title='bbox 411 1410 520 1455; x_wconf 82' lang='lat' dir='ltr'>posita,</span> <span class='ocrx_word' id='word_1_128' title='bbox 549 1407 792 1455; x_wconf 71' lang='lat' dir='ltr'>compescendo,</span> <span class='ocrx_word' id='word_1_129' title='bbox 823 1408 966 1441; x_wconf 85' lang='lat' dir='ltr'>invocato</span> <span class='ocrx_word' id='word_1_130' title='bbox 1001 1407 1094 1442; x_wconf 88' lang='lat' dir='ltr'>etiam</span> <span class='ocrx_word' id='word_1_131' title='bbox 1122 1408 1159 1442; x_wconf 86' lang='lat' dir='ltr'>ad</span> 
     </span>
     <span class='ocr_line' id='line_1_28' title="bbox 410 1456 1160 1505; baseline -0.004 -12"><span class='ocrx_word' id='word_1_132' title='bbox 410 1460 479 1499; x_wconf 86' lang='lat' dir='ltr'>lioc,</span> <span class='ocrx_word' id='word_1_133' title='bbox 508 1459 532 1493; x_wconf 92' lang='lat' dir='ltr'>si</span> <span class='ocrx_word' id='word_1_134' title='bbox 566 1471 648 1505; x_wconf 89' lang='lat' dir='ltr'>opus</span> <span class='ocrx_word' id='word_1_135' title='bbox 669 1457 773 1497; x_wconf 86' lang='lat' dir='ltr'>fuerit,</span> <span class='ocrx_word' id='word_1_136' title='bbox 796 1456 913 1491; x_wconf 79' lang='lat' dir='ltr'>anxilio</span> <span class='ocrx_word' id='word_1_137' title='bbox 940 1456 1058 1491; x_wconf 87' lang='lat' dir='ltr'>brachii</span> <span class='ocrx_word' id='word_1_138' title='bbox 1091 1469 1160 1491; x_wconf 89' lang='lat' dir='ltr'>sae-</span> 
     </span>
     <span class='ocr_line' id='line_1_29' title="bbox 409 1508 535 1542; baseline -0.008 0"><span class='ocrx_word' id='word_1_139' title='bbox 409 1508 535 1542; x_wconf 74' lang='lat' dir='ltr'>eutaris.</span> 
     </span>
    </p>

    <p class='ocr_par' dir='ltr' id='par_1_5' title="bbox 366 1555 1164 2694">
     <span class='ocr_line' id='line_1_30' title="bbox 456 1555 1162 1604; baseline 0 -13"><span class='ocrx_word' id='word_1_140' title='bbox 456 1557 476 1604; x_wconf 65' lang='lat' dir='ltr'>S</span> <span class='ocrx_word' id='word_1_141' title='bbox 498 1560 530 1591; x_wconf 80' lang='lat'>5.</span> <span class='ocrx_word' id='word_1_142' title='bbox 548 1557 616 1591; x_wconf 88' lang='lat' dir='ltr'>Non</span> <span class='ocrx_word' id='word_1_143' title='bbox 640 1556 836 1591; x_wconf 75' lang='lat' dir='ltr'>obstantibus</span> <span class='ocrx_word' id='word_1_144' title='bbox 857 1566 917 1590; x_wconf 85' lang='lat' dir='ltr'>tam</span> <span class='ocrx_word' id='word_1_145' title='bbox 941 1555 991 1591; x_wconf 84' lang='lat' dir='ltr'>fel.</span> <span class='ocrx_word' id='word_1_146' title='bbox 1017 1568 1076 1591; x_wconf 84' lang='lat' dir='ltr'>rec.</span> <span class='ocrx_word' id='word_1_147' title='bbox 1103 1556 1162 1591; x_wconf 88' lang='lat' dir='ltr'>Bo-</span> 
     </span>
     <span class='ocr_line' id='line_1_31' title="bbox 409 1606 1160 1654; baseline -0.001 -13"><span class='ocrx_word' id='word_1_148' title='bbox 409 1606 511 1641; x_wconf 85' lang='lat' dir='ltr'>nifacii</span> <span class='ocrx_word' id='word_1_149' title='bbox 534 1607 638 1654; x_wconf 85' lang='lat' dir='ltr'>Papae</span> <span class='ocrx_word' id='word_1_150' title='bbox 665 1606 752 1645; x_wconf 86' lang='lat' dir='ltr'>Vlll,</span> <span class='ocrx_word' id='word_1_151' title='bbox 781 1606 1032 1652; x_wconf 81' lang='lat' dir='ltr'>praedecessoris</span> <span class='ocrx_word' id='word_1_152' title='bbox 1050 1608 1160 1651; x_wconf 83' lang='lat' dir='ltr'>nostri,</span> 
     </span>
     <span class='ocr_line' id='line_1_32' title="bbox 410 1656 1159 1703; baseline -0.003 -12"><span class='ocrx_word' id='word_1_153' title='bbox 410 1658 438 1691; x_wconf 91' lang='lat' dir='ltr'>in</span> <span class='ocrx_word' id='word_1_154' title='bbox 461 1656 577 1703; x_wconf 89' lang='lat' dir='ltr'>quibus</span> <span class='ocrx_word' id='word_1_155' title='bbox 598 1664 734 1698; x_wconf 84' lang='lat' dir='ltr'>cavetur,</span> <span class='ocrx_word' id='word_1_156' title='bbox 758 1668 797 1690; x_wconf 89' lang='lat' dir='ltr'>ne</span> <span class='ocrx_word' id='word_1_157' title='bbox 823 1656 936 1703; x_wconf 83' lang='lat' dir='ltr'>aliquis</span> <span class='ocrx_word' id='word_1_158' title='bbox 963 1663 1048 1690; x_wconf 85' lang='lat' dir='ltr'>extra</span> <span class='ocrx_word' id='word_1_159' title='bbox 1071 1668 1159 1690; x_wconf 87' lang='lat' dir='ltr'>suam</span> 
     </span>
     <span class='ocr_line' id='line_1_33' title="bbox 408 1705 1161 1749; baseline 0 -9"><span class='ocrx_word' id='word_1_160' title='bbox 408 1706 564 1741; x_wconf 84' lang='lat' dir='ltr'>civitatem</span> <span class='ocrx_word' id='word_1_161' title='bbox 588 1705 634 1739; x_wconf 79' lang='lat' dir='ltr'>vel</span> <span class='ocrx_word' id='word_1_162' title='bbox 656 1706 837 1749; x_wconf 84' lang='lat' dir='ltr'>dioecesim,</span> <span class='ocrx_word' id='word_1_163' title='bbox 854 1705 912 1740; x_wconf 89' lang='lat' dir='ltr'>nisi</span> <span class='ocrx_word' id='word_1_164' title='bbox 936 1706 966 1739; x_wconf 90' lang='lat' dir='ltr'>in</span> <span class='ocrx_word' id='word_1_165' title='bbox 989 1705 1083 1740; x_wconf 87' lang='lat' dir='ltr'>certis</span> <span class='ocrx_word' id='word_1_166' title='bbox 1105 1715 1161 1740; x_wconf 87' lang='lat' dir='ltr'>ex·</span> 
     </span>
     <span class='ocr_line' id='line_1_34' title="bbox 407 1755 1159 1802; baseline 0 -13"><span class='ocrx_word' id='word_1_167' title='bbox 407 1756 507 1802; x_wconf 70' lang='lat' dir='ltr'>reptis</span> <span class='ocrx_word' id='word_1_168' title='bbox 519 1755 656 1795; x_wconf 76' lang='lat' dir='ltr'>casibus,</span> <span class='ocrx_word' id='word_1_169' title='bbox 672 1763 702 1789; x_wconf 87' lang='lat' dir='ltr'>et</span> <span class='ocrx_word' id='word_1_170' title='bbox 721 1756 750 1790; x_wconf 93' lang='lat' dir='ltr'>in</span> <span class='ocrx_word' id='word_1_171' title='bbox 766 1755 825 1789; x_wconf 90' lang='lat' dir='ltr'>illis</span> <span class='ocrx_word' id='word_1_172' title='bbox 840 1755 919 1790; x_wconf 90' lang='lat' dir='ltr'>ultra</span> <span class='ocrx_word' id='word_1_173' title='bbox 935 1767 1028 1790; x_wconf 88' lang='lat' dir='ltr'>unam</span> <span class='ocrx_word' id='word_1_174' title='bbox 1045 1755 1159 1790; x_wconf 87' lang='lat' dir='ltr'>dietam</span> 
     </span>
     <span class='ocr_line' id='line_1_35' title="bbox 409 1804 1159 1851; baseline 0.001 -13"><span class='ocrx_word' id='word_1_175' title='bbox 409 1818 423 1838; x_wconf 77' lang='lat' dir='ltr'>a</span> <span class='ocrx_word' id='word_1_176' title='bbox 445 1805 507 1839; x_wconf 81' lang='lat' dir='ltr'>fine</span> <span class='ocrx_word' id='word_1_177' title='bbox 528 1817 603 1840; x_wconf 88' lang='lat' dir='ltr'>suae</span> <span class='ocrx_word' id='word_1_178' title='bbox 626 1804 778 1839; x_wconf 84' lang='lat' dir='ltr'>dioecesis</span> <span class='ocrx_word' id='word_1_179' title='bbox 805 1813 966 1844; x_wconf 81' lang='lat' dir='ltr'>evocetur,</span> <span class='ocrx_word' id='word_1_180' title='bbox 995 1817 1051 1839; x_wconf 89' lang='lat' dir='ltr'>seu</span> <span class='ocrx_word' id='word_1_181' title='bbox 1073 1804 1159 1851; x_wconf 89' lang='lat' dir='ltr'>quod</span> 
     </span>
     <span class='ocr_line' id='line_1_36' title="bbox 410 1854 1160 1902; baseline 0.001 -14"><span class='ocrx_word' id='word_1_182' title='bbox 410 1854 530 1889; x_wconf 83' lang='lat' dir='ltr'>iudices</span> <span class='ocrx_word' id='word_1_183' title='bbox 555 1867 571 1889; x_wconf 89' lang='lat' dir='ltr'>a</span> <span class='ocrx_word' id='word_1_184' title='bbox 598 1854 682 1888; x_wconf 87' lang='lat' dir='ltr'>Sede</span> <span class='ocrx_word' id='word_1_185' title='bbox 704 1854 884 1901; x_wconf 85' lang='lat' dir='ltr'>Apostolica</span> <span class='ocrx_word' id='word_1_186' title='bbox 906 1854 1047 1902; x_wconf 87' lang='lat' dir='ltr'>deputati</span> <span class='ocrx_word' id='word_1_187' title='bbox 1075 1863 1160 1889; x_wconf 88' lang='lat' dir='ltr'>extra</span> 
     </span>
     <span class='ocr_line' id='line_1_37' title="bbox 409 1904 1158 1951; baseline 0 -13"><span class='ocrx_word' id='word_1_188' title='bbox 409 1904 563 1938; x_wconf 76' lang='lat' dir='ltr'>civitatem</span> <span class='ocrx_word' id='word_1_189' title='bbox 586 1912 614 1937; x_wconf 89' lang='lat' dir='ltr'>et</span> <span class='ocrx_word' id='word_1_190' title='bbox 638 1904 821 1944; x_wconf 85' lang='lat' dir='ltr'>dioecesim,</span> <span class='ocrx_word' id='word_1_191' title='bbox 838 1905 867 1938; x_wconf 92' lang='lat' dir='ltr'>in</span> <span class='ocrx_word' id='word_1_192' title='bbox 884 1905 1000 1951; x_wconf 85' lang='lat' dir='ltr'>quibus</span> <span class='ocrx_word' id='word_1_193' title='bbox 1017 1905 1158 1951; x_wconf 87' lang='lat' dir='ltr'>deputati</span> 
     </span>
     <span class='ocr_line' id='line_1_38' title="bbox 410 1953 1160 2001; baseline 0.004 -15"><span class='ocrx_word' id='word_1_194' title='bbox 410 1953 650 1993; x_wconf 86' lang='lat' dir='ltr'>fuerint,contra</span> <span class='ocrx_word' id='word_1_195' title='bbox 664 1966 882 2001; x_wconf 86' lang='lat' dir='ltr'>quoscumque</span> <span class='ocrx_word' id='word_1_196' title='bbox 898 1954 1081 2000; x_wconf 80' lang='lat' dir='ltr'>procedere,</span> <span class='ocrx_word' id='word_1_197' title='bbox 1094 1954 1160 1989; x_wconf 86' lang='lat' dir='ltr'>sive</span> 
     </span>
     <span class='ocr_line' id='line_1_39' title="bbox 410 2002 1161 2046; baseline 0.001 -10"><span class='ocrx_word' id='word_1_198' title='bbox 410 2003 473 2046; x_wconf 87' lang='lat' dir='ltr'>alii,</span> <span class='ocrx_word' id='word_1_199' title='bbox 495 2004 542 2037; x_wconf 84' lang='lat' dir='ltr'>vel</span> <span class='ocrx_word' id='word_1_200' title='bbox 569 2002 638 2037; x_wconf 89' lang='lat' dir='ltr'>aliis</span> <span class='ocrx_word' id='word_1_201' title='bbox 661 2004 744 2037; x_wconf 80' lang='lat' dir='ltr'>vices</span> <span class='ocrx_word' id='word_1_202' title='bbox 770 2016 843 2038; x_wconf 89' lang='lat' dir='ltr'>suas</span> <span class='ocrx_word' id='word_1_203' title='bbox 869 2006 1080 2043; x_wconf 76' lang='lat' dir='ltr'>committere,</span> <span class='ocrx_word' id='word_1_204' title='bbox 1108 2013 1161 2038; x_wconf 87' lang='lat' dir='ltr'>aut</span> 
     </span>
     <span class='ocr_line' id='line_1_40' title="bbox 410 2053 1161 2099; baseline 0.004 -15"><span class='ocrx_word' id='word_1_205' title='bbox 410 2053 529 2099; x_wconf 77' lang='lat' dir='ltr'>aliquos</span> <span class='ocrx_word' id='word_1_206' title='bbox 552 2053 628 2087; x_wconf 88' lang='lat' dir='ltr'>ultra</span> <span class='ocrx_word' id='word_1_207' title='bbox 653 2065 745 2087; x_wconf 87' lang='lat' dir='ltr'>unam</span> <span class='ocrx_word' id='word_1_208' title='bbox 777 2053 892 2087; x_wconf 80' lang='lat' dir='ltr'>dietam</span> <span class='ocrx_word' id='word_1_209' title='bbox 912 2066 926 2086; x_wconf 91' lang='lat' dir='ltr'>a</span> <span class='ocrx_word' id='word_1_210' title='bbox 947 2054 1008 2088; x_wconf 83' lang='lat' dir='ltr'>tine</span> <span class='ocrx_word' id='word_1_211' title='bbox 1035 2054 1161 2087; x_wconf 86' lang='lat' dir='ltr'>dioece—</span> 
     </span>
     <span class='ocr_line' id='line_1_41' title="bbox 410 2102 1161 2150; baseline 0.001 -15"><span class='ocrx_word' id='word_1_212' title='bbox 410 2103 489 2136; x_wconf 85' lang='lat' dir='ltr'>sium</span> <span class='ocrx_word' id='word_1_213' title='bbox 508 2102 688 2136; x_wconf 87' lang='lat' dir='ltr'>earumdem</span> <span class='ocrx_word' id='word_1_214' title='bbox 706 2103 828 2137; x_wconf 82' lang='lat' dir='ltr'>trabere</span> <span class='ocrx_word' id='word_1_215' title='bbox 844 2111 1062 2150; x_wconf 78' lang='lat' dir='ltr'>praesumant,</span> <span class='ocrx_word' id='word_1_216' title='bbox 1077 2111 1107 2137; x_wconf 94' lang='lat' dir='ltr'>et</span> <span class='ocrx_word' id='word_1_217' title='bbox 1123 2103 1161 2137; x_wconf 89' lang='lat' dir='ltr'>de</span> 
     </span>
     <span class='ocr_line' id='line_1_42' title="bbox 410 2151 1160 2199; baseline 0.003 -15"><span class='ocrx_word' id='word_1_218' title='bbox 410 2151 532 2186; x_wconf 85' lang='lat' dir='ltr'>duabus</span> <span class='ocrx_word' id='word_1_219' title='bbox 556 2152 648 2185; x_wconf 87' lang='lat' dir='ltr'>dietis</span> <span class='ocrx_word' id='word_1_220' title='bbox 671 2153 700 2186; x_wconf 93' lang='lat' dir='ltr'>in</span> <span class='ocrx_word' id='word_1_221' title='bbox 720 2153 856 2186; x_wconf 85' lang='lat' dir='ltr'>concilio</span> <span class='ocrx_word' id='word_1_222' title='bbox 877 2153 1039 2198; x_wconf 68' lang='lat' dir='ltr'>generali,</span> <span class='ocrx_word' id='word_1_223' title='bbox 1068 2165 1160 2199; x_wconf 87' lang='lat' dir='ltr'>quam</span> 
     </span>
     <span class='ocr_line' id='line_1_43' title="bbox 366 2201 1161 2248; baseline 0.001 -13"><span class='ocrx_word' id='word_1_224' title='bbox 366 2208 368 2210; x_wconf 85' lang='lat'>&#39;</span> <span class='ocrx_word' id='word_1_225' title='bbox 411 2202 478 2236; x_wconf 86' lang='lat' dir='ltr'>aliis</span> <span class='ocrx_word' id='word_1_226' title='bbox 492 2201 749 2248; x_wconf 86' lang='lat' dir='ltr'>quibuscumque.</span> <span class='ocrx_word' id='word_1_227' title='bbox 764 2202 1042 2236; x_wconf 84' lang='lat' dir='ltr'>constitutionibus</span> <span class='ocrx_word' id='word_1_228' title='bbox 1056 2214 1071 2236; x_wconf 89' lang='lat' dir='ltr'>a</span> <span class='ocrx_word' id='word_1_229' title='bbox 1086 2214 1161 2248; x_wconf 81' lang='lat' dir='ltr'>prae-</span> 
     </span>
     <span class='ocr_line' id='line_1_44' title="bbox 411 2251 1161 2291; baseline 0.004 -8"><span class='ocrx_word' id='word_1_230' title='bbox 411 2251 629 2285; x_wconf 80' lang='lat' dir='ltr'>decessoribus</span> <span class='ocrx_word' id='word_1_231' title='bbox 645 2252 757 2285; x_wconf 86' lang='lat' dir='ltr'>nostris</span> <span class='ocrx_word' id='word_1_232' title='bbox 773 2251 926 2285; x_wconf 86' lang='lat' dir='ltr'>Romanis</span> <span class='ocrx_word' id='word_1_233' title='bbox 944 2251 1161 2291; x_wconf 82' lang='lat' dir='ltr'>Pontificibus,</span> 
     </span>
     <span class='ocr_line' id='line_1_45' title="bbox 412 2300 1163 2348; baseline 0.001 -14"><span class='ocrx_word' id='word_1_234' title='bbox 412 2310 473 2334; x_wconf 87' lang='lat' dir='ltr'>tam</span> <span class='ocrx_word' id='word_1_235' title='bbox 493 2301 531 2334; x_wconf 91' lang='lat' dir='ltr'>de</span> <span class='ocrx_word' id='word_1_236' title='bbox 547 2300 704 2335; x_wconf 88' lang='lat' dir='ltr'>iudicibus</span> <span class='ocrx_word' id='word_1_237' title='bbox 725 2301 887 2346; x_wconf 78' lang='lat' dir='ltr'>delegatis,</span> <span class='ocrx_word' id='word_1_238' title='bbox 903 2313 997 2348; x_wconf 85' lang='lat' dir='ltr'>quain</span> <span class='ocrx_word' id='word_1_239' title='bbox 1020 2301 1163 2348; x_wconf 86' lang='lat' dir='ltr'>personis</span> 
     </span>
     <span class='ocr_line' id='line_1_46' title="bbox 414 2349 1160 2385; baseline 0.003 -3"><span class='ocrx_word' id='word_1_240' title='bbox 414 2349 491 2384; x_wconf 88' lang='lat' dir='ltr'>ultra</span> <span class='ocrx_word' id='word_1_241' title='bbox 519 2359 639 2384; x_wconf 86' lang='lat' dir='ltr'>certum</span> <span class='ocrx_word' id='word_1_242' title='bbox 663 2363 828 2385; x_wconf 83' lang='lat' dir='ltr'>numerum</span> <span class='ocrx_word' id='word_1_243' title='bbox 854 2350 890 2384; x_wconf 89' lang='lat' dir='ltr'>ad</span> <span class='ocrx_word' id='word_1_244' title='bbox 921 2351 1074 2385; x_wconf 83' lang='lat' dir='ltr'>iudicium</span> <span class='ocrx_word' id='word_1_245' title='bbox 1099 2363 1160 2384; x_wconf 91' lang='lat' dir='ltr'>non</span> 
     </span>
     <span class='ocr_line' id='line_1_47' title="bbox 414 2399 1163 2447; baseline 0.001 -15"><span class='ocrx_word' id='word_1_246' title='bbox 414 2399 571 2442; x_wconf 83' lang='lat' dir='ltr'>vocandis,</span> <span class='ocrx_word' id='word_1_247' title='bbox 593 2407 644 2433; x_wconf 89' lang='lat' dir='ltr'>aut</span> <span class='ocrx_word' id='word_1_248' title='bbox 667 2399 734 2433; x_wconf 86' lang='lat' dir='ltr'>aliis</span> <span class='ocrx_word' id='word_1_249' title='bbox 756 2400 878 2440; x_wconf 86' lang='lat' dir='ltr'>edictis,</span> <span class='ocrx_word' id='word_1_250' title='bbox 901 2413 983 2447; x_wconf 86' lang='lat' dir='ltr'>quae</span> <span class='ocrx_word' id='word_1_251' title='bbox 1005 2408 1075 2434; x_wconf 87' lang='lat' dir='ltr'>tuae</span> <span class='ocrx_word' id='word_1_252' title='bbox 1090 2413 1163 2447; x_wconf 86' lang='lat' dir='ltr'>pos-</span> 
     </span>
     <span class='ocr_line' id='line_1_48' title="bbox 413 2449 1164 2496; baseline 0.003 -14"><span class='ocrx_word' id='word_1_253' title='bbox 413 2457 480 2482; x_wconf 83' lang='lat' dir='ltr'>sent</span> <span class='ocrx_word' id='word_1_254' title='bbox 509 2449 537 2482; x_wconf 90' lang='lat' dir='ltr'>in</span> <span class='ocrx_word' id='word_1_255' title='bbox 562 2450 618 2483; x_wconf 83' lang='lat' dir='ltr'>bac</span> <span class='ocrx_word' id='word_1_256' title='bbox 642 2458 726 2495; x_wconf 86' lang='lat' dir='ltr'>parte.</span> <span class='ocrx_word' id='word_1_257' title='bbox 762 2450 968 2485; x_wconf 85' lang='lat' dir='ltr'>iurisdictioni</span> <span class='ocrx_word' id='word_1_258' title='bbox 991 2459 1044 2484; x_wconf 87' lang='lat' dir='ltr'>aut</span> <span class='ocrx_word' id='word_1_259' title='bbox 1073 2458 1164 2496; x_wconf 89' lang='lat' dir='ltr'>pote-</span> 
     </span>
     <span class='ocr_line' id='line_1_49' title="bbox 414 2498 1161 2546; baseline 0.004 -16"><span class='ocrx_word' id='word_1_260' title='bbox 414 2498 494 2538; x_wconf 77' lang='lat' dir='ltr'>stati,</span> <span class='ocrx_word' id='word_1_261' title='bbox 506 2499 637 2545; x_wconf 83' lang='lat' dir='ltr'>eiusque</span> <span class='ocrx_word' id='word_1_262' title='bbox 651 2498 749 2534; x_wconf 89' lang='lat' dir='ltr'>libero</span> <span class='ocrx_word' id='word_1_263' title='bbox 765 2500 912 2534; x_wconf 81' lang='lat' dir='ltr'>exercitio</span> <span class='ocrx_word' id='word_1_264' title='bbox 924 2498 1161 2546; x_wconf 80' lang='lat' dir='ltr'>quomodolibet</span> 
     </span>
     <span class='ocr_line' id='line_1_50' title="bbox 414 2546 1162 2595; baseline 0.003 -15"><span class='ocrx_word' id='word_1_265' title='bbox 414 2546 550 2590; x_wconf 86' lang='lat' dir='ltr'>obviare,</span> <span class='ocrx_word' id='word_1_266' title='bbox 577 2560 631 2581; x_wconf 90' lang='lat' dir='ltr'>seu</span> <span class='ocrx_word' id='word_1_267' title='bbox 655 2549 707 2594; x_wconf 90' lang='lat' dir='ltr'>qui</span> <span class='ocrx_word' id='word_1_268' title='bbox 743 2548 901 2595; x_wconf 82' lang='lat' dir='ltr'>praefatis,</span> <span class='ocrx_word' id='word_1_269' title='bbox 924 2549 970 2583; x_wconf 78' lang='lat' dir='ltr'>vel</span> <span class='ocrx_word' id='word_1_270' title='bbox 998 2548 1162 2595; x_wconf 83' lang='lat' dir='ltr'>quibusvis</span> 
     </span>
     <span class='ocr_line' id='line_1_51' title="bbox 415 2595 1162 2644; baseline 0.003 -15"><span class='ocrx_word' id='word_1_271' title='bbox 415 2595 482 2629; x_wconf 81' lang='lat' dir='ltr'>aliis</span> <span class='ocrx_word' id='word_1_272' title='bbox 504 2597 730 2644; x_wconf 85' lang='lat' dir='ltr'>cuiuscumque</span> <span class='ocrx_word' id='word_1_273' title='bbox 746 2597 917 2641; x_wconf 75' lang='lat' dir='ltr'>dignitatis,</span> <span class='ocrx_word' id='word_1_274' title='bbox 939 2606 1049 2637; x_wconf 83' lang='lat' dir='ltr'>status,</span> <span class='ocrx_word' id='word_1_275' title='bbox 1075 2598 1162 2631; x_wconf 89' lang='lat' dir='ltr'>ordi-</span> 
     </span>
     <span class='ocr_line' id='line_1_52' title="bbox 416 2646 1162 2694; baseline 0.005 -16"><span class='ocrx_word' id='word_1_276' title='bbox 416 2646 464 2678; x_wconf 83' lang='lat' dir='ltr'>nis</span> <span class='ocrx_word' id='word_1_277' title='bbox 487 2646 532 2680; x_wconf 84' lang='lat' dir='ltr'>vel</span> <span class='ocrx_word' id='word_1_278' title='bbox 554 2647 743 2681; x_wconf 85' lang='lat' dir='ltr'>conditionis</span> <span class='ocrx_word' id='word_1_279' title='bbox 765 2648 908 2688; x_wconf 74' lang='lat' dir='ltr'>existant,</span> <span class='ocrx_word' id='word_1_280' title='bbox 924 2649 1016 2682; x_wconf 88' lang='lat' dir='ltr'>etiam</span> <span class='ocrx_word' id='word_1_281' title='bbox 1040 2647 1064 2681; x_wconf 90' lang='lat' dir='ltr'>si</span> <span class='ocrx_word' id='word_1_282' title='bbox 1082 2660 1162 2694; x_wconf 93' lang='lat' dir='ltr'>pon-</span> 
     </span>
    </p>
   </div>
   <div class='ocr_carea' id='block_1_5' title="bbox 1010 265 1385 289">
    <p class='ocr_par' dir='ltr' id='par_1_6' title="bbox 1010 265 1385 289">
     <span class='ocr_line' id='line_1_53' title="bbox 1010 265 1385 289; baseline -0.003 -1"><span class='ocrx_word' id='word_1_283' title='bbox 1010 266 1196 289; x_wconf 53' lang='lat' dir='ltr'>anthimum</span> <span class='ocrx_word' id='word_1_284' title='bbox 1224 265 1312 287; x_wconf 72' lang='lat' dir='ltr'><strong>ROMA</strong></span> <span class='ocrx_word' id='word_1_285' title='bbox 1321 265 1385 287; x_wconf 71' lang='grc' dir='ltr'>ΝΟΜ</span> 
     </span>
    </p>
   </div>
   <div class='ocr_carea' id='block_1_6' title="bbox 1203 318 1962 1943">
    <p class='ocr_par' dir='ltr' id='par_1_7' title="bbox 1203 318 1962 1782">
     <span class='ocr_line' id='line_1_54' title="bbox 1205 318 1958 367; baseline 0.003 -13"><span class='ocrx_word' id='word_1_286' title='bbox 1205 319 1308 354; x_wconf 83' lang='lat' dir='ltr'>tilicali</span> <span class='ocrx_word' id='word_1_287' title='bbox 1347 319 1391 352; x_wconf 83' lang='lat' dir='ltr'>vel</span> <span class='ocrx_word' id='word_1_288' title='bbox 1419 318 1476 352; x_wconf 85' lang='lat' dir='ltr'>alia</span> <span class='ocrx_word' id='word_1_289' title='bbox 1505 318 1614 365; x_wconf 82' lang='lat' dir='ltr'>quavis</span> <span class='ocrx_word' id='word_1_290' title='bbox 1637 318 1786 365; x_wconf 82' lang='lat' dir='ltr'>dignitate</span> <span class='ocrx_word' id='word_1_291' title='bbox 1814 321 1958 367; x_wconf 86' lang='lat' dir='ltr'>praeful-</span> 
     </span>
     <span class='ocr_line' id='line_1_55' title="bbox 1204 371 1958 422; baseline 0.003 -14"><span class='ocrx_word' id='word_1_292' title='bbox 1204 382 1307 419; x_wconf 82' lang='lat' dir='ltr'>geant,</span> <span class='ocrx_word' id='word_1_293' title='bbox 1322 385 1337 407; x_wconf 87' lang='lat' dir='ltr'>a</span> <span class='ocrx_word' id='word_1_294' title='bbox 1361 372 1440 407; x_wconf 89' lang='lat' dir='ltr'>dicta</span> <span class='ocrx_word' id='word_1_295' title='bbox 1462 371 1546 406; x_wconf 83' lang='lat' dir='ltr'>Sede</span> <span class='ocrx_word' id='word_1_296' title='bbox 1563 372 1719 406; x_wconf 87' lang='lat' dir='ltr'>indultum</span> <span class='ocrx_word' id='word_1_297' title='bbox 1736 373 1858 417; x_wconf 81' lang='lat' dir='ltr'>existat,</span> <span class='ocrx_word' id='word_1_298' title='bbox 1874 376 1958 422; x_wconf 89' lang='lat' dir='ltr'>quod</span> 
     </span>
     <span class='ocr_line' id='line_1_56' title="bbox 1204 426 1958 464; baseline 0.003 -3"><span class='ocrx_word' id='word_1_299' title='bbox 1204 436 1288 461; x_wconf 87' lang='lat' dir='ltr'>extra</span> <span class='ocrx_word' id='word_1_300' title='bbox 1330 426 1375 460; x_wconf 85' lang='lat' dir='ltr'>vel</span> <span class='ocrx_word' id='word_1_301' title='bbox 1406 426 1483 460; x_wconf 87' lang='lat' dir='ltr'>ultra</span> <span class='ocrx_word' id='word_1_302' title='bbox 1520 434 1603 461; x_wconf 90' lang='lat' dir='ltr'>certa</span> <span class='ocrx_word' id='word_1_303' title='bbox 1635 426 1701 461; x_wconf 90' lang='lat' dir='ltr'>loca</span> <span class='ocrx_word' id='word_1_304' title='bbox 1739 426 1777 461; x_wconf 91' lang='lat' dir='ltr'>ad</span> <span class='ocrx_word' id='word_1_305' title='bbox 1806 427 1958 464; x_wconf 88' lang='lat' dir='ltr'>iudicium</span> 
     </span>
     <span class='ocr_line' id='line_1_57' title="bbox 1204 479 1961 528; baseline 0.003 -13"><span class='ocrx_word' id='word_1_306' title='bbox 1204 481 1338 524; x_wconf 82' lang='lat' dir='ltr'>evocari,</span> <span class='ocrx_word' id='word_1_307' title='bbox 1360 489 1411 515; x_wconf 88' lang='lat' dir='ltr'>aut</span> <span class='ocrx_word' id='word_1_308' title='bbox 1434 479 1518 528; x_wconf 85' lang='lat' dir='ltr'>quod</span> <span class='ocrx_word' id='word_1_309' title='bbox 1544 480 1701 519; x_wconf 81' lang='lat' dir='ltr'>interdici,</span> <span class='ocrx_word' id='word_1_310' title='bbox 1732 481 1884 528; x_wconf 86' lang='lat' dir='ltr'>suspendi</span> <span class='ocrx_word' id='word_1_311' title='bbox 1914 483 1961 517; x_wconf 90' lang='lat' dir='ltr'>vel</span> 
     </span>
     <span class='ocr_line' id='line_1_58' title="bbox 1205 534 1962 580; baseline 0.004 -12"><span class='ocrx_word' id='word_1_312' title='bbox 1205 535 1488 577; x_wconf 83' lang='lat' dir='ltr'>excommunicari,</span> <span class='ocrx_word' id='word_1_313' title='bbox 1503 543 1553 569; x_wconf 82' lang='lat' dir='ltr'>aut</span> <span class='ocrx_word' id='word_1_314' title='bbox 1578 547 1687 570; x_wconf 88' lang='lat' dir='ltr'>eorum</span> <span class='ocrx_word' id='word_1_315' title='bbox 1712 534 1884 580; x_wconf 86' lang='lat' dir='ltr'>Ecclesiae,</span> <span class='ocrx_word' id='word_1_316' title='bbox 1899 548 1962 571; x_wconf 91' lang='lat' dir='ltr'>mo-</span> 
     </span>
     <span class='ocr_line' id='line_1_59' title="bbox 1205 589 1962 630; baseline 0.004 -8"><span class='ocrx_word' id='word_1_317' title='bbox 1205 589 1351 629; x_wconf 87' lang='lat' dir='ltr'>nasteria,</span> <span class='ocrx_word' id='word_1_318' title='bbox 1366 590 1520 629; x_wconf 85' lang='lat' dir='ltr'>civitates,</span> <span class='ocrx_word' id='word_1_319' title='bbox 1537 598 1636 630; x_wconf 86' lang='lat' dir='ltr'>terrae,</span> <span class='ocrx_word' id='word_1_320' title='bbox 1656 598 1757 624; x_wconf 86' lang='lat' dir='ltr'>castra</span> <span class='ocrx_word' id='word_1_321' title='bbox 1777 598 1807 624; x_wconf 92' lang='lat' dir='ltr'>et</span> <span class='ocrx_word' id='word_1_322' title='bbox 1825 590 1892 624; x_wconf 83' lang='lat' dir='ltr'>loca</span> <span class='ocrx_word' id='word_1_323' title='bbox 1914 602 1962 625; x_wconf 86' lang='lat' dir='ltr'>ec-</span> 
     </span>
     <span class='ocr_line' id='line_1_60' title="bbox 1204 642 1961 691; baseline 0.001 -14"><span class='ocrx_word' id='word_1_324' title='bbox 1204 642 1378 678; x_wconf 83' lang='lat' dir='ltr'>clesiastico</span> <span class='ocrx_word' id='word_1_325' title='bbox 1394 644 1559 679; x_wconf 88' lang='lat' dir='ltr'>interdicto</span> <span class='ocrx_word' id='word_1_326' title='bbox 1582 644 1719 691; x_wconf 89' lang='lat' dir='ltr'>supponi</span> <span class='ocrx_word' id='word_1_327' title='bbox 1749 656 1810 679; x_wconf 94' lang='lat' dir='ltr'>non</span> <span class='ocrx_word' id='word_1_328' title='bbox 1839 645 1961 691; x_wconf 85' lang='lat' dir='ltr'>possint</span> 
     </span>
     <span class='ocr_line' id='line_1_61' title="bbox 1207 697 1960 746; baseline 0.003 -15"><span class='ocrx_word' id='word_1_329' title='bbox 1207 698 1378 744; x_wconf 88' lang='lat' dir='ltr'>perliteras</span> <span class='ocrx_word' id='word_1_330' title='bbox 1403 699 1592 745; x_wconf 87' lang='lat' dir='ltr'>apostolicas</span> <span class='ocrx_word' id='word_1_331' title='bbox 1624 710 1685 733; x_wconf 91' lang='lat' dir='ltr'>non</span> <span class='ocrx_word' id='word_1_332' title='bbox 1714 697 1862 733; x_wconf 83' lang='lat' dir='ltr'>facientes</span> <span class='ocrx_word' id='word_1_333' title='bbox 1895 698 1960 746; x_wconf 88' lang='lat' dir='ltr'>ple—</span> 
     </span>
     <span class='ocr_line' id='line_1_62' title="bbox 1207 752 1960 799; baseline 0.003 -13"><span class='ocrx_word' id='word_1_334' title='bbox 1207 765 1276 786; x_wconf 85' lang='lat' dir='ltr'>nam</span> <span class='ocrx_word' id='word_1_335' title='bbox 1292 761 1321 786; x_wconf 89' lang='lat' dir='ltr'>et</span> <span class='ocrx_word' id='word_1_336' title='bbox 1349 765 1529 799; x_wconf 83' lang='lat' dir='ltr'>expressam</span> <span class='ocrx_word' id='word_1_337' title='bbox 1544 766 1580 787; x_wconf 86' lang='lat' dir='ltr'>ac</span> <span class='ocrx_word' id='word_1_338' title='bbox 1595 753 1634 788; x_wconf 90' lang='lat' dir='ltr'>de</span> <span class='ocrx_word' id='word_1_339' title='bbox 1649 752 1746 787; x_wconf 83' lang='lat' dir='ltr'>verbo</span> <span class='ocrx_word' id='word_1_340' title='bbox 1764 753 1802 787; x_wconf 87' lang='lat' dir='ltr'>ad</span> <span class='ocrx_word' id='word_1_341' title='bbox 1819 753 1960 797; x_wconf 88' lang='lat' dir='ltr'>verbnm,</span> 
     </span>
     <span class='ocr_line' id='line_1_63' title="bbox 1205 807 1962 854; baseline 0.003 -14"><span class='ocrx_word' id='word_1_342' title='bbox 1205 807 1244 841; x_wconf 88' lang='lat' dir='ltr'>de</span> <span class='ocrx_word' id='word_1_343' title='bbox 1268 807 1388 841; x_wconf 87' lang='lat' dir='ltr'>indulto</span> <span class='ocrx_word' id='word_1_344' title='bbox 1411 807 1590 842; x_wconf 83' lang='lat' dir='ltr'>huiusmodi</span> <span class='ocrx_word' id='word_1_345' title='bbox 1627 817 1657 842; x_wconf 91' lang='lat' dir='ltr'>et</span> <span class='ocrx_word' id='word_1_346' title='bbox 1679 820 1784 842; x_wconf 87' lang='lat' dir='ltr'>earum</span> <span class='ocrx_word' id='word_1_347' title='bbox 1818 809 1962 854; x_wconf 85' lang='lat' dir='ltr'>personis</span> 
     </span>
     <span class='ocr_line' id='line_1_64' title="bbox 1205 862 1962 910; baseline 0.003 -15"><span class='ocrx_word' id='word_1_348' title='bbox 1205 870 1233 895; x_wconf 81' lang='lat' dir='ltr'>et</span> <span class='ocrx_word' id='word_1_349' title='bbox 1257 862 1345 904; x_wconf 82' lang='lat' dir='ltr'>locis,</span> <span class='ocrx_word' id='word_1_350' title='bbox 1368 862 1532 896; x_wconf 81' lang='lat' dir='ltr'>ordinibus</span> <span class='ocrx_word' id='word_1_351' title='bbox 1564 872 1593 897; x_wconf 91' lang='lat' dir='ltr'>et</span> <span class='ocrx_word' id='word_1_352' title='bbox 1617 862 1802 897; x_wconf 86' lang='lat' dir='ltr'>nominibus</span> <span class='ocrx_word' id='word_1_353' title='bbox 1825 863 1962 910; x_wconf 86' lang='lat' dir='ltr'>propriis</span> 
     </span>
     <span class='ocr_line' id='line_1_65' title="bbox 1208 917 1962 964; baseline 0.003 -15"><span class='ocrx_word' id='word_1_354' title='bbox 1208 917 1412 955; x_wconf 80' lang='lat' dir='ltr'>mentionem,</span> <span class='ocrx_word' id='word_1_355' title='bbox 1441 927 1470 952; x_wconf 88' lang='lat' dir='ltr'>et</span> <span class='ocrx_word' id='word_1_356' title='bbox 1493 917 1633 964; x_wconf 72' lang='lat' dir='ltr'>qualibet</span> <span class='ocrx_word' id='word_1_357' title='bbox 1661 917 1718 952; x_wconf 88' lang='lat' dir='ltr'>alia</span> <span class='ocrx_word' id='word_1_358' title='bbox 1744 917 1847 952; x_wconf 84' lang='lat' dir='ltr'>dictae</span> <span class='ocrx_word' id='word_1_359' title='bbox 1869 917 1962 953; x_wconf 85' lang='lat' dir='ltr'>Sedis</span> 
     </span>
     <span class='ocr_line' id='line_1_66' title="bbox 1206 971 1962 1019; baseline 0.005 -16"><span class='ocrx_word' id='word_1_360' title='bbox 1206 971 1401 1016; x_wconf 72' lang='lat' dir='ltr'>indulgentia</span> <span class='ocrx_word' id='word_1_361' title='bbox 1418 972 1555 1016; x_wconf 72' lang='lat' dir='ltr'>generali</span> <span class='ocrx_word' id='word_1_362' title='bbox 1572 971 1616 1005; x_wconf 71' lang='lat' dir='ltr'>rel</span> <span class='ocrx_word' id='word_1_363' title='bbox 1633 973 1761 1019; x_wconf 77' lang='lat' dir='ltr'>speciali</span> <span class='ocrx_word' id='word_1_364' title='bbox 1783 973 1962 1007; x_wconf 79' lang='lat' dir='ltr'>cuiuscum-</span> 
     </span>
     <span class='ocr_line' id='line_1_67' title="bbox 1205 1027 1961 1073; baseline 0.005 -16"><span class='ocrx_word' id='word_1_365' title='bbox 1205 1038 1266 1072; x_wconf 80' lang='lat' dir='ltr'>que</span> <span class='ocrx_word' id='word_1_366' title='bbox 1284 1027 1400 1060; x_wconf 73' lang='lat' dir='ltr'>tenoris</span> <span class='ocrx_word' id='word_1_367' title='bbox 1419 1027 1543 1067; x_wconf 64' lang='lat' dir='ltr'>existat,</span> <span class='ocrx_word' id='word_1_368' title='bbox 1561 1038 1720 1073; x_wconf 84' lang='lat' dir='ltr'>perquam</span> <span class='ocrx_word' id='word_1_369' title='bbox 1743 1027 1961 1072; x_wconf 81' lang='lat' dir='ltr'>praesentibus</span> 
     </span>
     <span class='ocr_line' id='line_1_68' title="bbox 1207 1080 1960 1127; baseline 0.004 -14"><span class='ocrx_word' id='word_1_370' title='bbox 1207 1094 1266 1113; x_wconf 83' lang='lat' dir='ltr'>nun</span> <span class='ocrx_word' id='word_1_371' title='bbox 1291 1092 1484 1127; x_wconf 73' lang='lat' dir='ltr'>expressam,</span> <span class='ocrx_word' id='word_1_372' title='bbox 1502 1081 1546 1114; x_wconf 72' lang='lat' dir='ltr'>vel</span> <span class='ocrx_word' id='word_1_373' title='bbox 1572 1080 1706 1114; x_wconf 87' lang='lat' dir='ltr'>totaliter</span> <span class='ocrx_word' id='word_1_374' title='bbox 1730 1094 1792 1115; x_wconf 91' lang='lat' dir='ltr'>non</span> <span class='ocrx_word' id='word_1_375' title='bbox 1812 1081 1960 1116; x_wconf 86' lang='lat' dir='ltr'>insertam</span> 
     </span>
     <span class='ocr_line' id='line_1_69' title="bbox 1206 1135 1962 1181; baseline 0.003 -14"><span class='ocrx_word' id='word_1_376' title='bbox 1206 1143 1276 1168; x_wconf 82' lang='lat' dir='ltr'>tuae</span> <span class='ocrx_word' id='word_1_377' title='bbox 1301 1135 1527 1169; x_wconf 84' lang='lat' dir='ltr'>iurisdictionis</span> <span class='ocrx_word' id='word_1_378' title='bbox 1547 1136 1576 1168; x_wconf 90' lang='lat' dir='ltr'>in</span> <span class='ocrx_word' id='word_1_379' title='bbox 1594 1135 1649 1169; x_wconf 85' lang='lat' dir='ltr'>liae</span> <span class='ocrx_word' id='word_1_380' title='bbox 1670 1143 1755 1181; x_wconf 86' lang='lat' dir='ltr'>parte</span> <span class='ocrx_word' id='word_1_381' title='bbox 1773 1135 1870 1169; x_wconf 70' lang='lat' dir='ltr'>valeat</span> <span class='ocrx_word' id='word_1_382' title='bbox 1887 1148 1962 1181; x_wconf 84' lang='lat' dir='ltr'>quo-</span> 
     </span>
     <span class='ocr_line' id='line_1_70' title="bbox 1206 1188 1959 1236; baseline 0.001 -15"><span class='ocrx_word' id='word_1_383' title='bbox 1206 1190 1376 1223; x_wconf 75' lang='lat' dir='ltr'>modolibet</span> <span class='ocrx_word' id='word_1_384' title='bbox 1409 1190 1553 1223; x_wconf 70' lang='lat' dir='ltr'>ellectum</span> <span class='ocrx_word' id='word_1_385' title='bbox 1588 1188 1752 1234; x_wconf 81' lang='lat' dir='ltr'>impedire,</span> <span class='ocrx_word' id='word_1_386' title='bbox 1779 1198 1809 1222; x_wconf 85' lang='lat' dir='ltr'>et</span> <span class='ocrx_word' id='word_1_387' title='bbox 1837 1189 1876 1223; x_wconf 82' lang='lat' dir='ltr'>de</span> <span class='ocrx_word' id='word_1_388' title='bbox 1898 1201 1959 1236; x_wconf 83' lang='lat' dir='ltr'>qua</span> 
     </span>
     <span class='ocr_line' id='line_1_71' title="bbox 1204 1243 1961 1290; baseline 0.003 -14"><span class='ocrx_word' id='word_1_389' title='bbox 1204 1244 1337 1290; x_wconf 69' lang='lat' dir='ltr'>eiusque</span> <span class='ocrx_word' id='word_1_390' title='bbox 1362 1252 1425 1277; x_wconf 85' lang='lat' dir='ltr'>toto</span> <span class='ocrx_word' id='word_1_391' title='bbox 1449 1253 1557 1277; x_wconf 80' lang='lat' dir='ltr'>tenore</span> <span class='ocrx_word' id='word_1_392' title='bbox 1581 1243 1722 1277; x_wconf 77' lang='lat' dir='ltr'>liabenda</span> <span class='ocrx_word' id='word_1_393' title='bbox 1747 1243 1785 1276; x_wconf 87' lang='lat' dir='ltr'>sit</span> <span class='ocrx_word' id='word_1_394' title='bbox 1809 1243 1848 1277; x_wconf 86' lang='lat' dir='ltr'>de</span> <span class='ocrx_word' id='word_1_395' title='bbox 1868 1244 1961 1278; x_wconf 78' lang='lat' dir='ltr'>verbo</span> 
     </span>
     <span class='ocr_line' id='line_1_72' title="bbox 1203 1298 1961 1344; baseline 0.001 -13"><span class='ocrx_word' id='word_1_396' title='bbox 1203 1298 1240 1331; x_wconf 88' lang='lat' dir='ltr'>ad</span> <span class='ocrx_word' id='word_1_397' title='bbox 1265 1298 1394 1332; x_wconf 78' lang='lat' dir='ltr'>verbum</span> <span class='ocrx_word' id='word_1_398' title='bbox 1420 1299 1448 1332; x_wconf 91' lang='lat' dir='ltr'>in</span> <span class='ocrx_word' id='word_1_399' title='bbox 1475 1299 1589 1332; x_wconf 85' lang='lat' dir='ltr'>nostris</span> <span class='ocrx_word' id='word_1_400' title='bbox 1618 1298 1715 1332; x_wconf 80' lang='lat' dir='ltr'>literis</span> <span class='ocrx_word' id='word_1_401' title='bbox 1745 1299 1864 1331; x_wconf 86' lang='lat' dir='ltr'>mentio</span> <span class='ocrx_word' id='word_1_402' title='bbox 1886 1310 1961 1344; x_wconf 78' lang='lat' dir='ltr'>spe-</span> 
     </span>
     <span class='ocr_line' id='line_1_73' title="bbox 1203 1351 1959 1397; baseline 0.001 -12"><span class='ocrx_word' id='word_1_403' title='bbox 1203 1351 1302 1395; x_wconf 81' lang='lat' dir='ltr'>cialis,</span> <span class='ocrx_word' id='word_1_404' title='bbox 1326 1351 1449 1397; x_wconf 86' lang='lat' dir='ltr'>plenam</span> <span class='ocrx_word' id='word_1_405' title='bbox 1464 1360 1491 1386; x_wconf 86' lang='lat' dir='ltr'>et</span> <span class='ocrx_word' id='word_1_406' title='bbox 1509 1352 1638 1386; x_wconf 85' lang='lat' dir='ltr'>liberam</span> <span class='ocrx_word' id='word_1_407' title='bbox 1654 1351 1755 1386; x_wconf 87' lang='lat' dir='ltr'>eidem</span> <span class='ocrx_word' id='word_1_408' title='bbox 1773 1352 1959 1387; x_wconf 84' lang='lat' dir='ltr'>fraternitati</span> 
     </span>
     <span class='ocr_line' id='line_1_74' title="bbox 1204 1405 1960 1452; baseline 0.003 -13"><span class='ocrx_word' id='word_1_409' title='bbox 1204 1413 1275 1440; x_wconf 90' lang='lat' dir='ltr'>tuae</span> <span class='ocrx_word' id='word_1_410' title='bbox 1302 1405 1517 1449; x_wconf 83' lang='lat' dir='ltr'>concedimus,</span> <span class='ocrx_word' id='word_1_411' title='bbox 1539 1414 1647 1439; x_wconf 85' lang='lat' dir='ltr'>tenore</span> <span class='ocrx_word' id='word_1_412' title='bbox 1667 1405 1890 1452; x_wconf 89' lang='lat' dir='ltr'>praesentium,</span> <span class='ocrx_word' id='word_1_413' title='bbox 1914 1405 1960 1441; x_wconf 88' lang='lat' dir='ltr'>fa-</span> 
     </span>
     <span class='ocr_line' id='line_1_75' title="bbox 1203 1459 1957 1508; baseline 0.004 -15"><span class='ocrx_word' id='word_1_414' title='bbox 1203 1460 1363 1495; x_wconf 86' lang='lat' dir='ltr'>cultatem.</span> <span class='ocrx_word' id='word_1_415' title='bbox 1393 1460 1542 1495; x_wconf 89' lang='lat' dir='ltr'>Volentes</span> <span class='ocrx_word' id='word_1_416' title='bbox 1569 1468 1599 1494; x_wconf 86' lang='lat' dir='ltr'>et</span> <span class='ocrx_word' id='word_1_417' title='bbox 1625 1459 1845 1504; x_wconf 74' lang='lat' dir='ltr'>decernentes,</span> <span class='ocrx_word' id='word_1_418' title='bbox 1871 1460 1957 1508; x_wconf 88' lang='lat' dir='ltr'>quod</span> 
     </span>
     <span class='ocr_line' id='line_1_76' title="bbox 1203 1515 1957 1562; baseline 0.003 -14"><span class='ocrx_word' id='word_1_419' title='bbox 1203 1515 1379 1557; x_wconf 81' lang='lat' dir='ltr'>citationes,</span> <span class='ocrx_word' id='word_1_420' title='bbox 1394 1528 1472 1562; x_wconf 88' lang='lat' dir='ltr'>quas</span> <span class='ocrx_word' id='word_1_421' title='bbox 1494 1516 1525 1549; x_wconf 90' lang='lat' dir='ltr'>in</span> <span class='ocrx_word' id='word_1_422' title='bbox 1542 1515 1724 1562; x_wconf 80' lang='lat' dir='ltr'>praemissis</span> <span class='ocrx_word' id='word_1_423' title='bbox 1739 1527 1793 1561; x_wconf 89' lang='lat' dir='ltr'>per</span> <span class='ocrx_word' id='word_1_424' title='bbox 1805 1515 1957 1557; x_wconf 88' lang='lat' dir='ltr'>edictum,</span> 
     </span>
     <span class='ocr_line' id='line_1_77' title="bbox 1204 1568 1957 1617; baseline 0.001 -13"><span class='ocrx_word' id='word_1_425' title='bbox 1204 1578 1237 1604; x_wconf 90' lang='lat' dir='ltr'>ut</span> <span class='ocrx_word' id='word_1_426' title='bbox 1261 1571 1481 1617; x_wconf 86' lang='lat' dir='ltr'>praemittitur,</span> <span class='ocrx_word' id='word_1_427' title='bbox 1508 1570 1633 1613; x_wconf 75' lang='lat' dir='ltr'>fereris,</span> <span class='ocrx_word' id='word_1_428' title='bbox 1661 1568 1792 1617; x_wconf 88' lang='lat' dir='ltr'>perinde</span> <span class='ocrx_word' id='word_1_429' title='bbox 1825 1570 1957 1611; x_wconf 85' lang='lat' dir='ltr'>valeant,</span> 
     </span>
     <span class='ocr_line' id='line_1_78' title="bbox 1203 1624 1958 1671; baseline 0.001 -12"><span class='ocrx_word' id='word_1_430' title='bbox 1203 1637 1238 1659; x_wconf 86' lang='lat' dir='ltr'>ac</span> <span class='ocrx_word' id='word_1_431' title='bbox 1261 1626 1372 1660; x_wconf 86' lang='lat' dir='ltr'>citatos</span> <span class='ocrx_word' id='word_1_432' title='bbox 1399 1634 1532 1669; x_wconf 80' lang='lat' dir='ltr'>arctent,</span> <span class='ocrx_word' id='word_1_433' title='bbox 1554 1637 1589 1659; x_wconf 90' lang='lat' dir='ltr'>ac</span> <span class='ocrx_word' id='word_1_434' title='bbox 1617 1624 1642 1658; x_wconf 89' lang='lat' dir='ltr'>si</span> <span class='ocrx_word' id='word_1_435' title='bbox 1679 1624 1724 1658; x_wconf 89' lang='lat' dir='ltr'>eis</span> <span class='ocrx_word' id='word_1_436' title='bbox 1752 1624 1958 1671; x_wconf 82' lang='lat' dir='ltr'>personaliter</span> 
     </span>
     <span class='ocr_line' id='line_1_79' title="bbox 1205 1678 1958 1719; baseline -0.001 -6"><span class='ocrx_word' id='word_1_437' title='bbox 1205 1680 1380 1715; x_wconf 87' lang='lat' dir='ltr'>insinuatae</span> <span class='ocrx_word' id='word_1_438' title='bbox 1396 1690 1425 1716; x_wconf 89' lang='lat' dir='ltr'>et</span> <span class='ocrx_word' id='word_1_439' title='bbox 1451 1681 1609 1714; x_wconf 82' lang='lat' dir='ltr'>intimatae</span> <span class='ocrx_word' id='word_1_440' title='bbox 1633 1678 1776 1719; x_wconf 86' lang='lat' dir='ltr'>fuissent,</span> <span class='ocrx_word' id='word_1_441' title='bbox 1801 1679 1958 1713; x_wconf 86' lang='lat' dir='ltr'>constitu-</span> 
     </span>
     <span class='ocr_line' id='line_1_80' title="bbox 1205 1733 1956 1782; baseline -0.001 -14"><span class='ocrx_word' id='word_1_442' title='bbox 1205 1735 1288 1769; x_wconf 86' lang='lat' dir='ltr'>tione</span> <span class='ocrx_word' id='word_1_443' title='bbox 1312 1747 1511 1782; x_wconf 88' lang='lat' dir='ltr'>quacumque</span> <span class='ocrx_word' id='word_1_444' title='bbox 1533 1733 1687 1768; x_wconf 84' lang='lat' dir='ltr'>contraria</span> <span class='ocrx_word' id='word_1_445' title='bbox 1711 1745 1772 1767; x_wconf 92' lang='lat' dir='ltr'>non</span> <span class='ocrx_word' id='word_1_446' title='bbox 1801 1733 1956 1768; x_wconf 86' lang='lat' dir='ltr'>obstante.</span> 
     </span>
    </p>

    <p class='ocr_par' dir='ltr' id='par_1_8' title="bbox 1205 1787 1956 1891">
     <span class='ocr_line' id='line_1_81' title="bbox 1254 1787 1956 1835; baseline -0.003 -12"><span class='ocrx_word' id='word_1_447' title='bbox 1254 1788 1368 1824; x_wconf 89' lang='lat' dir='ltr'>Datum</span> <span class='ocrx_word' id='word_1_448' title='bbox 1389 1790 1552 1824; x_wconf 83' lang='lat' dir='ltr'>Avenione</span> <span class='ocrx_word' id='word_1_449' title='bbox 1579 1797 1690 1835; x_wconf 91' lang='lat' dir='ltr'>quarto</span> <span class='ocrx_word' id='word_1_450' title='bbox 1714 1788 1784 1822; x_wconf 90' lang='lat' dir='ltr'>idus</span> <span class='ocrx_word' id='word_1_451' title='bbox 1807 1787 1956 1827; x_wconf 86' lang='lat' dir='ltr'>octobris,</span> 
     </span>
     <span class='ocr_line' id='line_1_82' title="bbox 1205 1844 1598 1891; baseline -0.003 -14"><span class='ocrx_word' id='word_1_452' title='bbox 1205 1844 1316 1891; x_wconf 84' lang='lat' dir='ltr'>pontif.</span> <span class='ocrx_word' id='word_1_453' title='bbox 1345 1845 1441 1878; x_wconf 87' lang='lat' dir='ltr'>nostri</span> <span class='ocrx_word' id='word_1_454' title='bbox 1470 1856 1553 1877; x_wconf 89' lang='lat' dir='ltr'>anno</span> <span class='ocrx_word' id='word_1_455' title='bbox 1576 1856 1598 1877; x_wconf 85' lang='grc' dir='ltr'>ι.</span> 
     </span>
    </p>

    <p class='ocr_par' dir='ltr' id='par_1_9' title="bbox 1249 1904 1907 1943">
     <span class='ocr_line' id='line_1_83' title="bbox 1249 1904 1907 1943; baseline -0.005 -8"><span class='ocrx_word' id='word_1_456' title='bbox 1249 1906 1308 1935; x_wconf 85' lang='lat' dir='ltr'>Dat.</span> <span class='ocrx_word' id='word_1_457' title='bbox 1325 1906 1372 1935; x_wconf 86' lang='lat' dir='ltr'>die</span> <span class='ocrx_word' id='word_1_458' title='bbox 1389 1905 1425 1934; x_wconf 65' lang='lat'>12</span> <span class='ocrx_word' id='word_1_459' title='bbox 1441 1905 1569 1934; x_wconf 85' lang='lat' dir='ltr'>octobris</span> <span class='ocrx_word' id='word_1_460' title='bbox 1587 1904 1673 1941; x_wconf 78' lang='lat'>1363,</span> <span class='ocrx_word' id='word_1_461' title='bbox 1693 1909 1770 1943; x_wconf 89' lang='lat' dir='ltr'>pont.</span> <span class='ocrx_word' id='word_1_462' title='bbox 1790 1913 1866 1933; x_wconf 89' lang='lat' dir='ltr'>anno</span> <span class='ocrx_word' id='word_1_463' title='bbox 1890 1912 1907 1932; x_wconf 84' lang='lat' dir='ltr'>i.</span> 
     </span>
    </p>
   </div>
   <div class='ocr_carea' id='block_1_7' title="bbox 1550 2065 1603 2099">
    <p class='ocr_par' dir='ltr' id='par_1_10' title="bbox 1550 2065 1603 2099">
     <span class='ocr_line' id='line_1_84' title="bbox 1550 2065 1603 2099; baseline 0 0"><span class='ocrx_word' id='word_1_464' title='bbox 1550 2065 1603 2099; x_wconf 83' lang='lat' dir='ltr'>tv.</span> 
     </span>
    </p>
   </div>
   <div class='ocr_carea' id='block_1_8' title="bbox 1206 2147 1960 2357">
    <p class='ocr_par' dir='ltr' id='par_1_11' title="bbox 1206 2147 1960 2357">
     <span class='ocr_line' id='line_1_85' title="bbox 1206 2147 1959 2192; baseline 0 -11"><span class='ocrx_word' id='word_1_465' title='bbox 1206 2149 1336 2182; x_wconf 78' lang='lat' dir='ltr'>ludaeos</span> <span class='ocrx_word' id='word_1_466' title='bbox 1363 2149 1566 2185; x_wconf 79' lang='lat' dir='ltr'>molestantes,</span> <span class='ocrx_word' id='word_1_467' title='bbox 1595 2160 1646 2181; x_wconf 78' lang='lat' dir='ltr'>seu</span> <span class='ocrx_word' id='word_1_468' title='bbox 1667 2148 1747 2181; x_wconf 74' lang='lat' dir='ltr'>alias</span> <span class='ocrx_word' id='word_1_469' title='bbox 1774 2148 1848 2192; x_wconf 72' lang='lat' dir='ltr'>ipsis</span> <span class='ocrx_word' id='word_1_470' title='bbox 1881 2147 1959 2181; x_wconf 76' lang='lat' dir='ltr'>iniu-</span> 
     </span>
     <span class='ocr_line' id='line_1_86' title="bbox 1254 2202 1960 2248; baseline -0.003 -12"><span class='ocrx_word' id='word_1_471' title='bbox 1254 2205 1318 2236; x_wconf 80' lang='lat' dir='ltr'>rias</span> <span class='ocrx_word' id='word_1_472' title='bbox 1345 2204 1567 2248; x_wconf 78' lang='lat' dir='ltr'>quomodolibet</span> <span class='ocrx_word' id='word_1_473' title='bbox 1596 2203 1765 2247; x_wconf 76' lang='lat' dir='ltr'>inserentes,</span> <span class='ocrx_word' id='word_1_474' title='bbox 1790 2202 1902 2235; x_wconf 80' lang='lat' dir='ltr'>autad</span> <span class='ocrx_word' id='word_1_475' title='bbox 1915 2213 1960 2234; x_wconf 85' lang='lat' dir='ltr'>re-</span> 
     </span>
     <span class='ocr_line' id='line_1_87' title="bbox 1255 2257 1958 2303; baseline -0.001 -13"><span class='ocrx_word' id='word_1_476' title='bbox 1255 2259 1428 2302; x_wconf 77' lang='lat' dir='ltr'>cipiendum</span> <span class='ocrx_word' id='word_1_477' title='bbox 1451 2258 1647 2303; x_wconf 79' lang='lat' dir='ltr'>Baptismum</span> <span class='ocrx_word' id='word_1_478' title='bbox 1672 2257 1881 2301; x_wconf 80' lang='lat' dir='ltr'>compellentes</span> <span class='ocrx_word' id='word_1_479' title='bbox 1902 2267 1958 2289; x_wconf 72' lang='lat' dir='ltr'>ex-</span> 
     </span>
     <span class='ocr_line' id='line_1_88' title="bbox 1255 2311 1931 2357; baseline -0.001 -13"><span class='ocrx_word' id='word_1_480' title='bbox 1255 2313 1541 2346; x_wconf 75' lang='lat' dir='ltr'>communicationis</span> <span class='ocrx_word' id='word_1_481' title='bbox 1559 2323 1659 2357; x_wconf 75' lang='lat' dir='ltr'>poena</span> <span class='ocrx_word' id='word_1_482' title='bbox 1682 2312 1855 2356; x_wconf 77' lang='lat' dir='ltr'>plectuntur</span> <span class='ocrx_word' id='word_1_483' title='bbox 1876 2311 1931 2353; x_wconf 84' lang='lat'>(1).</span> 
     </span>
    </p>
   </div>
   <div class='ocr_carea' id='block_1_9' title="bbox 1471 2390 1685 2422">
    <p class='ocr_par' dir='ltr' id='par_1_12' title="bbox 1471 2390 1685 2422">
     <span class='ocr_line' id='line_1_89' title="bbox 1471 2390 1685 2422; baseline -0.009 0"><span class='ocrx_word' id='word_1_484' title='bbox 1471 2390 1685 2422; x_wconf 78' lang='lat' dir='ltr'>SUMMARIUM</span> 
     </span>
    </p>
   </div>
   <div class='ocr_carea' id='block_1_10' title="bbox 1205 2461 1957 2636">
    <p class='ocr_par' dir='ltr' id='par_1_13' title="bbox 1205 2461 1957 2636">
     <span class='ocr_line' id='line_1_90' title="bbox 1205 2461 1957 2501; baseline -0.001 -9"><span class='ocrx_word' id='word_1_485' title='bbox 1205 2463 1372 2494; x_wconf 77' lang='lat' dir='ltr'>Exordium.</span> <span class='ocrx_word' id='word_1_486' title='bbox 1399 2480 1437 2485; x_wconf 94' lang='lat'><strong>—</strong></span> <span class='ocrx_word' id='word_1_487' title='bbox 1469 2464 1494 2493; x_wconf 83' lang='lat'>1.</span> <span class='ocrx_word' id='word_1_488' title='bbox 1517 2462 1632 2492; x_wconf 88' lang='lat' dir='ltr'>Nemini</span> <span class='ocrx_word' id='word_1_489' title='bbox 1663 2461 1770 2492; x_wconf 87' lang='lat' dir='ltr'>ludaeo</span> <span class='ocrx_word' id='word_1_490' title='bbox 1792 2461 1957 2501; x_wconf 84' lang='lat' dir='ltr'>baptismus</span> 
     </span>
     <span class='ocr_line' id='line_1_91' title="bbox 1247 2505 1957 2547; baseline -0.004 -10"><span class='ocrx_word' id='word_1_491' title='bbox 1247 2518 1297 2547; x_wconf 87' lang='lat' dir='ltr'>per</span> <span class='ocrx_word' id='word_1_492' title='bbox 1315 2510 1370 2538; x_wconf 88' lang='lat' dir='ltr'>vim</span> <span class='ocrx_word' id='word_1_493' title='bbox 1396 2509 1547 2537; x_wconf 82' lang='lat' dir='ltr'>inferatur.</span> <span class='ocrx_word' id='word_1_494' title='bbox 1563 2508 1642 2537; x_wconf 77' lang='lat'><strong><em>—⁶.&gt;.</em></strong></span> <span class='ocrx_word' id='word_1_495' title='bbox 1666 2506 1723 2536; x_wconf 88' lang='lat' dir='ltr'>Nec</span> <span class='ocrx_word' id='word_1_496' title='bbox 1746 2507 1788 2536; x_wconf 85' lang='lat' dir='ltr'>vis</span> <span class='ocrx_word' id='word_1_497' title='bbox 1821 2505 1879 2535; x_wconf 90' lang='lat' dir='ltr'>ulla</span> <span class='ocrx_word' id='word_1_498' title='bbox 1908 2505 1957 2536; x_wconf 83' lang='lat' dir='ltr'>fiat</span> 
     </span>
     <span class='ocr_line' id='line_1_92' title="bbox 1246 2551 1956 2582; baseline -0.003 -1"><span class='ocrx_word' id='word_1_499' title='bbox 1246 2558 1295 2582; x_wconf 81' lang='lat' dir='ltr'>ant</span> <span class='ocrx_word' id='word_1_500' title='bbox 1313 2554 1462 2582; x_wconf 81' lang='lat' dir='ltr'>damnum.</span> <span class='ocrx_word' id='word_1_501' title='bbox 1478 2570 1514 2574; x_wconf 91' lang='lat'><strong>—</strong></span> <span class='ocrx_word' id='word_1_502' title='bbox 1531 2553 1557 2582; x_wconf 86' lang='lat'>3.</span> <span class='ocrx_word' id='word_1_503' title='bbox 1577 2552 1684 2581; x_wconf 86' lang='lat' dir='ltr'>Eorum</span> <span class='ocrx_word' id='word_1_504' title='bbox 1708 2551 1881 2581; x_wconf 75' lang='lat' dir='ltr'>coemeteria</span> <span class='ocrx_word' id='word_1_505' title='bbox 1899 2559 1956 2580; x_wconf 90' lang='lat' dir='ltr'>non</span> 
     </span>
     <span class='ocr_line' id='line_1_93' title="bbox 1247 2595 1955 2636; baseline -0.003 -11"><span class='ocrx_word' id='word_1_506' title='bbox 1247 2598 1454 2636; x_wconf 85' lang='lat' dir='ltr'>inquietentur.</span> <span class='ocrx_word' id='word_1_507' title='bbox 1475 2615 1513 2619; x_wconf 97' lang='lat'><strong>—</strong></span> <span class='ocrx_word' id='word_1_508' title='bbox 1534 2599 1561 2627; x_wconf 77' lang='lat'>4.</span> <span class='ocrx_word' id='word_1_509' title='bbox 1580 2597 1693 2626; x_wconf 81' lang='lat' dir='ltr'>Poenae</span> <span class='ocrx_word' id='word_1_510' title='bbox 1712 2595 1955 2626; x_wconf 86' lang='lat' dir='ltr'>inobedientium.</span> 
     </span>
    </p>
   </div>
   <div class='ocr_carea' id='block_1_11' title="bbox 1240 2658 1735 2694">
    <p class='ocr_par' dir='ltr' id='par_1_14' title="bbox 1240 2658 1735 2694">
     <span class='ocr_line' id='line_1_94' title="bbox 1240 2658 1735 2694; baseline 0 -10"><span class='ocrx_word' id='word_1_511' title='bbox 1240 2659 1279 2694; x_wconf 74' lang='lat' dir='ltr'>(t)</span> <span class='ocrx_word' id='word_1_512' title='bbox 1296 2659 1333 2685; x_wconf 81' lang='lat' dir='ltr'>Ex</span> <span class='ocrx_word' id='word_1_513' title='bbox 1352 2660 1456 2694; x_wconf 80' lang='lat' dir='ltr'>Regest.</span> <span class='ocrx_word' id='word_1_514' title='bbox 1475 2660 1499 2685; x_wconf 87' lang='lat' dir='ltr'>in</span> <span class='ocrx_word' id='word_1_515' title='bbox 1523 2659 1630 2685; x_wconf 66' lang='lat' dir='ltr'>Archiv.</span> <span class='ocrx_word' id='word_1_516' title='bbox 1650 2658 1735 2685; x_wconf 81' lang='lat' dir='ltr'>Vatic.</span> 
     </span>
    </p>
   </div>
   <div class='ocr_carea' id='block_1_12' title="bbox 1975 267 2159 295">
    <p class='ocr_par' dir='ltr' id='par_1_15' title="bbox 1975 267 2159 295">
     <span class='ocr_line' id='line_1_95' title="bbox 1975 267 2159 295; baseline 0.016 -3"><span class='ocrx_word' id='word_1_517' title='bbox 1975 268 2023 293; x_wconf 83' lang='grc' dir='ltr'>Αη.</span> <span class='ocrx_word' id='word_1_518' title='bbox 2042 268 2070 293; x_wconf 87' lang='lat' dir='ltr'>C.</span> <span class='ocrx_word' id='word_1_519' title='bbox 2093 267 2159 295; x_wconf 65' lang='lat' dir='ltr'>moti</span> 
     </span>
    </p>
   </div>
  </div>
 </body>
</html>
