2274 3265
154 296 202 321 An.
220 295 247 319 C.
271 293 333 320 ιιιἮι

160 1096 198 1117 Em
220 1099 329 1118 cuntirmat

147 1127 253 1148 Mai-tinne.

161 2141 187 2161 De
200 2144 234 2158 rei·
238 2140 272 2164 ipit

147 2170 166 2188 in
182 2168 258 2189 Oidu.‹·
264 2176 280 2188 ιιι

970 292 1135 315 ΜΑΙΚΤΙΝΟΒ
1162 293 1180 314 V
1210 293 1255 315 1¹’.t

351 346 520 393 privilegiis
539 349 742 386 communiti,
763 357 863 383 tamen
883 360 937 395 pro
956 348 1094 383 5οΙιιΙιοι·ι

349 408 457 430 eorum
487 397 701 441 subsistentia,
724 407 751 431 ct
781 406 825 438 ut,
854 397 1016 432 clementia
1040 397 1096 431 ΑΙ-

349 446 457 479 ιι55ιιιιι
494 455 653 494 operante,
687 448 725 481 ‹lc
752 448 862 482 virtute
896 447 925 481 in
950 447 1093 481 virtutem

348 495 540 541 gradientes,
579 496 770 531 devotiorem
808 497 937 531 reddere
976 497 1095 531 valeant

348 544 485 580 Domino
505 546 700 586 famulatum,
720 546 897 581 desiderant
915 546 1093 580 liuiusmodi

348 595 486 641 regulam
514 608 570 630 sen
600 596 719 630 vivendi
749 596 878 630 formam
902 607 957 642 per
978 595 1093 630 Scdcm

346 645 487 679 eamdem
511 645 689 692 approbari.
709 645 813 687 Quare
832 658 887 693 pro
909 653 995 692 parte
1017 645 1094 692 prio-

348 694 388 727 ris
410 703 439 728 et
462 694 589 728 fratrum
613 706 646 729 ac
669 708 811 729 sororum
835 694 1017 730 eorumdem
1044 706 1095 728 no-

347 743 395 777 bis
418 743 476 777 fuit
499 743 658 779 humiliter
679 745 905 791 supplicatum,
923 743 1093 790 utregutae,

345 793 410 827 sive
430 793 549 827 vivendi
568 793 683 828 formae
704 794 898 837 liuiusmodi,
915 793 1008 828 robur
1022 805 1094 840 apo-

345 842 472 877 stolicae
496 843 747 878 confirmationis
769 844 924 887 adiicere,
947 843 1093 890 illamque

346 904 400 938 pei·
435 892 520 939 ipsos
557 893 665 928 fratres
701 902 729 927 ct
758 906 881 928 sorores
917 894 947 927 in
980 904 1092 939 perpe-

345 949 432 976 tuum
461 941 618 977 observari
646 943 794 978 mandare
826 943 865 978 de
902 943 1092 988 benignitate

344 991 515 1037 apostolica
543 992 758 1037 dignaremur.

393 1045 408 1084 ξ
430 1042 463 1074 2.
493 1040 556 1075 Nos
585 1042 689 1088 igitur,
712 1042 764 1089 qui
791 1054 886 1088 super
913 1041 1093 1088 praemissis

344 1090 492 1125 omnibus
515 1099 544 1125 et
570 1091 705 1137 singulis
729 1091 875 1126 relatione
899 1091 1035 1138 plenaria
1063 1099 1089 1125 et

345 1139 427 1174 fideli
446 1140 563 1174 fuimus
582 1141 697 1175 clarius
720 1141 888 1181 informati,
909 1140 1090 1174 huiusmodi

343 1189 630 1236 supplicationibus
666 1190 822 1233 inclinati,
862 1190 1001 1235 regulam
1036 1201 1090 1223 seu

344 1239 464 1273 vivendi
478 1239 621 1283 formam,
634 1252 726 1286 quam
741 1252 794 1285 per
810 1240 932 1285 singula
955 1240 1022 1274 eius
1039 1251 1092 1273 ca-

345 1288 453 1334 pitula,
475 1289 557 1323 clare
579 1297 609 1323 et
627 1289 785 1332 distincte,
812 1301 848 1322 ac
875 1289 913 1323 de
937 1288 1030 1322 verbo
1053 1288 1091 1322 ad

345 1337 470 1372 verbum
511 1338 726 1385 praesentibus
761 1338 891 1372 fecimus
930 1338 1090 1377 annotari,

344 1399 464 1421 necnon
492 1395 605 1422 statuta
633 1396 662 1421 et
694 1387 907 1421 ordinationes
935 1387 1091 1441 praedicta

344 1445 404 1470 rata
442 1436 592 1471 babentes
625 1445 654 1470 et
687 1446 790 1482 gr{‚ita
825 1436 873 1470 illa
909 1436 1092 1470 auctoritate

341 1486 510 1532 apostolica
534 1499 571 1520 ex
593 1494 676 1520 certa
703 1464 829 1520 scictftia
851 1486 1090 1528 conliimamus⁷

341 1543 371 1569 et
394 1536 566 1582 praesentis
587 1536 693 1582 scripti
720 1536 890 1582 patrocinio
918 1535 1093 1569 communi·

343 1597 424 1627 mus,
446 1594 476 1619 et
495 1585 700 1619 nihilominus
724 1586 861 1631 regulam
885 1585 949 1619 site
968 1584 1090 1618 vivendi

344 1634 473 1668 formam
496 1634 639 1668 eamdem
670 1647 723 1680 per
746 1613 829 1680 ιιῦι5ο5
858 1635 980 1677 fratres,
1004 1646 1092 1668 soro-

344 1695 392 1717 res
422 1693 602 1729 praesentes
629 1693 658 1717 et
688 1692 846 1729 posteros,
883 1683 1029 1717 volumus
1062 1691 1092 1717 et

344 1733 528 1766 mandamus
564 1734 725 1779 perpetuis
757 1733 869 1768 futuris
899 1732 1092 1780 temporibus

344 1781 565 1816 inviolabiliter
587 1783 755 1816 observari.

369 1885 466 1918 Tenor
486 1897 555 1918 vero
571 1886 716 1930 Reyulae,
735 1887 795 1919 sive
810 1886 932 1919 vivendi
952 1887 1072 1930 formae

436 1935 621 1973 huiusmodi,
643 1937 778 1980 sequitur
804 1943 829 1968 et
854 1943 894 1968 est
917 1937 997 1969 calis.

650 2006 729 2041 Cap.
752 2006 775 2041 Ι.

392 2082 406 2121 g
422 2081 454 2112 5.
477 2078 509 2113 Iu
534 2079 652 2126 primis,
675 2087 708 2113 ut
730 2079 779 2113 liic
793 2078 882 2113 Ordo
904 2080 1089 2114 continuum

321 2137 371 2161 et
398 2137 583 2175 perpetuum
607 2128 646 2162 de
668 2128 773 2162 bono
768 2141 797 2162 in
823 2129 934 2163 melius
955 2130 1091 2176 recipere

346 2178 440 2212 tazleit
471 2179 708 2219 incrementum
736 2178 820 2225 quod
849 2191 883 2212 ex
914 2180 1091 2225 rwiptione

346 2240 546 2283 personarum
571 2228 649 2261 bene
672 2228 895 2274 dispositarum
921 2229 1088 2275 plurimum

345 2278 485 2311 noscitur
513 2278 702 2324 dependere
727 2277 874 2312 volumus
901 2287 930 2312 et
958 2278 1090 2313 ordina—

344 2339 426 2367 mus,
449 2327 533 2373 qnod
558 2326 663 2361 nullus
686 2328 854 2382 recipiatur
875 2328 912 2362 ad
936 2327 1088 2362 Ordinem

345 2378 437 2411 liuius
457 2377 668 2421 fraternitatis,
694 2390 750 2410 nisi
773 2377 812 2411 de
832 2377 954 2412 licentia
979 2378 1091 2433 prioris

345 2427 500 2469 generalis
528 2427 668 2460 eiusdem
698 2426 742 2460 tel
773 2427 873 2474 ips-ius
902 2428 1004 2461 vicarii
1033 2440 1088 2462 seu

345 2477 530 2510 voi-rectoris
558 2476 756 2510 li·at‹rnitatis
784 2489 839 2523 pio
867 2485 1006 2524 tempore
1035 2477 1089 2511 de-

346 2526 440 2581 putati
470 2526 554 2560 illius
577 2526 652 2569 loci,
682 2539 850 2572 praemissa
881 2535 982 2561 tamen
1012 2526 1089 2560 dili-

345 2576 428 2617 renti
464 2576 712 2619 examinationi⁷
746 2576 828 2623 quod
868 2576 906 2609 sit
942 2576 1089 2610 honestae

346 2626 423 2660 ritae
444 2633 473 2660 et
496 2626 594 2660 bonae.
617 2626 730 2663 famae,
758 2638 791 2659 ac
815 2626 852 2659 ile
876 2626 993 2660 liaeresi
1018 2626 1089 2660 nul-

346 2675 466 2710 latenus
489 2685 665 2723 suspectuS,
688 2676 830 2722 quinimo
846 2676 883 2709 sit
907 2676 1041 2709 veritatis
1060 2683 1090 2709 et

1769 285 1838 316 '05

1137 348 1309 382 catholicae
1338 349 1406 383 tidei
1442 349 1556 384 zelator
1591 350 1801 397 pi·‚accipnus
1830 352 1885 398 qui

1137 397 1227 431 (tiam
1251 407 1416 444 autequam
1442 398 1581 433 liabitum
1613 400 1705 434 linins
1728 401 1887 446 relirionis

1138 447 1275 493 r¹‚tcipiat
1303 447 1341 481 de
1363 448 1485 492 alienis,
1512 449 1537 483 si
1562 461 1619 495 qua
1651 450 1805 489 babuerit
1834 462 1885 485 sa-

1138 497 1268 531 tisfaciat
1295 497 1331 531 ad
1356 498 1497 544 plenum,
1520 507 1548 532 et
1569 499 1719 545 proximis
1744 501 1886 534 reconci-

1137 545 1239 585 lietur,
1263 559 1386 581 necnon
1411 555 1550 594 paratum
1574 548 1638 582 sive
1660 549 1823 583 conditum
1842 558 1885 583 te-

1136 603 1323 630 stamentum
1342 606 1446 631 tenere
1469 597 1602 636 studeat,
1620 599 1701 632 iuxta
1718 599 1883 633 consilium

1136 653 1165 679 ct
1183 645 1410 680 ordinationem
1427 647 1615 681 confessoris
1637 647 1775 687 discreti,
1787 656 1815 683 et
1833 661 1886 683 ea-

1136 694 1207 729 dem
1245 696 1434 730 examinatio
1470 697 1521 730 liat
1547 696 1585 730 de
1617 697 1802 732 mulieribus
1830 699 1886 733 in—

1135 757 1277 789 gressum
1308 745 1401 780 liuius
1434 746 1566 781 Ordinis
1603 747 1798 792 petentibus:
1827 748 1885 782 ha-

1137 794 1283 830 bentibus
1299 803 1402 829 tamen
1420 795 1501 830 viros
1524 807 1585 829 non
1603 804 1705 843 pateat
1724 797 1886 842 ingressus

1135 844 1171 878 ad
1194 845 1389 879 consortium
1410 845 1510 880 dictae
1526 845 1746 889 fraternitatis,
1766 847 1823 881 uisi
1847 847 1885 881 de

1137 894 1272 928 virorum
1296 907 1425 929 suorum
1450 895 1572 930 licentia
1595 904 1624 929 et
1646 908 1804 930 consensu
1834 896 1885 931 fiat

1136 943 1296 990 publicum
1313 945 1569 980 instrumentum.
1588 944 1670 979 ldem
1688 946 1790 993 quoad
1809 946 1885 980 haec

1134 995 1249 1028 servari
1287 994 1425 1028 volentes
1460 995 1488 1029 in
1519 995 1589 1029 viris
1617 1007 1731 1029 uxores
1766 995 1885 1030 liaben-

1136 1042 1238 1083 tibus,
1271 1044 1328 1077 uisi
1353 1043 1489 1078 obstaret
1521 1045 1550 1078 in
1580 1044 1677 1091 ipsius
1707 1045 1755 1079 vel
1786 1044 1883 1079 altero

1135 1092 1273 1138 ipsorum
1297 1093 1400 1140 aliqua
1428 1106 1532 1134 causa,
1560 1106 1640 1140 quae
1669 1094 1806 1141 legitima
1836 1095 1884 1129 iu-

1134 1142 1291 1177 dicaretur
1313 1143 1446 1178 consilio
1471 1143 1690 1178 discretorum.

1458 1219 1539 1253 Cap.
1567 1219 1605 1253 ΙΙ.

1182 1296 1196 1334 g*
1221 1294 1252 1325 4.
1281 1292 1402 1325 Omnes
1423 1298 1525 1325 autem
1555 1299 1615 1325 tam
1645 1291 1765 1330 fratres,
1788 1303 1882 1338 quam

1133 1352 1256 1374 sorores
1272 1341 1372 1374 dictae
1385 1340 1584 1374 fraternitatis
1599 1341 1770 1375 induantur
1780 1353 1883 1387 panno

1135 1389 1241 1435 nigro,
1270 1390 1322 1436 qui
1353 1402 1408 1423 nec
1442 1389 1471 1423 in
1503 1389 1607 1424 colore
1637 1401 1693 1423 uec
1723 1391 1751 1424 iu
1782 1391 1884 1424 valore

1135 1439 1294 1472 minimam
1325 1439 1554 1485 preciositatem
1584 1439 1780 1486 praetendat,
1803 1440 1882 1474 sicut

1134 1489 1281 1522 convenit
1309 1487 1463 1522 honestati
1498 1487 1668 1523 Servorum
1704 1488 1820 1523 Christi
1854 1498 1884 1523 et

1135 1537 1247 1572 Beatae
1275 1538 1400 1572 Mariae.
1425 1537 1564 1572 Tunicae
1592 1550 1718 1585 quoquc
1751 1538 1884 1573 babeant

1135 1588 1272 1622 manicas
1293 1600 1392 1634 nsque
1407 1588 1443 1621 ad
1470 1600 1611 1634 pugnum
1636 1597 1665 1621 et
1680 1588 1741 1622 sint
1757 1589 1882 1623 strictae

1133 1645 1162 1670 et
1178 1637 1311 1677 clausae,
1335 1638 1485 1683 corrigias
1511 1639 1549 1671 de
1576 1638 1661 1671 corio
1685 1646 1804 1671 tantum
1829 1638 1884 1673 lia-

1135 1685 1225 1720 bcant
1241 1687 1355 1734 quibus
1377 1698 1501 1721 sorores
1524 1687 1700 1732 cingantur.
1725 1687 1757 1722 ln
1780 1687 1884 1722 bursis

1133 1736 1239 1774 etiam,
1274 1737 1496 1771 calceamentis
1530 1746 1558 1770 et
1592 1738 1721 1771 caeteris
1755 1749 1881 1772 omnem

1134 1785 1322 1820 mundanam
1348 1794 1489 1821 resecent
1513 1787 1691 1821 vanitatem.
1717 1786 1789 1821 Vela
1811 1799 1883 1833 vero

1132 1847 1274 1869 sororum
1311 1843 1340 1870 et
1371 1835 1483 1870 bindae
1521 1836 1583 1870 sint
1617 1836 1685 1870 alba
1713 1836 1752 1871 de
1779 1848 1883 1883 panno

1133 1884 1215 1919 lineo
1239 1885 1283 1919 vel
1312 1885 1477 1920 canabino.

1435 1961 1514 1997 Οιι).
1538 1961 1590 1997 ΙΙΙ.

1902 296 1950 322 Αιι.
1970 296 1996 321 C.
2016 295 2081 322 itata

1911 1309 1971 1330 flabit
2038 1310 2044 1329 f

1897 1344 1950 1361 trum
1975 1345 1994 1361 et
2019 1348 2082 1361 iiiiii

1897 1378 1940 1393 ΙΊΠΠ

1180 2033 1200 2079 S
1228 2035 1260 2067 5.
1294 2033 1479 2080 Recipiatur
1516 2033 1716 2080 recipiendus
1755 2035 1785 2069 ιιι
1813 2034 1881 2070 loco
1901 2046 2077 2070 Cae-ensuinnaei

1132 2083 1260 2129 capituli
1291 2084 1491 2118 fraternitatis
1522 2085 1566 2118 iel
1589 2091 1662 2118 ante
1692 2085 1788 2119 altare
1816 2084 1880 2120 Ec-

1894 2079 1961 2099 dandu
2007 2080 2018 2099 li
2022 2081 2078 2100 abun

1894 2111 1978 2130 noviter
2015 2117 2050 2131 rec
2068 2123 2079 2126 —

1131 2131 1243 2166 clesiae
1268 2132 1394 2167 liatium
1419 2134 1502 2167 illins
1526 2134 1595 2176 loci
1618 2142 1647 2167 ct
1672 2147 1686 2167 a
1714 2146 1807 2181 priori
1822 2147 1878 2181 ge·
1894 2145 1935 2166 rus
1961 2142 1997 2161 [τιεί

1133 2186 1240 2225 nerali
1269 2188 1334 2221 site
1371 2188 1486 2221 ticinio
1521 2188 1565 2221 tel
1601 2196 1778 2222 correctore
1805 2187 1877 2222 dicti

1132 2239 1262 2273 Ordinis
1289 2240 1457 2275 Sei-xoium
1487 2241 1619 2275 Sanctae
1645 2241 1758 2276 Mariae
1787 2255 1880 2289 prae-

1132 2294 1233 2334 dictis,
1250 2295 1300 2341 qui
1318 2295 1402 2341 prior
1423 2295 1468 2329 vel
1488 2296 1622 2330 vicarius
1637 2308 1691 2330 sen
1709 2304 1879 2336 corrector,

1132 2349 1283 2383 existente
1311 2349 1491 2385 inducendo
1519 2360 1547 2385 et
1572 2358 1695 2398 petente
1722 2350 1880 2386 humiliter

1133 2403 1218 2437 flexis
1236 2403 1371 2449 genibus
1395 2405 1511 2451 recipi⁷
1531 2405 1749 2451 praesentibus
1771 2405 1880 2453 aliqui-

1133 2457 1190 2491 bus
1217 2458 1285 2491 aliis
1326 2458 1470 2493 fratribus
1497 2458 1626 2493 Ordinis
1653 2459 1814 2500 ciusdem,

1131 2512 1320 2558 quibusdam
1351 2513 1389 2546 de
1423 2512 1588 2547 confratria
1626 2514 1696 2547 viris
1723 2513 1878 2554 discretis,

1133 2566 1293 2601 benedicat
1323 2567 1408 2613 prius
1432 2566 1571 2601 liabitum
1600 2567 1679 2608 eins,
1707 2570 1759 2615 qui
1783 2568 1877 2604 dehet

1132 2622 1226 2667 recipi
1245 2621 1302 2655 hoc
1320 2621 1424 2665 modo,
1444 2621 1606 2655 videlicet:
1627 2622 1756 2657 Ostende
1776 2624 1874 2662 nobis,

1132 2677 1277 2713 Domine,
1323 2677 1562 2710 miscricordiam
1599 2684 1694 2710 ίααιιι.
1723 2678 1876 2713 Dominus

1849 2469 1878 2495 Εἰ

1894 2172 1940 2191 dae
