2274 3265
236 261 283 285 Λη.
303 259 417 286 (11283

240 1560 263 1579 [t
288 1558 383 1579 Messan‘

226 1595 259 1609 *es
275 1590 360 1610 crudele
389 1597 409 1609 a—

235 1623 399 1641 tiniiuitanorutn

225 1653 340 1679 exemplum
361 1652 394 1672 sne

240 2157 266 2175 De
288 2160 351 2175 niteas»
375 2154 407 2174 le-

225 2190 270 2211 gato
282 2185 406 2212 apostolico*

483 248 527 280 58
1027 258 1212 280 ntumntuiu
1240 258 1401 281 immuniti
1980 259 2028 286 Λη
2047 258 2074 285 c
2096 258 2162 285 {285

434 320 566 358 putores,
596 312 754 344 invasores
781 319 832 345 aut.
856 311 965 345 dantes
994 313 1036 345 cis
1064 313 1092 346 in
1119 314 1176 347 boc

430 361 594 398 auxilium,
617 361 781 394 consiliunt
807 361 851 394 vel
876 361 1009 395 favorem
1035 363 1063 395 in
1087 362 1177 397 dictis

431 412 569 448 civitate,
605 410 732 448 castris,
767 410 862 455 villis,
899 422 953 445 seu
982 411 1176 446 districtibus

430 459 612 493 ‹··¹01uiu‹l‹m
652 460 829 495 nullatenus
860 470 1019 515 iweptare
1048 461 1093 494 vel
1129 475 1176 497 re-

429 522 535 555 cipere
563 517 762 553 attentarent
785 523 841 544 nec
864 522 1017 557 ipsorum,
1042 519 1096 544 aut
1113 513 1176 546 ali-

429 572 520 592 ‹tttns
557 571 665 592 coium
705 559 844 593 dominio
883 560 926 593 vel
965 561 1108 606 regimini
1144 575 1176 596 sc

429 609 539 654 quovis
562 609 655 642 modo
683 609 912 646 siilimitttſtrrent
936 622 1013 644 neve
1041 610 1116 656 ipsis
1131 611 1175 645 vel

427 671 534 691 vorum
559 658 650 691 alicui
667 667 772 692 contra
793 659 980 699 Ecclesiam,
1005 659 1049 692 vel
1071 672 1174 705 regem

430 708 582 753 praefatos
611 708 830 753 impenderent
859 709 888 742 in
923 708 1088 755 prat-dictis
1114 722 1176 743 au-

428 756 548 799 xitium,
571 758 755 795 consiliunt,
779 758 824 791 vel
850 759 983 792 savorem
1014 758 1174 805 publicum

427 807 473 839 wi
501 808 672 849 occultum
692 815 720 841 et
739 808 945 841 nibilominus
970 808 1176 842 confoedera-

428 857 529 891 tiones
547 869 602 891 scu
626 834 834 902 diffinitiones
855 856 1021 903 quaslibet
1049 858 1073 890 si
1097 870 1176 904 quae

428 906 507 939 inter
534 906 751 940 universit2¹itis
773 907 909 944 casdiffim
945 906 991 939 vel
1021 907 1099 941 inter
1123 909 1176 954 ip-

427 968 476 989 sas
502 964 530 989 «t
553 968 771 1002 quoscumque
792 956 870 990 alios
890 956 980 989 initas
1003 957 1066 990 site
1083 956 1176 990 lat-:lis

425 1017 521 1051 super
543 1006 748 1051 occupatione
760 1017 795 1038 ac
813 1006 972 1039 invasione
996 1006 1174 1051 praedictis,

425 1063 454 1087 et
479 1056 648 1089 iuramenta
677 1055 715 1088 de
752 1054 813 1088 illis
839 1055 999 1089 servandis
1025 1055 1071 1088 vel
1100 1055 1176 1090 alias

427 1116 481 1149 pro
508 1105 552 1137 eis
576 1104 648 1139 binc
672 1104 743 1138 inde
766 1107 911 1150 praestita
942 1103 1067 1151 penitus
1097 1106 1176 1139 rela-

425 1162 548 1193 x:mt‹¹s;
572 1153 828 1188 universitatibus
855 1155 931 1201 ipsis
954 1163 1060 1200 aperte.
1084 1167 1174 1199 prae-

425 1203 578 1246 diximus,
619 1203 700 1251 quod
731 1204 789 1238 nisi
820 1204 988 1250 praemissa
1030 1204 1176 1240 celeriter

425 1253 651 1300 adimplerent,
687 1262 792 1287 contra
826 1253 951 1287 easdem
984 1254 1122 1287 civitates
1145 1263 1174 1289 et

426 1303 511 1336 villas
535 1315 640 1337 earum
675 1302 882 1349 spiritualiter
909 1312 938 1337 et
964 1304 1175 1350 temporaliter

425 1352 468 1385 sic
489 1352 785 1399 procedet·e,actore
802 1351 949 1393 Domino,
977 1364 1173 1395 curaremus

425 1403 519 1447 quod,
537 1415 635 1449 poena
656 1402 801 1446 docente,
828 1414 902 1436 snae
930 1403 1116 1437 temeritatis
1142 1413 1174 1439 et

424 1452 590 1498 superbiae
618 1460 879 1499 recognoscerent
907 1453 1098 1498 qualitatem.

471 1501 543 1548 §7-
573 1500 741 1535 Caeterum
772 1502 839 1536 lii-ct
869 1501 943 1535 dum
973 1502 1021 1536 liis
1048 1510 1078 1535 et
1105 1501 1174 1536 aliis

387 1565 407 1578 ιι·
424 1552 525 1585 modis
553 1560 582 1585 et
617 1552 674 1585 viis
709 1552 844 1586 tiliorum
879 1551 1009 1585 salutem
1046 1558 1171 1598 paterna

425 1600 593 1635 venabatur
622 1602 756 1645 affectio7
784 1602 972 1647 reliquarum
1001 1601 1172 1646 civitatum⁷

398 1659 608 1694 ‘castrorum7
634 1651 775 1685 villarum
804 1659 1062 1697 caeterorumque
1086 1652 1173 1685 loco-

424 1713 510 1738 rum,
539 1701 655 1735 cix-ium
684 1709 712 1734 et
750 1701 923 1735 incolarum
960 1700 1106 1744 Siciliae,
1143 1701 1171 1735 in

424 1758 560 1785 nostram
584 1751 726 1785 notitiam
748 1752 861 1797 perlata
886 1749 1026 1793 rebellio,
1041 1758 1071 1784 et
1088 1762 1173 1796 prae-

421 1800 513 1846 cipue
558 1801 734 1834 Messanen.
774 1801 826 1847 qui
875 1799 1170 1834 Panormitanorum

423 1850 563 1895 ipsorum
588 1850 698 1885 imitati
722 1851 894 1894 saevitiam⁷
909 1850 1113 1896 quamplures
1136 1862 1173 1883 ex

423 1900 573 1934 ministris
609 1909 638 1934 et
674 1900 794 1934 devotis
830 1900 971 1934 eiusdem
1002 1900 1084 1945 regis
1120 1898 1172 1933 Si-

421 1948 509 1983 ciliae.
547 1958 616 1996 post
654 1951 853 1983 securitatem
892 1949 954 1983 illis
993 1949 1169 1995 praestitam

421 1999 590 2033 crudeliter
628 1999 798 2033 trucidasse
836 1999 1001 2039 dicuntur„
1034 2008 1169 2033 castrum

423 2050 541 2094 regium
572 2049 629 2083 loci
657 2048 797 2083 eiusdem
833 2049 1007 2083 temerariis
1045 2048 1171 2082 ausibus

421 2107 612 2145 occupantes
647 2099 764 2132 multae
791 2098 1011 2133 commotionis
1045 2110 1169 2132 causam

422 2147 623 2189 inducerent3
665 2161 721 2182 nos
762 2157 862 2183 tamen
906 2157 1067 2195 propterea
1109 2160 1169 2181 non

421 2198 608 2232 desistentes
647 2210 663 2232 a
686 2199 820 2245 caeptis,
862 2197 1038 2232 venerabile
1078 2197 1170 2232 fratre.

422 2256 528 2282 nostro
568 2248 717 2282 Gnidone
758 2249 908 2295 episcopo
949 2246 1099 2281 Sabinen.
1132 2248 1169 2281 ad

422 2307 525 2344 partes
548 2298 613 2332 illas
640 2310 712 2332 cum
738 2298 848 2345 plenae
877 2297 1040 2343 legationis
1069 2296 1170 2331 officio

421 2357 579 2395 tamquam
604 2349 688 2395 pacis
710 2349 822 2394 angelo
845 2348 1013 2387 destinato,
1038 2346 1117 2380 bona
1139 2347 1168 2380 in

422 2398 480 2432 illis
502 2408 531 2433 ct
555 2411 610 2445 pro
635 2398 697 2432 illis
713 2398 928 2445 quaesivimus
944 2396 1095 2444 partibus,
1114 2408 1170 2430 uec

423 2457 573 2483 venerunt
585 2460 591 2482 :
603 2448 837 2495 expectavimus
853 2459 972 2494 paceni,
989 2455 1017 2480 et
1035 2445 1170 2480 turbinis

422 2505 634 2545 tempesta50
618 2499 767 2532 oravioris
794 2498 958 2545 apparuit,
986 2496 1170 2531 machinalis

422 2547 459 2581 ab
486 2548 573 2603 olim,
601 2556 694 2595 prout
712 2548 891 2583 communis
922 2546 1010 2594 quasi
1047 2545 1168 2580 tenebat

422 2598 539 2644 opinio,
553 2608 581 2632 et
595 2598 838 2646 subsequtorum
862 2596 1073 2631 consideratio
1095 2595 1169 2630 satis

423 2647 576 2682 indicabat
611 2657 639 2683 et
667 2648 782 2682 indicat
823 2646 995 2689 evidenter
1023 2645 1104 2681 dolis
1139 2653 1169 2680 et

1219 313 1340 346 insidiis
1377 312 1531 347 wimiis
1563 312 1726 359 Siquidem
1766 313 1876 348 Petrus
1912 327 1963 349 rex
1993 324 2020 345 na
2037 324 2100 345 Petro
2114 329 2163 350 reso

1217 362 1415 408 Araoonum.
1432 361 1471 397 de
1488 362 1686 408 procedendo
1708 361 1857 396 adversus
1879 363 1966 398 Afri·
1980 355 2105 413 2¹12„ssss,3¹„1¹'¹¹¹
2126 357 2164 413 im}

1218 424 1284 446 cam
1308 412 1579 466 (Ῑιιι-,ιιε5ιῑοωΙοιο
1594 411 1721 446 Siciliae
1743 412 1889 453 insulam
1908 421 1967 448 ter·
1981 423 2019 437 ⁸¹¹¹·
2022 418 2062 437 ’5
2077 418 2165 468 wlm-

1219 474 1282 495 ram
1313 462 1421 508 utiquc
1450 462 1638 508 peculiarem
1663 461 1760 508 ipsius
1793 441 2163 507 Ecclesiae,l.⁰.⁰‹⁰¹¹'⁵¹‘¹¹¹”

1219 511 1352 544 militum
1380 520 1410 544 et
1434 511 1573 557 peditum
1593 519 1715 545 caterva
1737 511 1871 557 stipatus
1886 512 1968 547 inva-

1218 560 1295 594 dens
1317 569 1347 593 ιι
1369 572 1539 607 occupans
1561 573 1596 595 ac
1625 562 1654 594 in
1678 561 1727 595 illa
1747 561 1887 595 eiusdem
1905 561 1967 596 Ec-

1218 610 1331 643 clesiae
1366 622 1473 656 pacem
1500 610 1648 654 turbans,
1675 622 1799 656 gravem
1834 610 1967 645 seditio-

1219 671 1288 692 nem
1323 660 1464 693 excitans
1499 669 1606 694 contra
1642 672 1733 700 eam,
1770 660 1967 707 graviterque

1220 708 1371 754 populum
1411 710 1584 751 concitans,
1608 710 1638 744 in
1668 709 1748 743 illam
1784 709 1967 744 temeritatis

1219 758 1361 804 prorupit
1387 758 1561 799 audaciam,
1579 759 1663 806 quod
1680 771 1751 793 cum
1777 758 1966 804 civitatibus,

1218 808 1347 854 aliisque
1370 808 1460 847 locis,
1488 808 1758 846 universitatibus.
1787 809 1911 843 civibus
1937 817 1967 843 et

1219 857 1330 890 incolis
1351 857 1490 891 eiusdem
1525 858 1663 902 insulae⁷
1698 858 1816 904 quibus
1848 859 1966 893 ratione

1219 906 1333 949 uxoris⁷
1362 905 1443 940 [iliae
1474 907 1593 941 scilicet
1628 908 1777 942 Mansredi
1801 908 1966 955 praedicti,

1219 964 1426 1001 natorumque
1448 968 1576 990 suorum
1601 969 1634 990 se
1662 958 1757 991 teneri
1793 958 1965 1003 praetendit

1217 1005 1564 1048 confoederationibus7
1592 1006 1689 1052 pactis
1710 1015 1741 1040 et
1775 1008 1967 1041 conventio-

1218 1054 1323 1099 nibus,
1346 1055 1428 1089 sicut
1454 1067 1491 1089 ex
1515 1064 1589 1089 tunc
1612 1055 1781 1096 ferebatur,
1807 1058 1883 1103 quin
1909 1069 1966 1103 po-

1217 1105 1301 1148 tius,
1328 1105 1616 1151 conspirationibus
1638 1113 1667 1139 et
1689 1105 1831 1140 scelestis
1857 1106 1966 1140 factio-

1217 1154 1310 1188 nibus
1343 1154 1438 1197 initis,
1466 1155 1496 1188 in
1533 1167 1631 1209 regno
1655 1155 1814 1201 praedicto
1852 1168 1964 1189 nomeu

1217 1204 1274 1236 iarn
1300 1204 1471 1249 usurpabat
1495 1205 1612 1259 regium
1636 1213 1666 1238 et
1690 1212 1837 1250 usur‚pat
1860 1217 1892 1239 se
1917 1217 1966 1238 re-

1215 1265 1285 1298 gem
1308 1253 1435 1288 Sitiliae
1460 1255 1639 1298 nominans,
1662 1262 1815 1300 etgerere
1844 1266 1898 1301 pro
1920 1253 1967 1288 Si-

1215 1303 1303 1337 ciliae
1327 1315 1397 1348 rege
1421 1315 1639 1349 praesumens
1669 1304 1699 1337 in
1725 1304 1851 1337 maioris
1874 1316 1965 1350 prae-

1215 1353 1407 1398 sumptionis
1428 1362 1668 1399 augumentum
1698 1353 1759 1399 regi
1783 1352 1896 1387 Carolo
1915 1365 1966 1387 su-

1217 1402 1356 1447 pradicto
1385 1403 1413 1436 in
1442 1404 1510 1436 suis
1540 1403 1637 1437 literis
1660 1381 1746 1448 iwgni
1774 1401 1902 1437 Siciliae
1925 1403 1965 1437 ti-

1215 1451 1315 1485 tulum
1349 1451 1588 1496 subtrahendo,
1615 1452 1725 1499 sicque
1762 1464 1824 1486 non
1861 1453 1962 1487 solum

1216 1500 1454 1535 Panormitanos
1477 1502 1616 1541 eosdem,
1648 1514 1727 1548 quos
1751 1501 1826 1536 alias
1849 1501 1964 1548 pluries

1214 1550 1250 1583 ad
1281 1550 1356 1583 baec
1382 1551 1567 1585 sollicitasse
1596 1563 1650 1598 per
1677 1552 1811 1585 nuncios
1837 1551 1964 1586 diceba-

1215 1607 1282 1643 tur,
1306 1600 1334 1633 in
1360 1600 1522 1634 inchoatae
1546 1609 1651 1635 contra
1669 1600 1842 1646 praefatum
1858 1612 1963 1646 regem

1214 1649 1362 1683 Carolum
1385 1650 1550 1685 seditionis
1576 1659 1606 1685 et
1641 1650 1821 1685 rebellionis
1848 1659 1963 1685 contu-

1214 1700 1312 1732 macia
1337 1699 1528 1741 obfirmavit7
1555 1712 1610 1734 eos
1640 1712 1693 1745 per
1714 1712 1747 1734 se
1777 1712 1813 1734 ac
1836 1710 1961 1745 gentem

1214 1761 1299 1782 suam
1324 1748 1444 1788 fovens,
1472 1750 1612 1796 ipsisque
1635 1749 1740 1784 favens
1756 1750 1785 1783 in
1811 1749 1879 1790 illa;
1907 1749 1962 1784 sed

1214 1805 1274 1832 tam
1300 1799 1385 1845 ipsos
1406 1811 1501 1845 quam
1537 1808 1677 1834 caeteros
1704 1799 1822 1833 insulae
1848 1800 1963 1845 praeli-

1214 1846 1302 1882 batae
1329 1849 1462 1883 rebelles
1502 1849 1579 1883 adeo
1613 1858 1720 1883 contra
1752 1849 1811 1882 iam
1846 1849 1960 1884 dictam

1213 1896 1388 1931 Ecclesiam
1424 1910 1533 1932 eorum
1568 1899 1739 1945 specialem
1762 1907 1891 1933 matrem
1932 1907 1963 1933 et

1213 1948 1373 1981 dominam
1390 1948 1569 1992 concitavit,
1591 1947 1676 1995 quod
1696 1948 1837 1982 nonnulli
1853 1959 1890 1982 ex
1904 1948 1961 1992 eis,

1212 2005 1241 2030 et
1264 1997 1445 2043 specialiter
1463 1997 1701 2041 Messanenses,
1730 1998 1782 2044 qui
1811 2006 1883 2032 ante
1911 1998 1962 2044 ip-

1212 2047 1280 2081 sius
1308 2047 1337 2080 in
1368 2047 1468 2081 insula
1494 2049 1731 2094 praenominata
1755 2047 1960 2093 praesentiam

1212 2096 1286 2130 dicti
1312 2098 1402 2142 legati
1437 2098 1572 2131 nuncios
1601 2097 1703 2132 devoti
1738 2109 1773 2130 ac
1802 2096 1962 2131 humiliter

1212 2146 1436 2185 admittebant,
1472 2147 1645 2181 dominium
1684 2146 1838 2193 praefatae
1867 2158 1962 2181 reco—

1211 2204 1400 2241 gnoscentes
1423 2196 1598 2235 Ecclesiae,
1634 2208 1812 2242 nomenque
1835 2196 1960 2243 publice

1212 2246 1403 2290 invocantes⁷
1428 2245 1496 2280 illos
1513 2245 1713 2293 postmodum
1734 2246 1962 2280 contumaciter

1211 2295 1377 2330 admittere
1416 2296 1601 2338 recusarint,
1626 2295 1736 2330 baculo
1771 2295 1960 2340 arundineo,

1211 2345 1311 2379 eidem
1347 2345 1465 2380 scilicet
1492 2346 1555 2391 regi
1577 2346 1772 2391 Aragouum,
1800 2354 1959 2392 praetextu

1211 2394 1394 2430 eorumdem
1424 2396 1530 2430 uxoris
1555 2403 1585 2429 et
1608 2395 1764 2435 liliorum,
1796 2403 1829 2429 ut
1850 2395 1960 2439 fertur,

1212 2444 1422 2491 periculosius
1446 2446 1624 2480 innitentes.
1647 2445 1736 2487 Quos
1754 2453 1870 2488 tamen,
1887 2457 1961 2479 uxo-

1211 2507 1275 2529 rem
1299 2503 1327 2529 et
1356 2494 1436 2529 filios
1458 2495 1522 2529 sive
1546 2507 1651 2541 regem
1676 2507 1731 2543 per
1757 2506 1812 2530 eos
1833 2507 1888 2529 seu
1909 2507 1960 2529 ra—

1211 2545 1297 2580 tione
1326 2544 1477 2592 ipsorum,
1501 2545 1530 2579 in
1554 2545 1662 2579 eadem
1692 2545 1801 2586 insula,
1831 2544 1877 2579 vel
1900 2544 1960 2578 ali-

1210 2608 1270 2642 qua
1294 2594 1367 2628 dicti
1394 2595 1479 2641 regui
1507 2594 1632 2629 Siciliae
1655 2594 1818 2642 parte,ius
1832 2593 1958 2642 aliquod

1211 2657 1272 2680 non
1296 2644 1410 2679 babere
1432 2646 1570 2692 apertius
1592 2645 1761 2692 praemissa
1784 2643 1958 2684 declarant,
