2274 3265
229 268 277 295 An.
295 268 321 294 C.
345 269 404 294 ¹50¹
474 259 544 291 (5⁹20

426 335 495 357 vcro
512 335 573 357 non
589 323 763 357 secundum
777 335 927 369 personae
941 325 1164 366 conditionem,

423 371 476 406 sed
502 371 635 406 inultum
660 372 792 406 humiles
814 381 843 406 et
871 372 1017 408 abiectas.

473 428 487 465 g
510 423 567 455 ⁶24.
592 421 629 455 Et
652 434 712 455 non
741 422 843 456 solum
867 434 930 462 eas,
957 435 1034 469 quas
1062 431 1165 456 sancti

243 471 805 511 tem=1³1³1=¹==⁶mutet-iubetEetwltsim
830 472 949 516 ti1ili1s
971 485 1024 506 seu
1054 472 1166 505 ieiunia

229 517 301 563 ’ζώῃ
305 515 617 562 ῑ,ᾚΗᾟΞ01)5υι·ἰι,ιι1)ι1
651 520 703 555 sed
727 521 785 554 alia
807 521 900 556 multa
925 521 1167 568 superaddebat,

228 574 316 594 ¹¹¹¹¹¹¹¹¹'¹
320 577 325 592 ¹
425 579 456 605 ut
471 572 563 605 ctiam
589 570 667 605 ultm
687 570 846 605 Ecclesiae
861 570 1042 606 mandatum
1059 578 1169 617 quater

425 621 454 655 in
479 619 674 654 hebdomada
692 620 844 655 ieittttaret
862 628 892 654 et
907 620 1048 654 similiter
1061 628 1170 666 quater

426 672 455 704 in
471 669 679 710 hebdomada,
699 670 834 715 coniuge
858 669 998 704 nondum
1024 670 1080 703 vita
1097 669 1169 702 fun-

425 729 486 761 cto,
509 728 538 753 et
563 727 631 766 post
654 720 775 753 obitum
799 720 866 753 eins
896 719 1046 753 continue
1070 730 1168 764 usquc

426 769 462 803 ad
479 781 596 815 paucos
611 781 711 803 annos
728 777 798 802 ante
821 782 912 803 snum
932 768 1053 802 felicem
1073 776 1170 802 traus-

428 819 518 862 itnnt,
541 818 643 852 solitis
659 819 771 864 pannis
795 818 915 860 induta,
937 830 1032 864 super
1055 825 1170 863 tapeto,

425 867 544 914 absque
569 867 675 913 paleis,
702 868 832 901 culcitra
863 867 907 900 tel
935 866 1104 905 similibus,
1132 866 1169 900 ad

427 925 538 951 terrain
565 917 608 950 vel
635 918 845 963 pavimentum
872 916 974 962 posito
996 928 1110 961 corpus
1132 915 1171 949 ah

427 965 631 1005 orationibus,
666 966 859 999 abstinentiis
888 978 922 999 ac
944 965 1050 999 divino
1065 964 1171 999 labore

428 1015 543 1049 sessum
561 1042 569 1053 ,
593 1015 676 1048 tenni
701 1023 728 1047 et
754 1015 836 1048 lireri
860 1027 971 1049 somno
1000 1014 1170 1049 recreabat.

426 1064 566 1110 Singulis
593 1065 689 1098 sextis
724 1064 807 1097 l'eriis
833 1063 873 1097 ol)
903 1064 1086 1098 memoriam
1115 1076 1173 1098 sa-

426 1114 618 1149 cratassiniae
652 1113 812 1147 Passionis
835 1112 960 1148 Domini
986 1114 1080 1147 nostri
1100 1113 1171 1148 lesu

427 1163 556 1206 Christi,
581 1175 659 1209 pane
687 1163 848 1197 dumtaxat
871 1171 900 1197 et
920 1176 1000 1209 aqua
1015 1172 1171 1201 contenta,

427 1214 576 1247 ieiunium
606 1226 665 1246 non
694 1213 812 1256 omisit,
839 1226 910 1246 cum
938 1213 1030 1247 etiam
1059 1213 1173 1248 multos

427 1262 502 1296 alios
529 1262 609 1301 dies,
632 1262 671 1296 ob
699 1262 893 1296 diversorum
918 1270 1100 1297 sanctorum
1124 1276 1173 1298 re-

429 1313 597 1346 verentiam
621 1312 714 1346 simili
737 1311 926 1346 abstinentia
951 1313 1172 1358 pertransiret„

428 1371 457 1395 et
481 1362 545 1395 sive
575 1361 693 1395 ieiunio
712 1361 892 1404 abstineret,
914 1362 978 1396 sive
1006 1361 1095 1396 aliter
1117 1362 1174 1396 di-

428 1410 631 1454 scumberet,
664 1424 735 1445 cnm
776 1410 971 1445 sobriissima
1000 1411 1099 1455 foret,
1135 1412 1173 1446 de

429 1473 534 1494 mensa
551 1460 697 1506 surgebat
723 1472 783 1494 non
807 1468 954 1501 saturata,
970 1460 1023 1495 sed
1042 1460 1170 1496 resecta:

427 1509 546 1544 eisdem
575 1522 703 1556 quoque
733 1510 830 1543 sextis
853 1509 936 1544 feriis
967 1510 1007 1544 de
1033 1510 1174 1544 candelis

428 1559 526 1593 cereis
537 1571 690 1599 accensis,
703 1558 802 1593 stillas
824 1559 994 1594 candentes
1009 1568 1037 1593 et
1061 1560 1174 1605 ignitas

427 1608 581 1655 eliquabat
615 1621 712 1654 super
739 1607 855 1642 nudant
892 1621 1017 1643 caruem
1036 1636 1045 1652 ,
1074 1611 1114 1644 ita
1143 1618 1175 1644 ut

428 1657 557 1692 adustae
585 1658 746 1692 cicatrices
768 1658 935 1692 continuae
963 1669 1173 1702 remanerent,

428 1716 457 1740 et
499 1707 675 1752 gentianam
699 1706 927 1741 amarissimam
959 1707 1086 1742 herbam
1118 1721 1171 1743 sen

428 1755 562 1791 radicem
591 1757 658 1791 eius
682 1756 832 1791 retinebat
855 1757 884 1790 in
913 1769 976 1792 ore.

477 1811 491 1848 ς’
513 1809 570 1840 25.
596 1806 713 1840 Romae
737 1807 865 1853 insuper
892 1806 1010 1853 degens
1046 1820 1107 1842 non
1132 1808 1173 1841 ri-

243 1865 318 1886 homae
335 1864 413 1900 ⁴eme·
428 1868 534 1902 goren}
560 1856 695 1902 frigoris,
725 1869 785 1890 non
805 1856 940 1891 aestivos
960 1856 1092 1899 calores,
1113 1869 1173 1892 non

232 1897 374 1949 {gffi‘lwm‘ffl
386 1902 414 1916 '¹‘
429 1905 651 1952 impedimenta
682 1907 758 1940 vitae
782 1906 935 1950 lautosae,
960 1919 1021 1941 non
1055 1907 1175 1954 pluvia-

427 1968 495 1989 rum
513 1965 563 1990 aut
578 1957 693 1990 nivium
710 1969 766 1991 seu
781 1956 968 2003 grandinum
991 1957 1175 2003 asperitates

427 2018 553 2046 curans,
573 2007 724 2042 stationes
747 2020 800 2053 pet·
816 2007 990 2042 Ecclesiam
1005 2006 1175 2049 ordinatas,

428 2058 589 2104 variasque
629 2057 703 2092 alias
737 2067 860 2092 sanctas
892 2057 1076 2101 Ecclesias‚
1105 2057 1174 2093 licet

427 2123 522 2158 eques
551 2125 606 2158 pro
629 2112 695 2147 suis
712 2112 915 2147 facultatibus
938 2113 981 2147 ire
1008 2113 1174 2159 potuisset,

428 2175 529 2200 tamen
550 2179 642 2213 supra
670 2168 828 2201 extenuati
850 2167 992 2213 corporis
1015 2167 1098 2201 vires
1112 2168 1175 2202 eni-

428 2229 519 2257 tens,
554 2221 696 2267 peditans
725 2222 855 2255 visitat-it
882 2234 1083 2267 quacumque
1111 2222 1172 2256 die.

427 2275 486 2309 Tot
515 2288 650 2322 namque
675 2276 776 2322 longis
811 2276 1084 2321 genuflexionibus
1119 2289 1172 2310 usa

428 2329 497 2368 fuit,
520 2339 553 2364 ut
582 2342 682 2376 genua
706 2331 774 2365 eius
803 2332 937 2376 rigerent
964 2332 992 2363 in
1014 2330 1174 2369 duritiam

431 2392 461 2417 nt
485 2386 522 2419 ita
546 2385 726 2423 dixerimus,
746 2385 948 2419 camelorum.

478 2445 492 2482 g
514 2442 570 2473 ⁶26.
596 2439 798 2474 Admirabilis
817 2448 843 2473 et
868 2447 1023 2485 spectatae
1053 2439 1175 2473 humili-

430 2495 500 2528 tatis
535 2494 658 2536 extitit,
689 2495 725 2527 ita
763 2502 792 2527 ut
827 2506 1063 2552 nonnumquam
1103 2506 1174 2527 cum

432 2549 622 2595 pauperibus
638 2548 810 2596 perigrinis
835 2549 882 2581 inc
887 2549 990 2593 ognita
1006 2548 1099 2582 simul
1133 2560 1175 2581 se

256 2495 393 2517 aumttmtem

243 2529 336 2554 apprime
352 2528 400 2548 colit

1012 270 1111 292 BELLA
1118 271 1198 293 mum
1227 268 1388 292 ROMANUM

1976 269 2024 294 An.
2043 269 2071 294 C.
2092 268 2154 295 1591

1203 323 1326 361 Clarae,
1353 323 1584 368 eleemosynam
1609 323 1762 368 reciperet
1783 331 1813 358 et
1834 324 1956 359 oscula-

1206 381 1290 407 retur
1313 383 1385 405 cnm
1402 372 1572 416 gratiarum
1588 373 1723 411 actione,
1739 381 1767 405 et
1779 372 1958 418 frequenter

1208 421 1341 468 propriis
1378 420 1524 454 manibus
1547 428 1577 454 et
1599 420 1639 455 ob
1668 420 1725 455 Dei
1749 422 1955 457 reverentiam

1209 469 1370 517 reparabat
1395 482 1566 514 pauperum
1588 470 1783 504 vestimenta.

1256 526 1270 561 ,ξ
1299 521 1356 552 27.
1384 518 1540 553 Tenacem
1568 518 1781 554 obedientiam
1811 520 1958 566 praelatis
1987 534 2033 555 stus
2055 536 2157 556 abentem

1209 578 1238 603 et
1265 570 1331 603 suis
1353 568 1573 614 superioribus
1594 577 1625 603 et
1653 568 1887 604 confessoribus
1901 569 1959 604 oli·
1975 566 2072 591 mem*

1209 618 1361 658 servabat,
1388 617 1466 652 adeo
1489 618 1572 664 quod
1600 617 1720 665 absque
1743 618 1852 653 saltem
1880 632 1958 653 con-

1211 667 1336 702 fessoris
1373 667 1520 706 licentia,
1561 681 1640 714 pene
1673 667 1784 703 oculos
1817 668 1958 703 attollere

1213 730 1273 751 non
1304 725 1530 763 praesumeret.

1260 772 1275 807 ,ξ
1302 768 1359 800 28.
1376 766 1415 800 Et
1434 766 1601 812 superstite
1616 767 1725 801 marito
1740 780 1811 802 cum
1826 767 1960 814 singtilis

1213 815 1310 850 sextis
1341 815 1426 850 seriis
1461 816 1601 850 consessa
1625 816 1758 856 suisset,
1794 824 1864 863 post
1892 818 1961 852 eins

1213 865 1389 904 transitum,
1407 878 1508 900 veram
1532 865 1762 901 consessionem
1785 866 1884 900 semel
1900 868 1962 901 sal-

1213 922 1273 948 tem
1304 915 1332 948 in
1365 914 1416 949 die
1442 928 1514 949 cuin
1544 928 1655 961 magna
1678 916 1868 951 contritione
1895 924 1962 951 stn-

1213 964 1282 998 duit
1305 964 1428 1004 iterare,
1454 975 1515 1000 tam
1539 977 1643 999 amare
1671 965 1771 1003 levia,
1793 965 1875 1000 sicut
1909 967 1961 1000 alti

1212 1013 1412 1060 gravissima,
1445 1013 1638 1060 deplorans,
1663 1024 1692 1049 et
1727 1015 1804 1050 nihil
1837 1015 1876 1049 de
1897 1017 1963 1050 suis

1215 1063 1326 1103 verbis,
1350 1063 1503 1102 moribus,
1527 1063 1769 1109 cogitationibus
1790 1072 1820 1098 et
1842 1064 1963 1099 actibus

1215 1113 1406 1159 praeteriens
1430 1113 1655 1147 indiscussum.

1262 1168 1276 1205 ς’
1304 1165 1363 1197 ⁶29.
1388 1162 1480 1197 Verbi
1498 1162 1555 1197 Dei
1568 1162 1867 1209 praedicationibus,
1886 1175 1963 1209 quas

1216 1212 1271 1246 viri
1297 1211 1416 1258 probati
1453 1212 1613 1252 lacerent,
1641 1213 1767 1247 assidua
1795 1212 1901 1247 aderat
1934 1221 1964 1246 et

1216 1263 1345 1296 intenta.

1262 1316 1277 1355 ξ
1306 1314 1361 1346 50.
1394 1311 1538 1358 Singulis
1561 1324 1687 1359 quoque
1715 1311 1830 1346 diebus
1856 1311 1963 1346 domi-
1978 1321 2165 1348 singuttsaomini.

1215 1362 1297 1395 nicis
1324 1369 1353 1395 et
1382 1361 1602 1401 solemnibus,
1630 1374 1702 1396 cum
1738 1361 1907 1396 devotione
1934 1371 1963 1396 et
1979 1354 2165 1407 ζξζ;,,ἳ,“,ζ“ῗ,ἷ1”“

1216 1412 1358 1458 lacrymis
1388 1411 1523 1457 sumpsit
1547 1410 1723 1445 venerabile
1743 1411 1860 1445 Christi
1883 1410 1964 1445 Cot·-

1217 1461 1300 1507 poris
1315 1460 1567 1494 Sacramentum.

1264 1516 1279 1553 §
1303 1512 1358 1544 51.
1379 1510 1591 1544 Considerans
1607 1510 1734 1544 semitas
1745 1510 1860 1544 domus
1875 1522 1963 1548 suae,

1217 1572 1254 1593 ne.
1283 1571 1379 1605 panes
1398 1559 1578 1594 comederet
1605 1560 1723 1598 ociosa,
1754 1571 1867 1593 manus
1891 1572 1965 1593 suas
1980 1559 2090 1579 '‘⁴¹¹¹‘'²'“⁵⁴

1216 1610 1337 1655 aperuit
1360 1608 1519 1655 inopibus,
1538 1616 1568 1643 et
1592 1608 1710 1655 palmas
1737 1620 1809 1642 suas
1825 1608 1964 1642 extendit

1215 1658 1252 1692 acl
1278 1670 1442 1704 pauperes,
1467 1658 1670 1692 inexhaustae
1691 1658 1775 1692 enim
1804 1657 1966 1692 charitatis

1217 1707 1315 1742 officia
1339 1720 1410 1754 erga
1433 1716 1584 1752 egentes,
1609 1707 1748 1741 infirmas
1770 1715 1801 1741 et
1828 1706 1967 1742 abiectas

1218 1769 1367 1803 personas
1385 1757 1426 1791 ob
1448 1756 1505 1791 Dei
1534 1758 1739 1792 reverentiam
1764 1757 1905 1791 exercuit
1923 1757 1967 1790 in-

1216 1806 1350 1841 defesse.

1265 1860 1279 1899 ἕ
1307 1859 1364 1891 52,
1389 1856 1467 1890 Nam
1490 1869 1561 1891 cum
1586 1856 1680 1891 etiam
1703 1856 1807 1891 adhuc
1835 1856 1967 1890 maritus

1216 1914 1420 1953 superesset,
1448 1906 1499 1940 die
1530 1906 1671 1953 qualibet
1694 1905 1864 1941 duodecim
1890 1918 1968 1952 pau-

1218 1969 1308 2003 peres
1331 1956 1494 1990 consuevit
1519 1956 1644 2003 propria
1669 1956 1697 1990 in
1721 1955 1816 1990 domo
1837 1954 1942 1991 cibare
1962 1983 1969 1995 ,

1218 2005 1278 2040 illis
1304 2007 1478 2041 inserviens
1505 2015 1535 2041 et
1559 2006 1734 2040 necessaria
1763 2005 1968 2042 ministrans;

1216 2066 1245 2091 et
1275 2057 1394 2103 quintis
1429 2056 1514 2091 feriis
1547 2068 1668 2090 memor
1689 2055 1815 2091 Coenae
1843 2055 1968 2090 Domini

1218 2107 1352 2154 propriis
1380 2107 1528 2142 manibus
1556 2105 1628 2140 lavit
1652 2105 1748 2153 pedes
1770 2118 1893 2140 eorum.

1266 2162 1281 2200 ξ
1304 2159 1360 2191 55.
1386 2156 1431 2191 De
1453 2157 1579 2204 propria
1603 2167 1729 2203 quoque
1752 2155 1896 2190 facultate
1926 2167 1968 2189 re·
1997 2161 2169 2197 Beniamin-¹1¹-

1218 2207 1335 2253 parauit
1373 2206 1402 2240 in
1441 2207 1582 2253 partibus
1604 2217 1678 2240 snae
1713 2205 1844 2251 originis
1872 2204 1967 2239 multa
1984 2193 2090 2246 ῗῗζῖζω
2105 2198 2169 2214 “““”

1217 2256 1381 2303 hospitalia
1400 2256 1550 2295 desolata,
1568 2263 1597 2291 et
1613 2267 1768 2310 pauperes
1782 2263 1813 2290 et
1828 2255 1970 2289 infirmos

1217 2307 1256 2340 ibi
1282 2306 1434 2353 degentes
1457 2307 1517 2353 pia
1542 2306 1702 2351 benigna
1727 2305 1905 2339 misericors
1940 2313 1969 2339 et

1217 2357 1323 2391 sedula
1339 2356 1543 2391 ministratrix
1563 2368 1634 2390 cum
1651 2367 1773 2389 summa
1797 2355 1911 2400 pietate
1929 2355 1970 2388 ti-

1217 2407 1330 2440 sitavit.
1356 2405 1467 2441 Ulcera
1491 2418 1601 2441 eorum
1626 2404 1743 2451 absque
1767 2405 1894 2439 horrore
1922 2403 1968 2439 vel

1219 2456 1342 2490 fastidio
1365 2457 1553 2495 attrectavit,
1582 2455 1667 2493 lavit,
1690 2454 1918 2501 circumligavit
1940 2462 1969 2488 et

1218 2505 1302 2540 fovit.

1266 2560 1280 2596 ξ
1318 2559 1373 2589 54.

1989 777 2063 798 Ξοάιῆι
2075 785 2094 798 in
2112 786 2162 806 qun-

1977 810 2060 829 ttdiants
2079 809 2161 830 confis-

1975 841 2079 862 sionthw.

1995 1171 2164 1195 praedicationi-

1979 1203 2016 1223 bus
2033 1207 2121 1224 intenta.

1993 1518 2095 1539 Liberalis
2113 1525 2163 1545 erga

1990 1861 2023 1882 Eis
2031 1863 2119 1883 ‘inservit
2127 1862 2168 1882 dis-

1983 1892 2135 1914 eumbeutthus.

1414 2556 1446 2590 ln
1483 2555 1551 2589 loco
1584 2556 1676 2590 etiam
1714 2554 1752 2588 de
1788 2554 1996 2602 Watzsteno
2003 2555 2151 2576 '¹⁰⁵3¹¹⁸¹‘¹'¹¹“¹

2006 2582 2114 2604 natalium
2148 2586 2168 2601 ει

432 2601 521 2640 (lens
541 2603 623 2649 apud
645 2603 870 2637 monasterium
891 2584 998 2637 Satuti
1014 2602 1174 2636 Laurentii
1220 2604 1433 2652 Lyncopenqjs
1455 2605 1609 2640 dioecesis
1628 2605 1666 2639 de
1688 2616 1755 2639 ἓως
1769 2603 1970 2639 neutralibus
1984 2588 2066 2655 {lanatum
2082 2609 2168 2630 tranum

433 2656 461 2688 in
491 2657 667 2703 l’alisptrna
696 2657 733 2690 de
758 2656 861 2697 Uib«,

888 2656 1017 2691 Ordinis
1044 2656 1176 2690 Sanctae
1220 2667 1315 2688 nnmn
1354 2654 1531 2689 ionerabile
1568 2654 1794 2689 monasterium
1818 2652 2097 2689 canonicecontrutt

2054 2635 2168 2657 salvatoris
