2274 3265
100 272 150 299 An.
168 273 196 299 C.
216 274 282 300 1560

112 376 222 397 Doctorum
249 377 281 397 111-

98 407 153 427 00111
157 411 188 427 tes

904 268 1115 291 tNNOCENTtUS
1137 269 1169 290 Vt
1197 269 1243 290 ΙΨ.

345 330 360 369 ἕ
389 330 418 360 7
444 326 592 361 Volentes
619 326 701 380 quod
732 325 787 367 illi
809 325 861 380 qui
890 326 918 358 iu
955 338 1044 371 prai-

296 375 359 409 fato
373 374 485 409 Studio
514 376 683 421 magistrati
711 353 850 409 fueiint
845 386 874 408 in
898 374 1044 408 facult-at<¹

297 424 475 470 praedicta,
505 425 534 458 in
565 437 602 458 eo
636 433 665 458 et
694 425 722 458 in
755 425 824 458 aliis
845 423 1045 469 gtueralihus

295 473 416 508 Studiis
431 474 531 508 dictae
546 474 700 508 facultatis
715 472 838 519 legendi
854 481 882 506 et
898 472 1045 516 docendi,

295 523 414 569 absque
435 523 662 570 approbatione
684 522 892 566 alia,liheram
911 521 1043 556 habeant

298 572 486 606 facultatem.

344 621 428 655 Nulli
456 634 542 668 ergo,
565 629 616 654 etc.
641 620 673 655 Si
697 621 769 667 quis
796 630 914 663 autem,
941 627 994 653 etc.

344 670 459 705 Datum
482 670 566 717 apud
590 670 701 704 Villam
721 670 838 705 Novam
857 670 1045 704 Arinioncn

295 720 338 754 sis
354 720 520 759 dioecesis,
536 731 571 753 xl
595 719 718 753 kalend.
744 719 822 759 iulii,
847 719 1046 766 pontificatus

295 769 391 802 nostri
414 781 496 803 anno
524 777 643 803 octavo.

333 829 394 859 Dat.
413 830 460 859 die
478 829 511 858 21
536 830 609 859 10011
628 830 714 863 1360,
734 830 834 868 pontif.
853 839 928 859 anno
947 838 1006 859 vin.

534 1016 732 1065 URBANUS
772 1016 799 1063 V

584 1103 677 1132 PAPA
700 1103 741 1132 CC

416 1168 507 1199 Anno
530 1167 660 1200 Domini
688 1165 919 1199 MCCCLXII.

292 1251 370 1324 Die
397 1288 443 1320 28
471 1286 631 1325 octobris,
659 1298 742 1320 anuo
776 1288 888 1325 1562,
923 1285 1044 1320 electus

290 1344 336 1370 est
369 1336 399 1369 in
423 1336 592 1370 Summum
627 1335 814 1369 Pontificem
850 1334 1043 1368 Guillelmus

289 1384 466 1419 Grimoardi
484 1384 578 1418 abbas
600 1384 634 1418 S.
664 1383 798 1418 Victoris
821 1383 1041 1423 Massiliensis,

288 1434 341 1480 qui
365 1433 512 1468 Urbanus
535 1433 560 1466 V
580 1433 755 1479 nuncupari
785 1432 889 1466 voluit.
918 1432 1042 1467 Conse—

289 1491 394 1517 cratus
421 1484 472 1516 die
491 1483 512 1515 6
536 1483 698 1528 sequentis
714 1481 906 1523 novembris,
916 1481 995 1515 sedit
1012 1482 1040 1515 in

289 1531 471 1578 pontificatu
496 1543 511 1565 3
534 1532 585 1565 die
609 1531 824 1565 coronationis
852 1543 951 1564 anuos
968 1543 1041 1574 vni,

289 1594 387 1616 mens.
411 1593 434 1623 1,
457 1581 526 1615 dies
541 1593 606 1620 xiv,
623 1581 850 1627 imperantibus
865 1580 894 1613 in
911 1579 1042 1614 Oriente

287 1630 403 1665 Ioanne
426 1630 626 1676 Palaeologo,
647 1630 676 1663 in
697 1629 872 1664 Occidente
898 1642 969 1663 vcro
984 1629 1042 1663 Ca-

288 1680 354 1715 rolo
369 1679 413 1714 IV
437 1680 693 1726 imperatoribus
710 1679 797 1714 Obiit
811 1679 974 1713 Aveuione
990 1679 1041 1712 die

290 1733 334 1764 19
363 1729 542 1763 decembris
576 1731 683 1767 1570,
714 1737 744 1763 et
767 1728 912 1774 sepultus
938 1737 983 1761 est
1010 1729 1039 1761 in

287 1778 417 1813 ecclesia
434 1779 542 1812 maiori
568 1779 780 1812 Avenioneusi
799 1779 828 1810 in
851 1777 969 1823 capella
990 1777 1041 1810 Io-

288 1827 378 1862 annis
399 1826 499 1861 XXll.
526 1827 652 1861 Vacavit
675 1827 765 1862 sedes
787 1827 856 1860 dies
884 1839 927 1860 xl.

654 1983 677 2016 Ι.

292 2055 445 2087 Institutio
466 2055 572 2088 studii
591 2056 742 2099 generalis
757 2056 787 2087 in
803 2056 922 2087 civitate
943 2055 1041 2087 Pata-

338 2104 410 2136 vina
428 2104 520 2136 etiam
539 2104 571 2136 in
597 2105 742 2148 facultate
769 2104 935 2147 theologica
959 2105 1013 2146 (l).

559 2181 773 2212 SUMMARIUM

289 2248 480 2278 Prooemium.
499 2265 538 2270 —
556 2248 704 2278 Institutio
729 2249 774 2287 (de
792 2258 842 2287 qua
859 2249 886 2277 in
908 2249 1042 2285 rubrica).

328 2309 366 2314 —
385 2292 571 2322 Scholarium
589 2293 856 2330 magistrorumque
881 2292 1041 2331 privilegia.

350 2358 472 2387 Urbanus
490 2359 632 2394 episcopus
653 2364 747 2386 servus
771 2364 911 2386 servorum
923 2357 981 2390 ΒΘΗ

422 2408 455 2435 ad
486 2408 646 2442 perpetuam
670 2407 711 2435 rei
738 2408 906 2435 memoriam.

337 2475 420 2509 Sane
432 2474 507 2509 dum
523 2475 645 2509 fructus
661 2475 785 2518 uberes,
798 2487 879 2521 quos
892 2474 1039 2509 Studium

245 2548 247 2550 -
288 2524 488 2566 Paduanum,
510 2525 595 2571 quod
619 2524 719 2570 longis
742 2524 939 2571 temporibus
961 2525 990 2571 in
1008 2537 1040 2558 se

324 2593 363 2628 (1)
380 2594 418 2620 Ex
439 2595 542 2629 Regest.
563 2595 644 2621 Vatic.
665 2594 747 2620 edidit
763 2594 877 2628 Ughell„
896 2595 950 2620 Ital,
971 2594 1041 2625 Sac.‚

289 2633 333 2659 ubi
350 2634 382 2660 de
398 2633 511 2660 Ecclesia
529 2634 666 2660 Patavina.

1720 259 1789 291 519

1090 324 1157 369 ipso
1191 324 1271 357 sicut
1296 324 1484 369 praefulgida
1508 324 1596 358 stella
1626 325 1777 368 emicuit,
1810 334 1840 359 vt

1088 372 1200 406 diffusa
1225 373 1362 406 claritate
1386 373 1476 417 longe
1494 373 1552 407 late
1572 373 1703 412 refulsit,
1723 374 1752 407 in
1773 375 1839 408 iure

1089 422 1242 455 canonico
1280 430 1308 455 ct
1337 421 1417 455 civili
1446 430 1476 455 ot
1501 422 1684 457 liberalibus
1706 423 1839 466 artibus,

1089 479 1247 516 tamquam
1272 483 1346 515 ager
1375 471 1500 517 pleuuS,
1528 472 1576 505 cui
1601 471 1758 505 Dominus
1781 472 1840 507 be-

1090 520 1217 559 nedixit,
1233 521 1360 566 copiosa
1386 520 1541 554 fertilitate
1565 521 1710 566 produxit
1734 522 1840 556 hacte-

1090 581 1148 602 nns
1171 577 1199 602 et
1225 569 1381 614 producit,
1404 581 1477 603 cum
1501 569 1709 604 delectatione
1744 572 1838 605 animi

1090 629 1302 658 recensemus,
1336 626 1366 651 et
1393 619 1506 652 exinde
1540 631 1705 664 speramus
1740 620 1840 664 ipsius

1090 667 1265 712 theologiae
1281 667 1433 713 palmites,
1449 668 1474 701 si
1499 667 1583 701 1111115
1601 668 1742 701 studium
1758 679 1840 703 esset

1090 716 1219 755 ibidem,
1242 716 1377 762 amplius
1401 717 1571 763 prorogari.
1596 716 1743 764 Dumque
1767 718 1837 752 fidei

1090 766 1267 811 puritatem,
1290 774 1321 799 et
1343 766 1540 799 devotionem
1558 765 1717 806 eximiam,
1745 778 1838 812 quam

1089 815 1193 848 dilecti
1223 814 1275 848 filii
1296 814 1490 849 Universitas
1512 814 1615 849 Studii
1641 814 1794 859 Paduani,
1809 825 1839 850 et

1088 865 1170 898 cives
1192 864 1325 898 civitatis
1343 865 1484 898 eiusdem
1508 864 1619 904 nostri,
1637 872 1668 898 et
1690 864 1839 899 Ecclesiae

1089 912 1249 948 Romanae
1278 913 1392 953 devoti,
1420 913 1457 948 ad
1495 926 1552 947 nos
1579 922 1609 947 et
1635 913 1749 948 dictam
1771 913 1839 948 Ec-

1088 963 1216 996 clesiam
1258 962 1436 997 habuerunt
1471 962 1623 996 hactenus
1661 970 1692 996 et
1725 963 1838 997 babere

1089 1020 1276 1051 noscuntur,
1292 1012 1459 1057 diligenter
1485 1011 1691 1050 attendimus
1706 1011 1837 1067 (lignum

1087 1060 1247 1104 ducimus,
1278 1069 1309 1094 et
1345 1061 1492 1107 aequitati
1521 1073 1696 1107 congruum
1724 1061 1839 1095 existi—

1088 1118 1279 1149 1113111115,οῑ
1305 1110 1411 1143 0111135
1438 1118 1467 1145 01
1499 1109 1692 1145 Universitas
1724 1123 1839 1157 supra-

1086 1158 1198 1199 dictae,
1214 1171 1292 1204 quas
1307 1158 1410 1193 (11111111
1427 1159 1523 1204 gratia
1544 1160 1664 1205 magnis
1688 1159 1780 1194 donis
1808 1167 1839 1193 et

1086 1207 1194 1252 gratiis
1219 1208 1396 1247 illustravit,
1424 1221 1460 1242 ac
1488 1208 1641 1242 bonorum
1678 1209 1840 1255 multipli-

1086 1257 1169 1289 cium
1194 1256 1405 1291 foecunditate
1432 1257 1562 1297 dotavit‚
1584 1265 1614 1291 et
1640 1257 1697 1291 loci
1724 1270 1839 1292 amoe-

1086 1306 1182 1338 nitate
1206 1317 1267 1339 non
1292 1306 1414 1339 modica
1444 1305 1624 1348 decoravit,
1658 1305 1838 1340 huiusmodi

1085 1355 1233 1387 scientiae
1262 1354 1457 1400 theologicae
1476 1354 1631 1389 facultatis
1654 1355 1840 1389 muneribus

1084 1403 1263 1448 amplietur.
1282 1403 1420 1449 Ideoque
1437 1403 1622 1437 eorumdem
1643 1404 1838 1438 studentium

1086 1451 1160 1485 inibi
1185 1452 1471 1498 5011111103110011105
1484 1452 1640 1496 inclinati,
1654 1453 1838 1488 auctoritate

1084 1501 1254 1547 apostolica
1277 1502 1447 1536 statuimus
1469 1510 1497 1535 et
1520 1501 1728 1546 ordinamus,
1754 1502 1838 1549 quod

1086 1551 1115 1583 in
1140 1551 1221 1584 dicta
1249 1551 1372 1584 civitate
1394 1551 1549 1597 deinceps
1570 1550 1719 1585 Studium
1742 1564 1837 1598 gene—

1085 1600 1146 1633 rale
1168 1601 1196 1633 in
1222 1600 1331 1634 eadem
1355 1600 1530 1645 theologica
1554 1600 1698 1634 facultate
1716 1601 1838 1641 existat,

1083 1657 1113 1681 et
1138 1650 1298 1695 perpetuis
1315 1649 1428 1684 futuris
1443 1649 1640 1695 temporibus
1661 1650 1772 1695 vigeat.
1791 1651 1838 1684 Ac

1083 1697 1233 1732 docentes
1248 1708 1277 1732 et
1313 1698 1480 1733 studentes
1503 1698 1618 1732 ibidem
1638 1699 1667 1732 in
1691 1699 1837 1734 facultate

1085 1747 1242 1792 praedicta
1266 1747 1414 1781 omnibus
1438 1748 1619 1794 privilegiis,
1639 1747 1837 1783 libertatibus

1083 1805 1112 1830 et
1137 1796 1390 1830 immunitatibus
1413 1798 1574 1831 concessis
1596 1796 1786 1832 docentibus
1807 1806 1838 1832 et

1083 1844 1278 1879 scholaribus
1305 1845 1507 1880 studentibus
1534 1846 1563 1879 in
1590 1845 1713 1880 Studiis
1738 1858 1838 1892 geue-

1085 1893 1202 1928 ralibus
1223 1894 1364 1929 eiusdem
1388 1894 1542 1929 facultatis
1554 1895 1837 1940 commorantibus,

1084 1943 1243 1988 gaudeant
1282 1951 1311 1977 et
1348 1951 1486 1978 utantur.
1528 1942 1685 1978 Volumus
1720 1951 1838 1989 tamen,

1083 1991 1167 2037 quod
1190 1992 1227 2026 ad
1252 1991 1430 2026 docendum
1460 2001 1489 2026 et
1518 1992 1691 2038 regendum
1715 1993 1745 2027 in
1769 1994 1837 2039 ipso

1083 2040 1196 2075 Studio
1220 2041 1248 2074 in
1274 2041 1454 2076 huiusmodi
1480 2041 1625 2076 facultate
1649 2042 1788 2088 magistri
1806 2052 1838 2077 et

1085 2089 1290 2128 baccalaurei,
1314 2092 1368 2136 qui
1393 2091 1421 2124 in
1441 2091 1591 2125 parisien.
1621 2103 1674 2125 seu
1697 2091 1767 2125 aliis
1790 2091 1838 2126 fa-

1084 2140 1181 2173 mosis
1208 2138 1332 2173 Studiis
1354 2140 1495 2174 eiusdem
1513 2140 1668 2174 facultatis
1685 2140 1836 2175 honorem

1086 2189 1254 2233 magisterii
1275 2201 1331 2222 seu
1360 2189 1615 2223 baccalaureatus
1637 2198 1836 2236 receperunt,

1083 2244 1112 2270 et
1135 2237 1211 2271 alias
1246 2239 1365 2284 experti
1389 2247 1419 2271 et
1448 2238 1551 2272 idonei
1586 2238 1615 2271 111
1653 2238 1836 2273 huiusmodi

1084 2286 1188 2320 studio
1212 2287 1407 2332 theologicae
1426 2287 1582 2321 facultatis
1604 2288 1723 2322 noviter
1746 2300 1836 2322 assu-

1084 2344 1243 2369 mantur...
1272 2339 1326 2378 (1).

1133 2384 1249 2418 Datum
1274 2386 1434 2419 Avenione
1464 2397 1548 2420 xvnt
1573 2384 1723 2420 kalendas
1751 2386 1836 2427 maii,

1087 2434 1195 2479 pontif.
1221 2434 1315 2468 nostri
1340 2446 1423 2468 anno
1447 2447 1469 2468 1.

1135 2495 1195 2524 Dat.
1217 2496 1263 2524 die
1287 2497 1318 2525 14
1342 2497 1442 2535 aprilis
1463 2496 1548 2532 1363,
1572 2502 1649 2535 pont.
1669 2506 1745 2525 3000
1765 2505 1782 2526 1.

1119 2558 1158 2591 (1)
1175 2558 1282 2584 Caetera
1299 2558 1421 2584 consulto
1438 2558 1528 2585 omisi:
1541 2558 1633 2584 eadem
1649 2559 1718 2584 enim
1737 2559 1836 2585 verbo-

1085 2601 1161 2623 tenus
1177 2601 1239 2623 suot
1259 2605 1288 2622 ac
1305 2598 1329 2623 in
1346 2597 1544 2624 Constitutione
1557 2605 1575 2623 x
1593 2598 1738 2624 Innocentii
1747 2597 1779 2624 Vl
1788 2607 1836 2634 pro

1085 2636 1263 2663 Universitate
1283 2636 1450 2669 Bononiensi,
1472 2644 1531 2671 pag.
1552 2637 1614 2664 517.

1856 269 1903 295 An,
1927 270 1956 297 C.
1972 269 2038 296 ¹565

1868 1412 1975 1433 institutio
2014 1414 2037 1433 de

1854 1450 1892 1469 qui
1904 1444 1923 1463 in
1936 1444 2025 1470 rubrica,

1858 1758 1988 1779 §chalan-ium
1997 1766 2038 1779 ma-

1866 1791 2021 1816 gistrorumque

1884 1821 2001 1847 privilegia.
