2274 3265
185 248 365 274 An.tsst5½6

221 1560 351 1581 Pramnuum,

215 2104 294 2122 hanun

336 2107 385 2121 ‹4„.

211 2139 234 2153 ιιι
256 2139 278 2153 ae
301 2132 353 2153 lenis

431 237 495 268 484

381 301 559 347 superiores
589 299 638 332 illa
663 310 803 345 recipcre
828 310 889 332 uon
920 304 1132 343 praesumant.

380 349 464 385 Nulli
488 360 573 393 crgo,
597 355 648 381 etc.

430 399 501 434 Dat.
532 397 694 432 Avenione
712 424 720 440 ,
750 398 789 429 to
821 395 879 429 kat.
903 395 1023 442 aprilis,
1047 402 1132 441 pont.

383 457 479 483 nostri
508 459 591 481 anuo
619 459 663 480 iv.

423 510 482 540 Dat.
499 510 546 539 die
565 509 603 539 23
626 508 722 538 martii
745 508 828 543 1346,
845 507 946 545 pontit.
964 516 1040 535 anno
1060 514 1095 535 iv.

721 663 802 697 Vlll.

387 747 558 783 Prohi'bitio
577 746 676 779 dandi
703 745 746 777 uel
765 743 946 788 acquirendi
964 741 1137 774 dominium

434 803 487 830 aut
520 795 762 828 iurisdictionem
799 793 844 826 uel
876 790 1138 836 proeemi'neutiam

435 852 489 879 aut
516 845 731 889 obligationem
766 853 854 885 super
878 841 950 873 locis
978 847 1004 872 et
1030 839 1138 878 castris

433 893 617 939 patrimonii
648 893 683 926 S.
713 892 814 928 Petri,
842 897 896 923 aut
923 889 1139 933 quoquomodo

434 955 469 977 ea
491 941 664 988 occupandi
686 942 746 983 (l).

656 1016 868 1048 stunntnttut

387 1087 574 1117 Prooeniium.
598 1102 633 1105 —
669 1084 690 1112 l.
709 1082 821 1111 Causat¹
845 1082 1023 1112 sanciendae
1057 1081 1140 1119 legis.

426 1149 464 1154 —
486 1130 513 1159 2.
532 1128 695 1158 Proliibitio
721 1128 766 1166 (de
784 1137 834 1165 qua
852 1128 878 1155 in
907 1126 1038 1164 rubrica).
1057 1143 1095 1148 —
1115 1126 1140 1154 3.

426 1175 541 1205 Poenae
560 1177 659 1203 contra
681 1171 896 1201 inobedientes.
922 1188 958 1192 —
982 1171 1008 1199 t.
1029 1169 1142 1198 Ammi-

428 1219 496 1248 latio
515 1217 647 1247 omnium
670 1215 838 1244 huiusmodi
859 1218 1076 1249 contractuum,
1092 1218 1142 1241 ete.

428 1279 467 1285 -—
484 1263 511 1297 5,
529 1262 556 1290 6.
576 1260 692 1290 loannis
712 1259 780 1288 xxu
802 1260 853 1288 liar
874 1267 964 1297 super
983 1267 1012 1286 re.
1032 1258 1144 1286 consti-

430 1309 572 1336 tutionem
591 1304 718 1333 roborat.
736 1320 775 1325 --
799 1303 823 1331 7.
843 1302 1008 1331 Clausulae.

435 1383 555 1411 Clemens
583 1380 724 1415 episcopus
756 1384 851 1406 servus
871 1384 1012 1405 servorum
1043 1376 1098 1408 Pei,

526 1431 559 1458 ad
595 1429 755 1465 perpetuam
779 1428 819 1455 rei
842 1427 1011 1455 memoriam.

443 1502 507 1536 Etsi
524 1501 671 1536 solertem
695 1498 844 1533 adbibere
867 1498 1059 1544 vigilantiam
1078 1524 1085 1536 ,
1110 1509 1147 1531 ne

394 1551 603 1599 quarumlibet
622 1548 844 1584 Ecclesiarum
874 1547 938 1581 iura
967 1547 1147 1592 depereant,

394 1614 431 1635 ex
451 1600 558 1634 debito
586 1599 682 1633 nostri
700 1596 794 1631 osticii
815 1606 1000 1635 teneamur3
1029 1596 1059 1629 in
1079 1607 1148 1629 ma-

395 1648 586 1684 nutenendis
613 1656 716 1682 tamen
734 1673 742 1685 ,
769 1644 990 1687 defendendis,
1015 1656 1150 1690 recupe—

396 1698 567 1743 randisque
583 1697 744 1743 occupatis
761 1694 883 1729 iuribus
906 1694 1066 1728 Ecclesiae
1084 1693 1150 1727 Ro-

396 1760 519 1790 manae,
535 1758 670 1794 sponsae
685 1753 821 1783 nostrae,
845 1755 938 1788 quae,
960 1743 1150 1790 disponente

397 1798 545 1837 Domino,
570 1804 665 1843 caput
687 1795 831 1830 omnium
860 1801 891 1827 et
909 1794 1056 1839 magistra
1080 1805 1151 1827 cae-

397 1849 471 1883 teris
498 1846 764 1891 altioridignitate
789 1843 995 1891 praecellens,
1019 1843 1152 1877 maiori-

399 1900 458 1933 bus
485 1908 530 1933 est
549 1897 681 1931 iuvanda
706 1894 871 1943 praesidiis
891 1901 919 1927 et
944 1893 1153 1939 amplioribus

398 1949 573 1984 bonoribus
596 1946 779 1990 attollenda,
807 1957 875 1979 esse
898 1944 1054 1978 debemus
1076 1943 1153 1978 soli-

400 2001 453 2034 citi
476 2007 505 2033 et
524 1998 645 2033 attenti.

449 2054 464 2093 §
494 2052 522 2083 l.
559 2048 605 2082 Ad
639 2046 830 2082 obviandum
866 2044 959 2090 igitur
997 2044 1154 2091 perversis

402 2100 525 2133 illorum
561 2097 752 2135 conatibus,
780 2096 833 2142 qui
869 2094 927 2128 sibi
963 2094 1153 2131 commoda,

403 2161 463 2183 non
487 2161 519 2183 se
548 2147 725 2183 commodis
746 2144 930 2180 Patrimonii
955 2143 991 2177 B.
1022 2143 1104 2176 Petri
1124 2143 1153 2176 in

401 2198 532 2235 Tuscia,
568 2196 652 2244 quod
682 2196 759 2230 iuris
789 2202 819 2228 et
849 2193 1048 2241 proprietatis
1069 2193 1156 2226 eius-

402 2247 473 2280 dem
503 2247 662 2282 Ecclesiae
685 2246 761 2288 sore,
790 2257 824 2277 ac
847 2242 949 2277 eidem
977 2241 1156 2275 immediate

403 2296 533 2331 subesse
567 2295 785 2342 dignoscitur,
808 2293 1005 2340 applicantes
1040 2301 1156 2325 temere

404 2348 559 2385 civitates,
587 2354 685 2380 castra
709 2353 739 2379 et
767 2344 854 2378 villas
878 2341 1019 2377 eiusdem
1049 2341 1157 2375 Patri—

406 2399 501 2433 monii
525 2398 563 2432 ad
586 2396 730 2431 eamdem
760 2393 932 2428 Ecclesiam
957 2392 1156 2439 pertinentia,

406 2459 577 2493 eorumque
600 2446 790 2482 dominium,
819 2443 1086 2490 superioritatem,
1101 2441 1158 2475 ad-

442 2519 480 2553 (l)
498 2520 608 2545 Ioannes
625 2517 816 2548 XXtt,(10nsi,
832 2524 909 2546 xxix,
923 2523 1013 2550 super.
1025 2522 1083 2549 pag*
1097 2513 1157 2543 ⁹297,

407 2559 586 2588 alienationes,
602 2557 767 2587 donationes,
786 2556 938 2585 locationes,
959 2554 1062 2589 aliaque
1083 2553 1160 2579 buius

409 2599 511 2630 generis
528 2606 574 2632 per
595 2601 712 2624 rectores
728 2597 752 2623 S.
770 2597 799 2622 R.
818 2596 846 2621 Ε.
867 2596 890 2621 in
903 2594 1074 2625 Patrimonio,
1087 2593 1160 2619 Tbu-

410 2646 471 2669 scia,
490 2638 624 2665 Sabincnsi
645 2637 770 2664 comitatu
792 2636 881 2668 lactas,
906 2634 988 2661 voluit
1009 2634 1106 2661 irritas.

978 242 1076 264 BsLLA
1082 241 1162 263 ltlUM
1188 241 1298 263 KOMAN
1305 241 1347 262 ΗΜ

1177 294 1369 329 vocationem
1387 320 1394 333 ‚
1417 292 1648 338 capitaneatum
1670 298 1701 326 et
1737 291 1929 326 iurisdictio-

1177 356 1264 383 nem,
1288 343 1318 377 in
1344 341 1444 389 ipsius
1470 340 1631 375 Ecclesiae
1653 352 1746 386 grave
1770 340 1930 386 praeiudi-

1176 394 1273 435 cium,
1285 399 1393 427 contra
1409 390 1654 425 constitutiones
1670 397 1699 423 et
1713 388 1931 424 ordinationes

1177 443 1249 476 olim
1269 453 1324 487 per
1348 440 1397 474 sel.
1423 451 1524 474 recor.
1548 438 1710 474 Urbanum
1727 437 1768 471 tV
1790 446 1820 472 et
1837 437 1930 473 loan-

1179 503 1248 526 nem
1273 489 1362 525 xxti
1381 517 1388 530 ,
1422 502 1458 523 ac
1493 488 1635 523 diversos
1661 487 1740 522 alios
1769 486 1932 522 Romanos

1178 540 1349 575 Pontifices
1377 537 1638 586 praedecessores
1661 544 1785 571 nostros
1812 536 1933 580 editas,

1179 602 1240 624 non
1266 597 1412 624 verentur
1430 587 1565 622 diversis
1587 585 1753 632 exquisitis
1775 585 1934 620 coloribus

1178 650 1334 685 occupare
1350 665 1357 678 ,
1380 645 1412 672 et
1434 636 1494 671 sibi
1530 637 1562 671 in
1584 635 1704 670 eisdem
1733 634 1935 677 dominium,

1178 687 1432 734 superioritatem
1463 693 1494 720 et
1522 684 1791 733 praeeniineiitiam
1822 684 1936 719 vendi—

1179 750 1273 777 care,
1302 736 1358 771 hac
1388 743 1539 783 perpetua
1565 733 1794 769 constitutione
1823 733 1937 768 sanci—-

1180 799 1268 821 mus:

1228 841 1243 877 §
1270 837 1304 869 2.
1337 834 1375 869 Ut
1400 833 1483 868 nulla
1511 832 1619 867 civitas
1643 832 1687 866 vel
1711 830 1936 873 communitas,

1182 885 1330 930 nullaque
1348 882 1517 929 singularis
1535 894 1679 929 persona,
1703 882 1937 927 cuiuscumque

1181 933 1374 968 conditionis
1397 933 1443 967 vel
1462 939 1564 966 status
1586 931 1709 970 existat,
1732 930 1887 976 deinceps
1907 930 1936 963 iu

1181 982 1341 1030 aliquibus
1363 980 1556 1023 civitatibus,
1575 980 1686 1015 castris
1709 992 1763 1015 seu
1794 979 1875 1014 villis
1895 979 1940 1025 ip-

1182 1033 1248 1066 sius
1271 1031 1456 1066 Patrimonii
1485 1029 1521 1064 ad
1547 1029 1737 1075 praedictam
1761 1029 1938 1063 Romanam

1184 1080 1359 1116 Ecclesiam
1376 1078 1608 1127 spectantibus,
1631 1078 1822 1118 dominium,
1850 1089 1938 1124 supe-

1185 1130 1372 1169 rioritatem,
1410 1129 1666 1175 capitaneatum,
1701 1127 1938 1162 advocationem

1186 1179 1410 1214 iurisdictionis
1438 1191 1492 1212 scu
1528 1177 1664 1224 aliquam
1699 1175 1942 1222 praesidentiam

1185 1243 1238 1264 scu
1266 1228 1550 1276 praeminentiam,
1574 1233 1736 1273 praetextu
1756 1225 1944 1260 cuiuscum-

1186 1292 1246 1325 que
1267 1277 1468 1320 venditionis,
1496 1275 1732 1315 submissionis,
1754 1286 1944 1310 recommen-

1187 1327 1333 1371 dationis,
1355 1325 1586 1369 concessionis,
1603 1324 1828 1372 recognitionis
1844 1330 1875 1358 et
1893 1323 1945 1358 ob-

1188 1377 1357 1423 ligationis,
1385 1382 1566 1410 contractus
1593 1374 1640 1408 vel
1661 1373 1740 1420 pacti
1763 1381 1816 1408 aut
1843 1372 1945 1407 cuius-

1189 1427 1233 1460 vis
1261 1426 1389 1459 alterius
1410 1424 1606 1467 commercii,
1621 1423 1739 1469 absque
1759 1422 1946 1457 auctoritate

1188 1475 1282 1509 Sedis
1297 1473 1497 1521 Apostolicae
1508 1473 1649 1520 speciali,
1663 1472 1804 1519 recipere
1820 1471 1946 1513 audeat,

1191 1524 1236 1558 vel
1264 1523 1322 1557 sibi
1351 1523 1554 1561 dominium,
1578 1521 1836 1568 praesidentiam,
1858 1520 1947 1566 capi-

1191 1581 1348 1607 taneatum
1367 1584 1424 1606 seu
1449 1570 1700 1606 iurisdictionem
1722 1570 1751 1604 in
1778 1569 1948 1616 praedictis

1191 1621 1395 1665 civitatibus,
1422 1620 1534 1655 castris
1565 1632 1620 1654 seu
1659 1619 1738 1653 villis
1766 1632 1802 1653 ex
1839 1618 1948 1665 quavis

1192 1671 1358 1705 occasione
1381 1678 1410 1705 et
1445 1682 1539 1704 causa
1572 1667 1813 1716 quomodolibet
1836 1667 1949 1702 vendi-

1192 1733 1280 1755 care&
1309 1720 1458 1767 quodque
1482 1719 1624 1754 civitates
1641 1727 1670 1753 et
1689 1717 1866 1764 singulares
1882 1729 1950 1764 per-

1192 1782 1301 1813 sonae,
1315 1769 1557 1809 submissiones,
1580 1767 1819 1815 suppositiones
1834 1774 1866 1802 et
1877 1766 1949 1801 sub-

1194 1820 1345 1854 iectiones
1368 1831 1587 1866 quascumque
1616 1819 1674 1852 iam
1713 1818 1743 1851 iu
1774 1830 1827 1852 eas
1854 1816 1950 1850 factas

1194 1877 1223 1903 ct
1248 1877 1390 1916 receptas
1407 1896 1414 1909 ,
1438 1881 1492 1904 seu
1517 1868 1555 1903 de
1588 1868 1669 1903 sacto
1687 1895 1694 1907 ,
1718 1879 1791 1901 cum
1814 1866 1852 1900 de
1882 1865 1950 1900 iure

1196 1931 1257 1953 non
1285 1928 1423 1963 teneant,
1437 1917 1676 1966 quomodolibet
1697 1924 1831 1951 attentas
1847 1916 1950 1950 dimit-

1196 1980 1260 2005 tere
1284 1977 1462 2009 teneantur,
1492 1981 1548 2003 nec
1572 1967 1712 2002 civitates
1728 1994 1737 2010 ,
1766 1973 1865 2001 castra
1894 1978 1949 2000 seu

1197 2021 1261 2055 loca
1289 2020 1359 2064 alia,
1387 2031 1469 2066 quae
1502 2031 1535 2053 se
1558 2018 1628 2061 eis,
1653 2025 1686 2051 ut
1716 2015 1950 2064 praemittitur,

1196 2070 1410 2105 submiserunt
1422 2068 1467 2103 vel
1479 2067 1720 2115 quomodolibet
1732 2065 1951 2109 subiecerunt,

1197 2120 1311 2154 virtute
1334 2118 1561 2154 submissionis
1583 2125 1613 2152 et
1640 2115 1870 2163 suppositionis
1895 2115 1951 2149 ali-

1197 2170 1288 2203 cuius
1311 2169 1357 2203 vel
1380 2168 1521 2202 cuiusvis
1543 2175 1727 2201 contractus
1749 2164 1840 2200 titulo
1855 2192 1862 2205 ,
1892 2176 1953 2198 va—

1199 2219 1280 2253 leant
1304 2219 1460 2252 retinere:
1501 2216 1651 2263 nullaque
1688 2214 1874 2249 universitas
1896 2226 1951 2248 seu

1198 2268 1409 2302 communitas
1431 2266 1575 2306 civitatis,
1598 2265 1689 2301 castri
1713 2277 1766 2299 seu
1791 2263 1880 2298 villae
1898 2262 1954 2297 Ec-

1199 2318 1311 2352 clesiae
1338 2317 1501 2353 Romanae
1532 2316 1686 2355 subiecta,
1717 2315 1745 2348 in
1776 2313 1867 2348 terris
1891 2313 1952 2346 t‘a-

1200 2369 1336 2403 trimonii
1359 2367 1539 2406 constituta,
1562 2366 1654 2400 alicui
1680 2363 1876 2400 universitati
1898 2375 1952 2397 seu

1200 2418 1432 2457 communitati,
1458 2417 1502 2451 vel
1529 2416 1665 2463 privatae
1695 2427 1848 2462 personae
1865 2441 1873 2456 ,
1897 2425 1954 2447 cn-

1202 2470 1390 2514 iuscumquc
1414 2466 1608 2502 conditionis
1630 2473 1682 2500 aut
1705 2473 1804 2499 status
1827 2463 1955 2504 existat,

1200 2532 1232 2553 sc
1262 2518 1442 2557 subiicere,
1467 2516 1655 2551 submittere
1684 2527 1740 2550 seu
1774 2524 1955 2560 supponere

1203 2568 1298 2603 valcat
1316 2595 1324 2610 ,
1353 2566 1587 2605 constituendo,
1616 2563 1872 2611 recognoscendo
1899 2573 1955 2596 scu

1204 2617 1393 2665 profitendo,
1421 2630 1454 2652 sc
1478 2615 1610 2651 subesse
1637 2613 1730 2649 alicui
1759 2610 1955 2648 universitati

1946 236 1996 261 An.
2015 235 2042 260 Ο
2063 234 2129 260 151ιῦ

1966 840 2082 861 Prolulntm
2113 840 2137 859 cte

1953 879 1993 899 qua
2004 873 2023 891 iu
2034 871 2098 891 iubiir
2109 875 2137 891 ai.
