2274 3265
228 265 265 291 An
295 263 324 291 C.
340 264 406 290 ¹325

242 623 289 643 Eun
299 622 409 642 nlenten*

230 656 253 674 aa
269 653 378 673 truitviinn.

246 1111 354 1138 Propnsita
371 1117 415 1132 oin·

234 1144 366 1170 Setiulrhrum
383 1144 415 1162 vi-

383 1180 416 1194 tn-

234 1175 344 1195 *minutius

235 1207 346 1231 dulgentia.

471 254 540 285 308

422 331 537 362 sensu,
558 317 741 352 auctoritate
762 317 819 351 Dei
843 317 1082 364 omnipotentis,
1114 316 1164 352 Pa-

424 368 479 403 tris
501 375 531 401 et
554 366 621 401 Filii
645 374 675 400 et
696 366 836 413 Spiritus
863 366 968 401 Sancti
997 378 1033 401 ac
1061 366 1166 401 beato-

424 430 491 452 rum
514 416 597 452 Petri
620 424 650 450 et
672 415 761 450 Pauli
787 416 996 464 apostolorum
1020 417 1106 457 eius,
1133 428 1168 450 ac

425 475 539 505 nostra,
562 478 632 501 eum
656 474 834 500 sanctorum
858 465 1073 501 consessorum
1090 474 1169 500 cata-

424 517 495 563 logo
521 515 672 550 duximus
693 515 946 550 adscribendum.

474 567 567 610 522.
602 564 739 612 ldeoque
776 565 1008 599 universitatem
1038 573 1168 599 vestram

426 628 591 651 monemus
612 623 642 649 et
669 615 828 650 hortamur
854 622 982 658 attente,
1007 627 1061 661 per
1087 626 1169 661 apo·-

426 665 533 701 stolica
562 664 649 699 vobis
682 664 795 711 scripta
826 662 1047 711 praecipiendo
1081 675 1170 697 nian-

426 715 556 759 dantes,
591 723 747 761 quatenus
787 714 878 748 nonis
917 712 1018 747 martii
1056 712 1169 747 festum

426 763 623 799 Confessoris
650 763 791 798 eiusdem
815 763 925 797 devote
951 774 987 796 ac
1021 762 1172 796 solemni-

426 822 473 848 ter
493 813 670 853 celebretis,
686 822 716 847 et
731 813 851 847 faciatis
872 825 887 846 a
908 811 1019 846 vestris
1039 811 1173 845 subditis

427 863 625 897 veneratione
647 861 751 896 debita
775 861 944 898 celebrari.
973 869 1004 895 ut
1032 861 1081 907 pia
1104 861 1172 894 eius

429 912 652 947 intercessione
678 919 708 945 et
730 911 781 945 liic
807 923 821 945 a
851 910 950 945 noxiis
981 909 1112 957 protegi,
1144 918 1174 944 et

428 964 458 996 in
500 961 605 996 futuro
642 961 833 1008 sempiterna
869 959 981 1006 gaudia
1021 959 1172 1006 consequi

429 1010 566 1046 valeatis.

478 1060 581 1107 323.
616 1058 657 1094 Ut
692 1066 795 1093 autem
831 1058 868 1093 ad
905 1057 1080 1092 venerabile
1107 1058 1176 1093 eius

430 1109 632 1156 sepulchrum
660 1108 823 1143 ardentius
850 1117 879 1142 et
901 1108 1080 1142 affluentius
1098 1107 1177 1142 cliri-

431 1159 522 1194 stiani
554 1157 660 1206 populi
684 1158 821 1193 confluat
848 1157 1034 1198 multitudo,
1062 1170 1096 1192 ac
1125 1169 1177 1191 ce-

432 1208 527 1243 lebris
553 1207 693 1243 eiusdem
719 1207 920 1242 Confessoris
946 1207 1065 1242 colatur
1093 1206 1178 1241 festi-

434 1259 520 1300 vitas,
547 1257 695 1293 omnibus
718 1270 789 1292 vere
809 1256 1042 1304 poenitentibus
1063 1265 1093 1291 et
1109 1269 1179 1291 con-

434 1308 543 1352 fessis,
569 1307 708 1354 quicum
731 1306 987 1342 reverentiailluc
1014 1306 1043 1340 in
1067 1305 1177 1340 eodem

435 1357 513 1392 festo
539 1357 700 1392 annuatim
735 1357 923 1392 accesserint
952 1355 1050 1402 ipsius
1072 1355 1180 1390 suffra-

434 1408 483 1453 gia
507 1406 644 1454 petituri,
666 1405 704 1441 de
726 1405 953 1453 omnipotentis
975 1405 1032 1440 Dei
1058 1404 1181 1440 miseri-

436 1455 552 1498 cordia,
576 1464 606 1490 et
633 1456 816 1491 eorumdem
852 1455 1012 1490 beatorum
1043 1454 1124 1489 Petri
1152 1461 1182 1488 et

436 1505 524 1541 Pauli
548 1505 762 1553 apostolorum
798 1505 867 1540 eius
893 1504 1078 1539 auctoritate
1105 1516 1183 1538 con-

437 1555 496 1599 fisi,
525 1568 622 1589 unum
646 1567 763 1589 anuum
798 1563 829 1589 et
855 1554 1060 1602 quadraginta
1095 1552 1183 1590 dies:

436 1604 659 1640 accedentibus
682 1617 753 1638 vero
775 1605 866 1638 anuis
887 1603 1022 1650 singulis
1043 1602 1079 1637 ad
1101 1614 1183 1649 prae-

437 1654 553 1689 dictum
593 1654 795 1699 sepulchrum
835 1653 912 1687 infra
947 1660 1066 1699 septem
1095 1651 1184 1692 dies,

437 1704 549 1738 festum
579 1703 680 1751 ipsum
709 1703 887 1737 immediate
913 1710 1098 1749 sequentes,
1117 1713 1187 1736 cen-

438 1761 503 1788 tum
527 1753 595 1787 dies
621 1753 660 1788 de
684 1752 819 1788 iniuncta
842 1752 901 1787 sihi
926 1752 1117 1799 poenitentia
1136 1763 1186 1785 re-

441 1804 592 1838 laxamus.

487 1852 557 1887 Dat.
581 1852 735 1888 Avinione
764 1854 806 1886 15
835 1851 894 1886 kal.
933 1863 1025 1898 aug,
1061 1849 1188 1898 pontifi-

441 1911 528 1937 catus
557 1903 653 1938 nostri
676 1915 758 1937 anno
786 1914 844 1936 vii.

489 1966 548 1996 Dat.
568 1966 615 1996 die
638 1966 670 1996 18
687 1965 751 1995 iulii
772 1965 858 2001 1323,
874 1964 975 2004 pontit.
995 1974 1071 1994 anno
1090 1973 1138 1994 vn.

752 2108 881 2144 XXXV.

445 2185 671 2218 iurisdictionis
705 2195 778 2227 pars
800 2183 963 2227 quaedam,
992 2182 1192 2226 nonnullique

491 2236 639 2275 redditus,
667 2240 830 2277 spectantes
853 2234 895 2265 ad
921 2232 1090 2265 Ecclesiam
1113 2232 1192 2264 Ave-

494 2285 614 2317 nionen.
639 2284 670 2315 in
688 2284 795 2316 castris
825 2282 929 2315 Pontis
952 2283 1083 2325 Sorqiae
1104 2288 1130 2313 et
1157 2282 1192 2313 de

496 2335 666 2377 Interaqut's
705 2334 744 2366 ab
786 2345 820 2365 ea
859 2333 993 2377 separati
1037 2332 1193 2364 Romanae

498 2384 649 2418 Ecclesiae
667 2391 692 2417 et
713 2383 872 2416 comitatui
899 2382 1063 2415 Venat'st'no
1084 2382 1194 2415 uniun-

497 2441 546 2467 tur
564 2436 621 2477 (1).

714 2503 928 2535 SUMlllARlUlll

450 2570 614 2599 Exordium.
633 2568 716 2597 -1,
740 2568 781 2597 Au
809 2567 952 2596 tollendas
975 2564 1195 2596 incommodita-

490 2618 532 2643 tes
556 2618 583 2642 et
605 2612 807 2642 dissensiones
835 2612 995 2652 capitulum
1016 2611 1193 2641 Avenionen¹

487 2672 525 2706 (t)
544 2672 582 2698 Ex
600 2672 700 2706 Regcst.
724 2671 747 2697 in
770 2669 875 2697 Archiv.
896 2670 980 2697 Vatic.

998 263 1182 286 BULLAtttum
1206 262 1366 285 ROMANUM

1247 316 1339 354 l'apae
1362 314 1516 354 supplicat,
1542 317 1573 342 ut
1595 313 1808 343 iurisdictionis
1831 318 1951 353 partem,

1247 355 1463 397 nonnullosque
1478 357 1611 387 redditus
1638 356 1786 387 Romanae
1802 357 1951 388 Ecclesiae

1248 403 1339 439 uniat,
1355 402 1549 433 Avenionensi
1566 402 1629 431 data
1653 403 1901 440 compensatione.
1917 420 1955 425 —-

1247 449 1274 478 Ξ.
1303 448 1383 478 Votis
1403 448 1506 477 annuit
1520 446 1739 476 loannes'.—3.
1760 446 1870 476 liiterae
1888 456 1955 486 sup-

1249 494 1340 533 plices
1362 491 1483 531 capituli
1500 491 1676 521 Avenionen.
1704 490 1839 521 Pontifici
1863 491 1955 521 datae.

1249 554 1287 560 —
1306 537 1471 567 Clausulae.

1273 614 1382 642 loannes
1401 613 1543 650 episcopus
1566 619 1661 642 servus
1681 618 1820 641 servorum
1835 612 1895 645 Dei,

1346 664 1379 692 ad
1401 664 1563 700 perpetuam
1591 663 1632 692 rei
1658 661 1825 691 memoriam.

1263 733 1343 768 Dum
1366 747 1382 769 a
1415 734 1522 778 nobis,
1550 734 1634 782 quod
1659 734 1775 769 iustum
1799 742 1857 777 est,
1880 734 1960 781 peti-

1214 792 1263 818 tur
1289 792 1318 818 et
1341 784 1528 823 honestum,
1563 792 1625 818 tam
1658 785 1747 830 vigor
1773 783 1959 830 aequitatiS,

1214 846 1306 880 quam
1350 833 1427 868 ordo
1458 833 1555 880 exigit
1588 833 1736 873 rationis,
1778 843 1811 868 ut
1839 833 1869 867 id
1907 846 1960 878 per

1214 882 1448 917 solicitudinem
1484 881 1579 917 nostri
1620 882 1711 917 officii
1746 882 1784 916 ad
1820 882 1959 917 debiturn

1217 932 1405 979 perducatur
1426 932 1582 966 effectum.

1264 982 1284 1027 g
1308 983 1338 1014 t.
1361 982 1445 1016 Sane
1466 981 1570 1016 dilecti
1599 980 1670 1021 lilii,
1693 979 1848 1016 Geraldus
1870 993 1962 1028 prae-

1218 1032 1339 1078 positus
1372 1039 1404 1066 et
1436 1030 1606 1077 capitulum
1641 1029 1799 1065 Ecclesiae
1831 1031 1962 1065 Avinio-

1219 1092 1289 1114 nen.
1310 1080 1438 1115 'ordinis
1459 1080 1565 1115 Sancti
1595 1079 1774 1125 Augustini,
1803 1079 1964 1114 attenden-

1220 1138 1277 1174 tes,
1310 1130 1394 1177 quod
1430 1130 1506 1164 certi
1540 1129 1684 1164 redditus
1713 1137 1744 1163 et
1771 1137 1963 1175 proventus,

1218 1192 1298 1226 quos
1321 1180 1490 1226 episcopus
1511 1179 1723 1223 Avinionen„
1750 1178 1804 1225 qui
1831 1187 1877 1213 est
1909 1191 1964 1226 pro

1219 1236 1372 1276 tempore,
1412 1230 1442 1263 in
1471 1229 1579 1264 castris
1616 1228 1654 1263 de
1690 1227 1913 1274 Pontesorgiae
1936 1237 1966 1263 et

1220 1278 1258 1313 de
1296 1278 1482 1326 lntcraquis,
1505 1278 1543 1313 ad
1583 1277 1757 1312 Romanam
1790 1277 1964 1312 Ecclesiam

1220 1328 1448 1375 spectantibus,
1464 1329 1591 1363 nomine
1610 1327 1771 1362 Ecclesiae
1792 1326 1968 1374 praedictae

1221 1377 1409 1413 Aviniouen.
1437 1377 1552 1413 habere
1574 1377 1727 1418 noscitur,
1750 1389 1785 1411 ac
1797 1385 1880 1411 certa
1899 1389 1969 1424 pars

1222 1427 1447 1462 iurisdictionis
1482 1427 1625 1462 eiusdem
1660 1427 1752 1461 castri
1792 1426 1832 1461 de
1869 1425 1970 1461 Inter-

1222 1477 1323 1524 aquis,
1345 1477 1479 1524 eiusque
1503 1476 1777 1523 pertinentiarum,
1791 1475 1827 1510 ad
1842 1476 1969 1510 eosdem

1223 1527 1408 1574 episcopum
1431 1535 1461 1561 et
1488 1526 1661 1561 Ecclesiam
1686 1526 1856 1572 pertinens,
1892 1537 1971 1572 pro—

1227 1584 1294 1622 pter
1318 1576 1512 1623 periculosas
1534 1575 1764 1618 dissentiones,
1786 1587 1867 1621 quae
1891 1575 1972 1609 inter

1225 1634 1336 1672 gentes
1366 1634 1398 1659 et
1424 1625 1570 1660 officiales
1599 1624 1762 1659 Romanae
1784 1632 1815 1658 et
1835 1624 1973 1659 Avenie-

1228 1687 1300 1708 nen.
1331 1674 1542 1709 Ecclesiarum
1574 1674 1821 1721 praedictarum,
1850 1681 1973 1721 praete-

1228 1732 1281 1758 xtu
1313 1724 1477 1770 regiminis
1503 1724 1604 1758 dictae
1620 1723 1715 1771 partis
1738 1723 1972 1763 iurisdictionis,

1229 1782 1259 1809 et
1283 1774 1491 1820 perceptionis
1515 1772 1693 1808 reddituum
1717 1781 1746 1806 et
1765 1781 1971 1819 proventuum

1230 1824 1473 1870 praedictorum,
1508 1835 1601 1870 saepe
1628 1822 1830 1868 contingunt,
1866 1834 1973 1868 parum

1229 1882 1282 1908 aut
1304 1873 1381 1907 nihil
1405 1873 1562 1917 utilitatis,
1594 1872 1648 1906 sed
1673 1872 1777 1919 potius
1799 1871 1975 1906 incommo-

1230 1924 1341 1958 ditates
1364 1924 1464 1958 vai-ias
1491 1922 1623 1958 afferunt
1651 1931 1681 1957 et
1702 1922 1874 1956 attulerunt
1899 1921 1976 1956 hac-

1232 1984 1322 2010 tenus
1356 1976 1504 2022 episcopo
1537 1982 1567 2008 et
1598 1973 1757 2008 Ecclesiae
1780 1971 1976 2013 memoratis;

1233 2026 1321 2060 nobis
1344 2025 1507 2060 humiliter
1532 2033 1563 2059 et
1594 2023 1787 2058 unanimiter
1812 2022 1978 2070 supplica-

1233 2084 1323 2116 runt,
1359 2083 1393 2110 ut
1420 2087 1474 2122 pro
1501 2075 1620 2109 honore
1641 2081 1671 2108 et
1695 2073 1825 2108 utilitate
1851 2072 1978 2119 praedi-

1232 2135 1299 2160 ctae
1331 2125 1520 2159 Avinionen.
1548 2123 1708 2158 Ecclesiae
1735 2131 1852 2168 partem
1883 2122 1979 2156 iuris-

1232 2175 1378 2210 dictionis
1405 2186 1441 2209 ac
1462 2173 1602 2208 redditus
1630 2180 1661 2206 et
1684 2179 1853 2219 proventus
1889 2184 1979 2219 prae-

1233 2224 1345 2264 dictos,
1372 2225 1401 2259 iu
1425 2223 1680 2271 quibuscumque
1715 2221 1908 2264 consistant,
1941 2221 1980 2256 ab

1233 2274 1373 2309 Ecclesia
1402 2274 1592 2308 Aviniouen.
1621 2281 1649 2307 et
1683 2284 1788 2306 mensa
1812 2271 1979 2319 episcopali

1234 2324 1373 2358 eiusdem
1397 2336 1552 2371 separare,
1581 2322 1798 2370 praefataeque
1819 2321 1981 2356 Romanae

1235 2379 1397 2414 Ecclesiae
1424 2386 1454 2413 et
1479 2378 1590 2413 castris
1628 2376 1793 2425 praedictis
1829 2375 1916 2410 unire
1952 2383 1981 2409 et

1237 2436 1434 2482 incorporare
1458 2442 1620 2481 perpetuo,
1652 2440 1682 2466 et
1715 2431 1816 2466 eidem
1849 2430 1984 2465 Avinio-

1237 2502 1307 2524 neu.
1336 2488 1496 2524 Ecclesiae
1533 2500 1589 2536 pro
1622 2486 1791 2534 praedictis
1831 2486 1979 2533 praestari

1237 2544 1337 2578 facere
1359 2543 1583 2578 condecentem
1609 2541 1933 2589 recompensationem
1952 2540 1981 2574 in

1238 2599 1306 2633 aliis
1328 2598 1541 2645 dignaremur,
1571 2605 1663 2645 prout
1690 2596 1719 2630 in
1757 2596 1853 2630 literis
1876 2603 1985 2642 paten-

1238 2652 1321 2688 tibus
1345 2665 1440 2700 super
1462 2652 1520 2686 hoe
1544 2651 1707 2695 conlectis,
1724 2649 1880 2684 dictorum
1903 2661 1984 2696 prae-

1965 261 2016 288 Αη.
2040 260 2066 286 C.
2083 257 2147 286 twa

2003 744 2119 764 Exordium.

1992 989 2019 1008 Ad
2057 986 2160 1007 tollenda=

1978 1018 2159 1039 incommoditates

1978 1052 1997 1070 et
2015 1049 2161 1069 dissensiones

1978 1080 2090 1107 capitutum
2110 1079 2162 1098 ,tve-

1978 1112 2064 1132 nionen.
2094 1109 2161 1136 Papae

1979 1142 2118 1169 supplicat,ut
2128 1142 2162 1161 iu-

1979 1173 2108 1194 risdictionis
2118 1178 2165 1198 par-

1980 1207 2029 1228 tem,
2071 1202 2165 1223 nonnul-

1980 1235 2053 1261 losque
2070 1235 2163 1255 redditus

1981 1266 2085 1286 {tonia-ae
2124 1264 2165 1285 Ec—

1981 1298 2060 1318 etesiae
2091 1297 2163 1320 uniat,

1983 1329 2086 1350 Avenion.
2119 1328 2166 1348 data

1984 1360 2165 1387 compensatione.
