2274 3265
936 275 1035 297 ism-:x
1058 274 1170 297 nanum
1714 267 1782 299 765

397 329 470 362 ibid.
494 327 613 373 Lignea
643 334 812 361 contentus
835 328 926 371 lecto,
948 331 1006 363 151
1036 341 1064 362 α.
1095 328 1200 363 Hostis
1230 329 1403 369 mendacii,
1427 333 1499 365 ibid.
1521 331 1597 366 Pius
1620 331 1648 366 in
1673 333 1828 367 sermoni-

400 376 468 416 bus,
493 378 567 411 ibid,
588 376 700 411 Tuneti
725 376 860 412 animani
883 377 949 412 Deo
973 378 1083 418 reddit,
1107 379 1180 412 ibid.
1206 378 1282 413 Eius
1310 380 1470 424 miracula,
1492 383 1564 415 ibid.
1589 383 1615 415 b.
1640 381 1830 416 Sanctorum

395 426 611 473 consessorum
635 426 706 460 albo
729 425 929 471 adscribitur,
957 429 1022 462 152
1044 440 1073 462 α.
1103 427 1179 462 Eius
1208 428 1304 463 festus
1332 429 1398 464 dies
1425 430 1653 475 celebrandus,
1677 432 1750 465 ibid.
1774 430 1828 465 ln-

395 475 555 522 dulgentia
582 475 650 510 eius
672 475 874 522 sepulchrum
904 476 1099 512 visitantibus
1128 478 1298 524 proposita,
1329 481 1402 512 ibid.

298 525 477 560 Ludovicus
504 525 652 559 Bavariae
675 525 736 559 dux
762 525 790 559 in
815 525 1032 573 imperatorem
1060 526 1195 572 eligitur,
1226 529 1295 562 495
1317 541 1346 562 α.

298 574 477 609 Ludovicus
505 574 543 609 de
567 574 713 620 Hispania
744 573 982 609 Fortunatarum
1007 575 1177 610 insularum
1203 589 1254 610 rex
1278 577 1487 614 constituitur.
1518 580 1580 611 t7t
1603 591 1631 612 a.

298 623 510 670 Lugdunense
538 623 575 664 ll,
604 624 840 659 oecumenicum
866 624 936 659 XIV
963 625 1260 673 (Hierosolymitano
1278 638 1338 660 non
1355 630 1545 673 computato)
1560 628 1728 662 concilium
1753 628 1833 662 indi-

393 673 487 713 citur,
521 674 561 707 15
589 674 617 706 b.

297 722 518 769 Lugdunensis
533 722 772 769 civitas‚=1tpote
788 723 931 770 praelatis
950 725 1095 759 omnibus
1111 725 1208 771 magis
1220 725 1436 769 accommoda,
1452 738 1507 772 pro
1523 725 1737 761 celebratione
1757 726 1831 760 xlv

395 772 589 806 oecumenici
613 771 738 806 concilii
766 772 956 817 decernitur,
985 776 1026 808 16
1053 776 1080 808 b.

296 821 582 858 Lumberiaciensis
605 820 744 857 Ecclesia
771 822 964 869 suffraganea
991 824 1190 872 episcopatus
1212 824 1381 859 Tholosan.
1405 824 1594 868 declaratur,
1617 827 1689 859 246
1713 837 1743 859 α.

1044 977 1094 1018 Μ

293 1073 431 1119 Magistri
457 1074 586 1108 viarum.
615 1076 648 1108 V.
675 1074 803 1110 Viarum
828 1073 922 1108 Urbis
946 1082 999 1109 etc.

293 1122 510 1157 Malleacensis
532 1122 685 1159 Ecclesia.
721 1126 754 1158 V.
783 1123 989 1158 pictaviensis
1018 1122 1169 1158 Ecclesia.

293 1171 474 1206 Manfredus
498 1173 646 1220 princeps
673 1173 861 1208 Tarentinus
887 1172 1012 1207 Siciliae
1047 1185 1176 1218 regnum
1206 1182 1362 1220 occupat,
1389 1176 1431 1208 55
1455 1175 1482 1207 b.
1512 1173 1560 1207 Ab
1582 1173 1763 1209 Alexandro
1791 1174 1833 1208 lV

300 1254 304 1258 .
392 1223 697 1267 excommunicatus,
721 1225 765 1258 56
787 1236 817 1257 α.

293 1269 429 1305 Marcelli
454 1270 526 1313 (S.)
550 1271 587 1306 de
615 1272 699 1307 Urbe
722 1272 863 1307 Ecclesia
891 1271 987 1306 Fratr.
1018 1271 1094 1305 Ord.
1123 1271 1291 1306 Servorum
1320 1272 1356 1306 B.
1385 1273 1426 1306 Μ.
1456 1272 1593 1318 Virginis
1630 1273 1830 1311 conceditur,

392 1322 461 1354 590
483 1322 510 1354 b.

293 1369 450 1404 Marchiae
461 1370 512 1413 (in)
526 1370 683 1416 provincia
697 1371 804 1406 Status
817 1370 1027 1405 Ecclesiastici
1044 1370 1217 1405 cavalcatae
1234 1378 1263 1404 et
1279 1372 1475 1405 incursiones
1489 1370 1707 1417 prohibentur,
1718 1373 1790 1407 299
1802 1385 1831 1406 a.

293 1420 527 1465 Maremagnum
550 1431 605 1454 seu
630 1420 826 1466 privilegium
856 1419 1027 1466 privilegiis
1055 1419 1224 1453 conflatum
1260 1433 1315 1466 pro
1349 1419 1468 1454 Ordine
1502 1419 1630 1454 fratrum
1658 1420 1830 1456 Servorum

391 1467 427 1502 B.
452 1468 492 1502 M.
516 1467 566 1512 V.,
595 1471 664 1503 582
688 1471 716 1503 b.

293 1518 456 1565 Margarita
480 1517 704 1554 Columnensis
725 1518 932 1553 Clarissarum
957 1517 1087 1552 Ordinis
1111 1519 1248 1564 professa
1271 1519 1522 1558 commendatur.
1551 1521 1598 1553 85
1624 1533 1652 1553 α.

293 1569 408 1603 Mariae
423 1567 483 1610 (Β.)
498 1567 537 1601 de
560 1567 702 1603 Mercede
719 1568 959 1615 Redemptionis
978 1567 1180 1614 Captivorum
1204 1568 1315 1603 Ordini
1332 1570 1436 1603 omnia
1460 1569 1557 1615 legata
1581 1581 1660 1616 quae
1678 1570 1828 1617 prodicta

393 1616 608 1663 redemptione
631 1617 827 1664 reliquuntur
849 1617 1024 1652 exhibenda
1047 1616 1267 1658 declarantur,
1296 1621 1361 1653 ¹15
1384 1632 1412 1652 a.
1437 1618 1562 1653 Fratres
1586 1619 1677 1653 liuius
1699 1618 1830 1655 Ordinis

392 1680 406 1700 a
430 1666 584 1701 solutione
611 1667 818 1711 deeimarum,
840 1667 878 1701 de
906 1666 1110 1713 proventibus
1128 1675 1156 1701 et
1180 1667 1354 1702 redditibus
1370 1668 1593 1703 ecclesiasticis
1609 1695 1616 1707 ,
1640 1681 1694 1715 per
1712 1668 1827 1704 Sedem

393 1717 501 1763 Apost.
527 1716 653 1762 regibus
675 1724 704 1751 et
739 1716 932 1764 principibus
961 1716 1006 1750 vel
1041 1715 1109 1750 aliis
1136 1729 1356 1752 concessarum
1388 1726 1418 1752 et
1453 1717 1728 1753 concedendarum
1757 1732 1830 1754 exi—

393 1773 533 1804 muntur,
558 1767 621 1800 56¹
650 1779 680 1800 α.

294 1816 408 1852 Mariae
430 1814 489 1858 (B.)
510 1814 549 1849 de
572 1815 677 1850 Monte
699 1816 843 1850 Carmelu
866 1814 995 1850 Ordinis
1019 1816 1139 1851 l'ratres.
1171 1817 1204 1849 V.
1225 1816 1423 1852 Carnielitae.

295 1866 408 1901 Mariae
431 1863 492 1908 (B.)
516 1864 654 1912 Virginis
677 1865 828 1912 elogium,
850 1866 920 1900 602
944 1879 963 1900 α
986 1874 1014 1900 et
1036 1879 1095 1911 seq.

295 1915 408 1950 Mariae
432 1914 488 1957 (S.)
510 1914 636 1950 Maioris
658 1915 696 1950 de
731 1914 816 1950 Urbe
839 1914 982 1950 basilicae
1007 1928 1084 1962 pene
1108 1915 1286 1955 collabenti¹
1312 1929 1366 1963 pro
1391 1918 1583 1964 reparatione
1607 1917 1830 1964 impendenda,

391 1964 522 1998 ecclesia
537 1964 569 1999 S.
588 1965 690 2000 Lucae
711 1965 791 1999 iuxta
808 1964 923 1999 dictam
938 1965 1094 2000 basilicam
1112 1966 1295 2000 existentem
1314 1967 1420 2001 unitur
1439 1975 1469 2001 et
1482 1967 1660 2001 annectitur
1676 1995 1683 2007 ,
1708 1971 1778 2003 532
1805 1971 1831 2002 b.

295 2015 390 2050 Maria
403 2013 527 2048 Siciliae
543 2015 647 2061 regina
664 2027 757 2049 suum
782 2027 836 2061 pro
853 2027 948 2061 regno
971 2014 1148 2061 Hungariae
1165 2016 1212 2049 ius
1226 2028 1329 2050 coram
1347 2015 1509 2051 Bonifacio
1523 2015 1592 2050 Vlll
1610 2016 1698 2057 dicit,
1718 2021 1787 2053 165
1800 2032 1830 2052 α.

394 2063 478 2097 ldem
510 2076 637 2110 regnum
670 2064 696 2098 ei
728 2064 935 2103 adiudicatur,
964 2068 1030 2099 164
1052 2066 1078 2100 b.
1105 2064 1297 2099 Confirmata
1319 2065 1469 2100 Bonifacii
1497 2065 1567 2100 Vlll
1590 2067 1833 2106 constitutione,

394 2125 454 2160 qua
476 2113 654 2160 Hungariae
689 2126 817 2160 regnum
842 2113 954 2148 Mariae
982 2114 1106 2149 Siciliae
1131 2114 1256 2159 reginae
1275 2115 1405 2162 eiusque
1434 2116 1537 2162 nepoti
1566 2115 1679 2150 Carolo
1702 2117 1834 2151 adiudi-

396 2162 536 2206 cabatur,
560 2162 676 2198 Othoni
702 2162 848 2198 Bavariae
866 2162 937 2198 ‹luci
954 2176 968 2198 a
986 2163 1190 2198 nonnullisin
1207 2176 1312 2211 regem
1326 2165 1425 2199 electo
1448 2165 1516 2199 dies
1545 2165 1692 2200 indicitur
1715 2179 1730 2200 a
1754 2166 1834 2201 Cle-

396 2221 502 2247 mente
524 2212 551 2246 V
573 2212 652 2253 PP.,
675 2221 709 2246 ut
731 2225 834 2248 coram
858 2214 966 2260 Apost.
995 2213 1076 2248 Sede
1099 2214 1198 2252 sistat,
1228 2216 1291 2248 18⁶2
1319 2227 1349 2248 a.

296 2263 468 2298 Maritimae
497 2263 667 2309 provincia.
696 2263 730 2295 V.
756 2262 945 2309 Campaniae
970 2271 999 2297 et
1022 2262 1206 2297 Maritimae.

296 2313 449 2348 Martinus
472 2312 514 2346 lv
538 2311 619 2358 Papa
642 2324 787 2346 ccxxxur
812 2312 950 2358 eligitur,
974 2314 1020 2347 248
1044 2314 1069 2346 b.
1094 2312 1170 2346 Eius
1192 2312 1228 2346 ad
1253 2313 1412 2359 praesules
1435 2313 1605 2349 catholicos
1632 2314 1670 2349 de
1696 2328 1752 2350 sua
1771 2317 1835 2362 pro-

395 2362 534 2396 motione
547 2363 575 2396 in
592 2361 758 2396 Summum
784 2361 967 2396 Pontificem
985 2362 1090 2396 literae
1105 2362 1292 2409 encyclicae,
1316 2365 1390 2397 ibid.
1414 2371 1518 2409 etseq.
1540 2363 1618 2398 Eius
1634 2376 1730 2408 mors,
1746 2368 1791 2400 68
1806 2378 1835 2399 α.

296 2412 449 2446 Martinus
473 2411 496 2443 V
520 2410 603 2458 Papa
627 2422 726 2446 ccvm
754 2411 878 2458 eligitur
900 2413 972 2445 664
995 2413 1020 2445 b.

299 2462 448 2509 Martyres
478 2461 604 2508 proprio
627 2461 780 2507 sanguine
804 2460 894 2495 tidem
923 2462 1160 2501 confirmarunt,
1183 2463 1251 2495 617
1279 2462 1305 2494 b.

297 2511 396 2546 Massa
425 2510 571 2545 Trabaria
596 2510 673 2544 iuris
699 2510 792 2545 Sedis
815 2510 1027 2557 Apostolicae,
1052 2512 1095 2545 87
1113 2523 1142 2545 α.

298 2561 491 2595 Mercaturae
515 2572 689 2606 pannorum
713 2559 879 2594 consulum
902 2560 940 2595 de
962 2560 1047 2594 Urbe
1070 2560 1256 2599 iurisdictio.
1280 2563 1350 2595 696
1373 2563 1400 2595 b.

298 2609 549 2645 Mendicantium
584 2609 743 2644 Ordinum
772 2609 880 2645 fratres
915 2610 951 2644 ad
993 2610 1071 2644 alios
1105 2609 1241 2645 Ordines
1276 2612 1406 2645 transire
1443 2611 1668 2658 probibentur,
1705 2620 1837 2659 excepto

396 2658 671 2695 Cartliusiensium
712 2659 852 2704 Ordine,
889 2661 926 2693 51
956 2672 976 2694 a
1008 2668 1038 2694 et
1067 2661 1136 2694 678
1163 2672 1193 2694 α.
1224 2659 1432 2708 Receptioues
1469 2661 1567 2695 factae
1599 2661 1704 2696 nullae
1735 2661 1841 2697 decta=
