2274 3265
200 271 242 296 λιι.
261 270 289 296 C.
311 271 376 298 130'1

226 780 233 792 k
266 777 379 794 ΠἨᾸΙἘ·

262 810 270 823 e
296 805 333 823 liae
359 805 378 824 in

233 841 241 853 s
259 841 299 854 non
323 836 377 855 roci-

230 1416 339 1437 (ansula-

449 262 513 294 180

392 329 478 370 dere,
507 327 613 373 ibique
642 338 697 372 pro
722 334 831 360 restris
854 325 966 360 usibus
988 326 1140 365 aedificia,

392 376 605 419 monasteria,
643 374 792 409 ecclesias
838 387 894 410 seu
929 375 1061 410 oratoria
1104 388 1139 409 ex

392 425 596 470 permissione
619 432 647 458 et
671 423 793 458 indulto
825 432 931 459 nostro
960 432 1141 459 construere

392 474 489 509 libere
519 474 655 517 valeatis,
680 485 737 508 nec
760 473 789 507 in
813 473 1000 508 accedentes
1033 473 1142 508 fratres

391 532 419 558 et
455 523 627 558 monachos
662 532 782 557 vestros
812 536 867 557 seu
907 531 1143 558 constructores

391 572 572 607 huiusmodi
608 584 664 606 seu
701 579 909 617 receptatores
943 584 1052 606 eorum
1088 584 1142 606 ex-

391 621 688 657 communicationis
714 629 761 655 iet
784 621 938 655 interdicti
969 621 1142 655 sententias

393 671 515 718 possint
542 670 691 718 proferre.

443 724 457 763 ξ
497 722 548 754 15.
593 719 804 754 probibemus
839 719 977 764 insuper,
1015 731 1052 752 uc
1089 717 1142 751 ulli

395 769 523 804 fratrum
548 776 723 803 vestroruin
753 776 823 813 post
843 768 952 801 factam
979 767 1008 800 in
1034 778 1144 800 mona—

395 818 490 853 sterio
506 827 609 852 vestro
634 817 679 851 vel
703 817 731 850 in
752 816 820 850 aliis
844 816 920 850 locis
939 815 1050 850 vestris
1065 815 1145 849 cius-

395 868 466 901 dem
494 867 616 901 ordinis
639 865 879 912 professionem,
921 864 965 898 fas
998 863 1038 898 sit
1077 865 1144 897 siue

395 916 516 950 abbatis
543 916 591 950 sui
619 914 745 949 licentia
775 914 918 948 ordinem
956 913 1059 959 ipsum
1095 925 1145 947 re-

395 966 549 1011 linquere,
572 972 600 998 et
623 963 661 998 ad
685 963 788 997 locum
811 961 973 1008 religionis
1007 961 1144 1002 alterius,

396 1014 440 1048 vel
463 1013 500 1048 ad
529 1013 672 1048 ordinem
696 1011 792 1046 alium
813 1024 846 1046 se
868 1010 1061 1050 transterie;
1097 1010 1146 1045 di-

394 1062 562 1097 scedentes
585 1074 656 1096 iero
674 1060 775 1101 aliter,
796 1059 901 1095 nullus
916 1060 1147 1106 cuiuscumque

396 1111 558 1157 religionis
583 1110 630 1144 vet
653 1118 753 1144 status
772 1110 894 1150 existat,
922 1108 1035 1143 audeat
1067 1108 1147 1143 reti-

396 1173 488 1195 nere:
514 1159 598 1206 quod
626 1159 651 1193 si
673 1171 766 1194 secus
804 1159 919 1193 sactum
949 1158 1061 1212 suerin,
1084 1165 1145 1191 tam

395 1209 576 1253 discedens,
599 1221 692 1255 quarn
717 1209 741 1242 is
768 1220 824 1242 seu
848 1207 915 1248 illi
950 1207 1003 1254 qui
1043 1207 1146 1253 ipsum

396 1259 488 1293 talem
511 1257 700 1312 receperint
728 1258 753 1291 si
783 1256 927 1303 requisiti
948 1268 1020 1290 eum
1057 1267 1072 1289 a
1114 1268 1148 1290 se

397 1320 457 1342 non
487 1307 653 1342 reiecerint
681 1305 758 1340 infra
790 1318 946 1346 mensem
969 1305 1039 1352 ipso
1069 1304 1148 1339 facto

396 1356 581 1391 sententian]
611 1355 949 1390 excommunicationis
975 1354 1147 1389 incurrant.

445 1409 460 1449 ἓ
493 1407 544 1439 14
570 1404 778 1439 Decernimus
805 1416 892 1450 eigo,
917 1412 951 1438 ut
979 1403 1056 1437 nulli
1080 1415 1149 1437 om-

397 1455 473 1489 nino
495 1454 659 1489 hominum
691 1453 781 1487 liceat
827 1452 1027 1496 monasteria,
1063 1452 1150 1499 prio-

398 1513 492 1543 ratus,
517 1502 656 1538 membra
684 1511 713 1537 et
741 1502 807 1536 loca
844 1501 1004 1549 praedicta
1030 1509 1149 1536 temere

399 1552 580 1599 perturbare
602 1560 653 1586 aut
682 1563 791 1586 eorum
816 1550 1035 1598 possessiones
1057 1558 1111 1584 etc.

446 1601 518 1636 Eoo
544 1600 750 1635 Bfixemcrcs
785 1600 954 1635 catholicae
989 1598 1150 1634 Ecclesiae

397 1652 577 1697 episcopus.

447 1699 515 1745 Ego
538 1698 672 1734 loannes
693 1698 864 1733 Tusculan.
893 1697 1074 1744 episcopus.

446 1748 515 1794 Ego
533 1748 750 1783 Tlieodoricus
776 1747 909 1782 civitatis
942 1746 1058 1794 Populi
1084 1747 1152 1794 epi-

398 1810 523 1844 scopus.

448 1847 514 1894 Ego
537 1845 724 1881 Leonardus
751 1845 863 1880 Alban.
892 1845 1075 1892 episcopus.

449 1896 516 1943 Ego
540 1896 651 1930 Petrus
678 1895 788 1930 Sabin.
821 1895 1001 1942 episcopus.

449 1945 515 1992 Ego
538 1946 632 1981 frater
663 1946 796 1980 Ioannes
830 1944 979 1980 Portuen.

401 2009 469 2043 pus.

448 2045 514 2092 Ego
537 2045 672 2081 Ioannes
700 2046 746 2080 tit.
765 2045 955 2079 Sanctorum
978 2044 1152 2080 Marcellini

400 2108 428 2133 et
457 2099 542 2135 Petri
571 2099 732 2147 presbyter
754 2097 934 2133 cardinalis.

449 2154 517 2200 Ego
539 2153 633 2188 frater
654 2152 814 2187 Robertus
854 2152 899 2186 tit.
922 2151 1057 2187 Sanctae
1080 2151 1153 2186 Pu-

400 2208 566 2243 dentianae
594 2206 757 2254 presbyter
784 2205 963 2240 cardinalis.

449 2262 515 2308 Ego
539 2262 633 2296 frater
660 2261 795 2296 Gentilis
817 2260 896 2295 tituli
924 2259 1031 2294 Sancti
1067 2259 1153 2294 Mar-

401 2317 456 2350 tini
480 2317 509 2351 in
532 2316 691 2351 Montibus
715 2315 877 2362 presbyter
900 2314 1077 2348 cardinalis.

450 2369 516 2416 Ego
538 2369 698 2416 Neapoleo
733 2368 841 2403 Sancti
876 2368 1006 2403 Adriani
1043 2367 1152 2403 diaco-

402 2437 462 2458 nus
481 2423 658 2458 cardinalis.

452 2478 519 2525 Ego
546 2477 756 2524 Londulplius
794 2476 901 2511 Sancti
937 2475 1049 2522 Angeli
1086 2475 1154 2510 dia-

402 2544 501 2567 conus
528 2532 708 2567 cardinalis¹

452 2586 519 2632 Ego
541 2585 720 2621 Guilelmus
749 2584 855 2621 Sancti
880 2583 1001 2620 Nicolai
1026 2583 1056 2618 in
1084 2584 1154 2619 Car·

404 2651 472 2673 cere
499 2639 643 2673 Tulliano
672 2638 825 2673 diaconus
849 2638 1027 2674 cardinalis.

1025 1946 1152 1993 cpisco-

960 272 1145 294 utJLLAntml
1173 271 1335 294 noumml

1232 325 1297 372 Ego
1332 325 1519 360 Franciscus
1559 324 1593 359 S.
1621 324 1738 359 Luciae
1774 324 1805 359 in
1838 323 1936 359 Silicc.

1182 375 1335 411 diaconus
1362 373 1542 409 cardinalis.

1231 425 1299 470 Ego
1322 422 1510 458 Franciscus
1522 423 1657 458 Sanctae
1674 421 1790 457 Mariae
1815 422 1845 456 in
1861 421 1938 456 Cos-

1184 474 1290 509 merlin
1318 473 1473 508 diaconus
1495 470 1675 508 cardinalis.

1231 523 1299 569 Ego
1325 521 1482 557 Ricardus
1511 521 1545 557 S.
1581 520 1744 556 Eustachii
1784 519 1938 555 diaconus

1183 572 1362 607 cardinalis.

1232 621 1299 668 Ego
1321 621 1423 655 Lucas
1445 620 1478 655 S.
1502 619 1619 654 Mariae
1643 618 1673 653 in
1699 618 1754 653 Via
1777 617 1853 652 Lata
1868 617 1934 653 dia·

1183 682 1284 705 conus
1307 669 1487 704 cardinalis.

1234 719 1302 753 Dat.
1331 718 1476 753 Laterani
1501 730 1556 764 per
1578 730 1707 752 manum
1725 716 1856 763 Papiani
1874 718 1939 764 epi-

1183 767 1272 813 scopi
1302 767 1446 802 parmen
1465 766 1500 802 S.
1522 766 1561 801 R
1594 766 1630 801 E.
1674 765 1937 805 vicecancellarii

1185 816 1266 850 eid.
1291 816 1404 859 martii,
1433 815 1540 850 indict.
1566 817 1600 853 2.
1630 815 1860 850 incarnationis
1882 815 1938 849 do-

1187 865 1317 900 minicae
1345 877 1428 899 anno
1453 866 1559 905 1504,
1587 872 1674 911 pont.
1716 876 1788 899 vero
1818 863 1939 900 domini

1186 913 1349 950 Benedicti
1378 912 1441 948 PP.
1464 912 1510 948 XI
1532 925 1614 947 anno
1638 913 1753 960 primo.

1242 973 1302 1004 Dat.
1319 974 1366 1004 die
1384 973 1418 1004 14
1436 974 1532 1003 martii
1554 973 1638 1010 1304,
1655 974 1757 1012 pontif.
1774 983 1850 1003 anno
1867 983 1884 1004 1.

1460 1234 1555 1264 PAPA
1581 1234 1670 1264 CXCV

1348 1304 1439 1335 Anno
1467 1302 1597 1335 Domini
1623 1301 1780 1336 MCCGV.

1191 1382 1286 1456 Post
1315 1422 1408 1456 unius
1432 1422 1496 1456 fere
1517 1421 1590 1455 anni
1612 1420 1706 1455 Sedis
1740 1420 1943 1468 Apostolicae

1191 1471 1395 1511 vacationem,
1410 1470 1461 1505 die
1477 1469 1602 1505 tandem
1617 1471 1638 1504 5
1654 1470 1731 1504 iunii
1753 1473 1942 1506 ann01505

1190 1519 1310 1556 electus
1332 1528 1379 1554 est
1400 1519 1522 1554 Perusii
1546 1519 1577 1553 in
1611 1517 1791 1554 Romanum
1831 1519 1944 1554 Ponti-

1191 1569 1281 1604 licem
1304 1568 1500 1603 Bertrandus
1521 1568 1560 1603 de
1592 1567 1690 1603 Gotto
1717 1568 1846 1603 natione
1874 1568 1943 1604 Va-

1191 1629 1256 1663 sco,
1285 1626 1372 1666 patre
1399 1616 1559 1661 Beraudo,
1586 1606 1848 1664 archiepiscopus
1859 1616 1944 1653 Bur-

1191 1667 1382 1714 degalensis,
1397 1667 1463 1713 qui,
1479 1674 1649 1701 coronatus
1662 1665 1810 1713 Lugduni
1831 1666 1882 1702 die
1899 1670 1944 1702 14

1192 1716 1373 1751 novembris
1400 1715 1541 1750 eiusdem
1563 1716 1650 1760 anni,
1671 1715 1822 1751 Clemens
1834 1715 1943 1757 Quin-

1193 1774 1244 1800 tus
1270 1765 1446 1813 appellatus
1467 1774 1524 1800 est
1564 1764 1654 1800 Sedit
1693 1765 1723 1799 in
1759 1765 1943 1812 pontificatu

1192 1827 1292 1850 annos
1315 1827 1388 1855 vni,
1408 1826 1508 1849 mens,
1532 1827 1568 1859 x,
1584 1815 1653 1851 dies
1673 1827 1726 1856 xv,
1747 1814 1944 1861 temporibus

1194 1866 1365 1901 Andronici
1389 1867 1419 1900 in
1441 1866 1572 1902 Oriente
1598 1868 1799 1916 imperatoris
1820 1873 1851 1903 et
1882 1865 1945 1900 ΑΙ-

1192 1919 1270 1954 berti
1295 1932 1370 1955 mox
1394 1919 1535 1960 Henrici,
1566 1932 1676 1966 regum
1715 1919 1944 1954 Romanorum.

1192 1972 1279 2007 Obiit
1303 1971 1541 2016 Carpentoracti
1566 1970 1616 2005 die
1643 1972 1690 2004 20
1721 1969 1830 2017 aprilis
1862 1980 1946 2003 anno

1197 2024 1301 2056 1514.
1325 2020 1453 2056 Vacavit
1479 2020 1571 2055 sedes
1597 2032 1648 2056 an.
1678 2032 1715 2060 11,
1743 2031 1844 2054 mens.
1883 2030 1921 2054 ιιι
1938 2046 1945 2059 ,

1193 2071 1262 2105 dies
1285 2083 1377 2105 xvm.

1557 2197 1581 2232 l.

1237 2271 1483 2306 Saecularizatio
1513 2271 1662 2305 Ecclesiae
1685 2272 1891 2316 Burdeyalen.

1304 2322 1422 2355 ordinis
1450 2321 1561 2355 Sancti
1588 2322 1756 2365 Augustini
1775 2322 1833 2363 (ll.

1458 2391 1673 2422 SUMMARtUM

1194 2459 1360 2489 Exordium.
1390 2476 1428 2481 —
1460 2460 1484 2489 l.
1514 2459 1627 2488 Causae
1658 2459 1747 2489 liuius
1781 2459 1945 2489 saeculari-

1234 2505 1318 2534 zandi
1339 2503 1498 2534 Ecclesiae.
1524 2520 1563 2525 —-
1584 2503 1654 2533 Eam
1679 2502 1880 2533 saecularizat:
1909 2519 1948 2525 —

1234 2549 1261 2577 Ξ.
1284 2549 1508 2587 Canonicosque
1524 2548 1692 2578 saeculares
1711 2547 1740 2577 in
1759 2557 1792 2578 ea
1815 2548 1947 2578 decernit

1236 2593 1442 2623 instituendos.
1465 2609 1504 2614 —
1526 2592 1552 2622 3.
1568 2591 1734 2622 Clausulae.

1231 2650 1270 2684 (t)
1288 2650 1327 2676 Ex
1346 2650 1451 2685 aegest.
1470 2649 1553 2676 Vatic.

1950 268 1998 295 An.
2018 268 2045 295 C.
2066 268 2133 295 ¹305
