2274 3265
238 278 285 304 Au.
305 278 330 303 C⁴
354 277 418 303 133ἶὸ

251 1561 352 1581 praetatis
375 1561 422 1579 data

239 1593 327 1612 [amittas

238 1624 333 1643 censui-is
349 1621 421 1641 absol<

239 1655 299 1673 »endi
316 1659 360 1672 enni
377 1653 421 1672 cis-

238 1690 277 1710 que
293 1685 421 1709 dispensan-

252 1717 255 1734 i
279 1720 341 1740 super
365 1716 388 1733 iri

237 1745 355 1771 gularitate.
377 1747 418 1764 ote,

357 1596 393 1611 208
410 1597 422 1610 u

248 2345 378 2364 Obstannum
390 2344 424 2363 de-

243 2385 246 2397 t
254 2382 329 2403 ogutto.

483 265 552 296 328

434 330 457 363 si
481 341 560 375 opus
595 326 697 365 tuerit,
731 336 862 359 censura
905 323 997 359 simili
1040 323 1181 370 compel-

433 379 547 412 lantur.

483 427 503 471 ᾖ
531 428 562 459 7.
587 425 626 459 Et
649 424 721 470 quia
745 422 838 457 nimia
863 422 972 468 rigoris
996 421 1040 455 vel
1066 434 1182 467 poena-

326 480 419 500 '‹·0··'*
435 475 472 510 lis
494 487 549 510 seu
570 472 802 521 poenitentialis
827 472 990 519 asperitas,
1020 471 1060 505 ob
1087 471 1182 516 fragi-

234 513 383 533 imminuenda.

435 525 551 559 litatem
592 522 694 557 carnis
728 521 897 564 humanae,
939 533 999 554 non
1028 519 1181 558 aedificat,

434 573 488 607 sed
529 571 721 618 corrumpit,
761 571 906 605 volumus
939 577 968 603 et
1000 568 1182 603 ordinamus

434 634 505 668 erga
527 633 638 657 omncs
660 628 816 667 apostatas
839 618 1048 665 supradictos,
1071 629 1183 663 quem-

434 672 507 707 libet
531 672 670 718 ipsorum
711 682 765 716 per
791 680 900 703 eorum
926 667 1092 714 praelatos,
1114 678 1183 699 scr-

434 731 504 757 vato
544 719 724 766 subscripto
752 716 978 759 moderamine,
1007 715 1181 762 provideri:

434 771 553 806 scilicet
567 769 652 817 quod
676 768 734 815 ipsi
752 766 877 814 praelati
897 765 977 800 circa
1001 763 1181 799 huiusmodi

433 827 602 867 apostatas.
637 817 759 852 etiamsi
795 822 866 849 ante
902 814 948 847 vet
977 821 1047 860 post
1073 825 1182 858 eorum

433 869 619 915 apostasiam
642 876 791 901 excessus
812 864 842 898 in
865 862 974 897 ordine
993 874 1051 896 suo
1067 861 1112 897 vel
1136 873 1184 896 ex-

435 927 479 952 tra
522 917 608 951 illum
650 913 880 955 commiserint,
907 920 935 945 et
967 911 1102 959 proinde
1138 911 1184 945 vel

434 967 528 1000 etiam
559 977 596 1000 ex
619 974 817 1010 quacumque
840 960 897 996 alia
921 973 1013 995 causa
1049 960 1079 994 in
1108 972 1185 1007 apo-

434 1015 559 1049 stasiam
592 1011 774 1047 huiusmodi
806 1010 884 1057 lapsi
914 1009 1040 1048 suerint,
1065 1010 1109 1043 vel
1133 1021 1185 1043 or-

433 1064 518 1098 dinis
535 1063 583 1097 sui
608 1072 749 1096 carceres
772 1059 961 1105 effregerint,
981 1070 1035 1092 seu
1051 1058 1089 1092 ab
1110 1058 1186 1105 ipsis

434 1113 603 1151 evaserint,
626 1109 710 1158 quod
731 1109 775 1144 eis
799 1120 929 1154 poenam
946 1119 1002 1142 seu
1023 1108 1186 1154 poeniten-

435 1163 506 1196 tiam
521 1161 687 1196 salutarem
707 1159 882 1205 imponant,
900 1157 984 1191 iuxta
999 1156 1184 1190 eorumdem

434 1210 579 1246 ordinum
615 1215 728 1243 statuta
764 1207 910 1252 antiqua:
945 1217 1039 1252 quam
1082 1212 1185 1240 tamen

435 1271 567 1306 poenam
595 1270 649 1293 seu
684 1256 907 1304 poenitentiam
937 1255 980 1289 sic
1003 1255 1097 1289 etiam
1127 1254 1187 1287 mi-

435 1307 633 1343 sericorditer
661 1306 805 1340 volumus
833 1304 1012 1350 temperari,
1035 1303 1118 1350 quod
1149 1303 1186 1336 ii-

435 1357 506 1392 ‹lem
529 1363 691 1404 apostatae
715 1362 832 1389 terrore
847 1353 976 1387 ultionis
997 1365 1052 1387 seu
1068 1364 1186 1399 poenae

435 1419 450 1440 a
482 1405 664 1453 sumptione
700 1415 828 1438 suorum
853 1402 1013 1448 religionis
1039 1410 1067 1436 et
1096 1401 1187 1435 liabi-

437 1463 487 1490 tus
515 1455 644 1489 minime
668 1452 877 1487 retrahantur.

484 1508 499 1547 5
515 1505 546 1538 8.
560 1503 694 1549 Insuper
708 1500 891 1536 memoratis
906 1499 1053 1546 praelatis
1065 1511 1189 1533 eorum-

436 1553 509 1588 dem
531 1559 757 1599 apostatarum,
774 1550 875 1583 dictos
898 1556 1067 1595 apostatas,
1090 1548 1126 1581 ad
1144 1559 1188 1581 re-

437 1603 585 1648 ligionem
606 1612 695 1635 suam
720 1599 883 1646 pristinam
908 1597 954 1631 vel
982 1597 1074 1631 aliam
1090 1597 1187 1630 Mon-

435 1651 608 1686 dicautium
626 1677 633 1689 ,
670 1656 703 1682 nt
732 1646 945 1694 praetangitur
963 1673 970 1685 ,
996 1646 1186 1683 redeuntes,

410 1699 615 1735 -absolrendi
640 1698 697 1733 liae
718 1698 793 1737 rice,
818 1697 902 1730 iuxta
927 1695 1057 1729 sormam
1082 1694 1187 1729 Eccle-

434 1750 509 1789 siae,
532 1748 571 1783 ab
594 1744 930 1783 excommunicationis
953 1744 1108 1779 sententia
1126 1771 1133 1783 ,
1158 1744 1186 1777 in

434 1811 526 1846 quam
563 1796 769 1844 apostatando
802 1795 903 1830 taliter
927 1793 1130 1833 inciderunt;
1158 1801 1188 1826 et

434 1860 505 1882 cum
530 1846 575 1881 eis
599 1858 694 1892 super
717 1843 958 1891 irregularitate,
977 1854 1071 1889 quam
1095 1854 1189 1876 occa-

434 1898 523 1931 sione
541 1895 714 1943 apostasiae
727 1892 907 1928 huiusmodi
924 1892 970 1926 vel
984 1892 1071 1930 alias,
1086 1891 1186 1925 forsan

434 1947 482 1979 sic
514 1945 600 1991 ligati
635 1944 738 1978 divina
774 1942 874 1977 officia
898 1940 1100 1983 celebrando,
1125 1940 1187 1973 imo

436 1993 540 2029 verius
580 1992 807 2040 proplianando
842 1998 895 2025 aut
929 1990 990 2024 illis
1025 2002 1057 2024 se
1081 1989 1188 2023 immi-

435 2042 553 2078 scendo
570 2071 578 2083 ‚
610 2041 831 2076 damnabiliter
855 2041 1068 2079 incurrerunt,
1098 2046 1188 2084 prout

435 2091 620 2126 eorumdem
645 2097 857 2138 apostatarum
877 2088 968 2123 saluti
994 2087 1086 2122 iidem
1104 2098 1189 2134 prae-

437 2142 487 2176 lati
516 2140 666 2187 expedire
705 2138 863 2177 viderint.
889 2136 1094 2184 dispensandi
1120 2135 1188 2182 plc-

438 2203 509 2225 nam
544 2198 574 2224 et
607 2189 736 2223 liberam
773 2186 982 2222 concedimus
1004 2186 1189 2220 auctoritate

437 2239 606 2287 apostolica
630 2245 828 2284 potestatem.

487 2292 501 2331 ξ
529 2289 562 2322 9.
599 2287 669 2322 Non
704 2285 906 2321 obstantibus
932 2283 1188 2331 quibuscumque

439 2337 563 2372 statutis
596 2344 627 2371 et
664 2334 953 2370 consuetudinibus
974 2331 1189 2380 quorumlibet

439 2387 598 2427 ordinum,
622 2385 825 2420 ecclesiarum
840 2411 849 2427 ,
873 2382 1135 2417 monasteriorum
1159 2388 1188 2415 et

439 2437 572 2471 aliorum
588 2435 727 2469 locorum
744 2433 989 2481 praedictorum,
1002 2431 1189 2469 iuramento,

439 2485 680 2520 confirmatione
706 2483 877 2530 apostolica
895 2482 942 2515 vel
959 2481 1070 2528 quavis
1093 2479 1190 2513 firmi-

441 2543 502 2569 tate
531 2534 591 2568 alia
620 2532 773 2568 roboratis
800 2531 846 2566 vel
871 2531 963 2565 etiam
993 2528 1164 2577 privilegiis
1182 2555 1189 2567 ‚

442 2583 647 2629 indulgentiis
669 2590 720 2616 aut
744 2581 840 2616 literis
854 2579 1035 2628 apostolicis
1050 2590 1105 2613 seu
1121 2577 1190 2611 aliis

441 2632 709 2679 quibuscumque,
724 2642 779 2678 per
795 2642 875 2677 quae
892 2627 1111 2676 praesentibus
1128 2638 1189 2660 non

1012 267 1195 290 nrunttttutt

1221 266 1346 288 ΚΟΜΗΣ(
1358 266 1379 287 Μ

1223 334 1370 369 expressa
1387 321 1431 354 vel
1457 321 1592 355 totaliter
1614 332 1675 354 non
1699 319 1824 362 inserta,
1844 320 1975 354 effectus

1223 384 1329 405 earum
1356 369 1500 416 impediri
1539 368 1636 403 valeat
1668 368 1904 415 quomodolibet
1928 368 1973 402 vel

1224 420 1363 454 dill'erri:
1396 426 1423 452 et
1463 418 1501 452 de
1538 418 1654 464 quibus
1676 429 1877 464 quorumque
1902 417 1975 451 totis

1225 468 1389 503 tenoribus
1423 468 1461 502 dc
1490 467 1584 501 verbo
1619 466 1656 500 ad
1687 465 1819 500 verbum
1849 465 1973 512 plenam

1223 526 1253 551 et
1281 529 1459 564 expressam
1489 524 1644 562 oporteret
1676 515 1706 548 in
1737 515 1851 549 nostris
1878 514 1974 549 literis

1225 567 1289 600 lieri
1320 567 1523 600 mentionem.

1272 622 1286 658 ᾗ
1315 618 1366 649 10.
1395 615 1436 649 Ut
1458 622 1562 649 autem
1587 613 1781 648 voluntatum
1805 621 1835 648 et
1850 612 1977 648 ordina-

1225 665 1344 700 tionum
1362 675 1536 700 nostrarum
1553 664 1808 711 praemissarum,
1830 664 1978 698 aliorum·
2006 690 2029 702 a„

1224 728 1285 762 que
1298 715 1446 761 superius
1459 726 1680 760 expressorum
1696 713 1866 760 exequutio
1877 725 1979 759 prom·
2007 720 2038 732 Μ»

1226 766 1309 813 ptior
1331 773 1360 799 et
1390 763 1546 799 efficacior
1577 763 1807 810 subsequatur,
1832 761 1978 796 volumus

1225 823 1253 849 et
1284 814 1483 856 mandamus,
1505 813 1590 859 quod
1614 812 1794 855 ordinariis,
1822 810 1978 858 praelatis,

1226 863 1374 910 apostatis
1406 874 1441 896 ac
1478 861 1633 906 religiosis
1667 860 1833 908 praedictis
1869 868 1980 906 peten-

1226 912 1332 955 tibus,
1363 912 1447 946 iuxta
1475 911 1656 957 qualitatem
1691 922 1820 945 casuum
1850 921 1980 943 eorum—

1226 961 1310 1005 dem,
1345 968 1525 1007 opportune
1553 959 1628 1006 ipsis
1662 959 1768 993 literae
1789 958 1979 1005 apostolicae

1226 1009 1451 1045 concedantur.

1275 1059 1359 1093 Nulli
1395 1070 1469 1103 ergo
1511 1057 1641 1091 omnino
1683 1056 1847 1091 bominum
1889 1055 1981 1090 liceat

1228 1108 1308 1143 lianc
1332 1108 1476 1155 paginam
1494 1114 1671 1141 nostrarum
1697 1105 1905 1143 voluntatum,
1928 1116 1981 1138 or-

1227 1157 1442 1196 dinationum,
1467 1155 1686 1190 mandatorum
1710 1163 1739 1189 et
1768 1153 1981 1189 concessionis

1228 1206 1411 1252 infringere,
1439 1212 1492 1240 etc.

1277 1255 1392 1290 Datum
1418 1253 1592 1297 Avenione,
1619 1251 1857 1300 quintodecimo
1880 1250 1983 1285 kalen-

1228 1304 1283 1339 das
1307 1305 1385 1345 iulii,
1410 1303 1612 1351 pontificatus
1641 1302 1737 1336 nostri
1761 1313 1844 1335 anno
1868 1301 1980 1346 primo.

1268 1361 1328 1390 liat.
1354 1361 1400 1390 die
1435 1361 1469 1390 17
1495 1359 1568 1389 iunii
1589 1359 1674 1395 1335,
1698 1357 1799 1397 pontif.
1825 1366 1901 1387 anno
1923 1365 1941 1386 1.

1582 1520 1635 1554 111.

1233 1603 1324 1643 Quod
1349 1603 1461 1646 fratres
1488 1601 1697 1634 Mendicanles
1719 1601 1761 1633 ad
1787 1600 1907 1632 ordines
1921 1610 1983 1631 mo-

1279 1663 1426 1685 nacorum
1466 1651 1638 1695 Nigrorum
1673 1656 1698 1682 el
1741 1648 1981 1682 Cisterct'enst'wn

1280 1702 1411 1735 transire
1430 1713 1490 1733 non
1510 1701 1625 1744 possint
1644 1701 1756 1744 absque
1779 1699 1899 1732 licentia
1925 1697 1983 1730 Ro-

1279 1752 1366 1784 mani
1389 1751 1560 1795 Pontificis.

1494 1826 1709 1858 sUMMARttJM

1230 1899 1397 1929 Exordium.
1415 1916 1454 1921 —
1477 1900 1500 1928 l.
1521 1898 1632 1927 Causae
1657 1897 1745 1926 buius
1765 1895 1982 1935 prohibitionis.

1269 1945 1295 1973 Ξ.
1316 1944 1478 1974 Prohibitio
1497 1944 1542 1979 (de
1560 1953 1610 1982 qua
1628 1944 1655 1972 in
1684 1941 1816 1978 rubi-ica)
1828 1958 1867 1962 —
1885 1940 1911 1970 3.
1927 1939 1985 1969 Ob-

1271 1989 1409 2018 stantiuni
1434 1987 1593 2025 derogatio.
1611 2004 1650 2008 —
1666 1987 1695 2016 4.
1713 1985 1880 2015 Clausulae.

1274 2060 1432 2089 Benedictus
1455 2059 1598 2094 episcopus
1616 2064 1711 2085 servus
1730 2062 1869 2085 servorum
1882 2054 1937 2087 Dei,

1364 2109 1397 2136 ad
1430 2108 1592 2143 perpetuam
1611 2107 1652 2134 rei
1680 2105 1848 2134 memoriam.

1279 2178 1575 2226 Regularenrvitam
1594 2178 1741 2224 professis
1763 2177 1888 2224 expedit
1911 2175 1987 2210 snb-

1231 2230 1309 2264 trabi
1332 2241 1458 2263 omnem
1493 2227 1721 2274 inquietudinis
1743 2234 1773 2260 et
1796 2225 1984 2260 turbationis

1232 2279 1407 2321 materiam,
1434 2289 1497 2323 quo
1521 2277 1551 2310 in
1580 2275 1858 2321 contemplationis
1879 2274 1984 2309 suavi-

1232 2336 1291 2362 tate
1310 2327 1473 2374 quiescere
1491 2326 1624 2366 valeant,
1643 2334 1671 2359 et
1692 2324 1894 2371 tranquillum
1911 2323 1984 2358 red-

1231 2377 1304 2411 dere
1329 2377 1466 2410 Domino
1494 2375 1689 2409 famulatum.

1280 2431 1295 2469 §
1323 2429 1350 2460 1.
1378 2425 1458 2459 Cum
1496 2424 1591 2469 igitur
1613 2436 1649 2458 ex
1677 2435 1727 2466 eo,
1749 2422 1834 2470 quod
1860 2422 1984 2469 profes-

1231 2488 1317 2510 sores
1345 2475 1491 2509 ordinum
1528 2473 1775 2507 Mendicantium
1807 2471 1844 2506 ad
1874 2483 1983 2505 mona-

1232 2537 1339 2559 corum
1355 2524 1523 2570 Nigrorum
1538 2530 1567 2557 et
1582 2521 1838 2556 Cistereiensium
1856 2520 1983 2555 ordines

1232 2581 1462 2609 consueverunt
1492 2573 1680 2619 plerumque
1702 2571 1846 2613 transire,
1869 2569 1984 2604 multas

1234 2625 1261 2657 in
1290 2623 1381 2657 dictis
1417 2621 1580 2657 ordinibus
1616 2620 1821 2665 turbationes,
1856 2618 1984 2653 infesta-

1990 263 2039 289 An.
2061 263 2090 289 t).
2109 262 2176 288 ¹555

2004 621 2128 641 Petentibns
2148 621 2175 640 li-

1991 656 2051 672 teme
2073 652 2177 678 apostoli-

2050 683 2175 703 eonceden—

2032 2188 2148 2209 Exordium,

2011 2430 2090 2450 Causae
2123 2430 2182 2450 liuius

1999 2461 2147 2488 prohibitionis
