2274 3265
201 282 252 309 An.
269 282 297 308 C.
318 280 383 307 ¹572

210 1227 339 1248 §cauturium
349 1225 385 1246 Le-

203 1259 305 1278 movleen
322 1263 385 1283 prae-

203 1289 294 1307 sentuno
308 1287 384 1312 Grego-

204 1321 234 1339 rio
263 1322 385 1343 reservata,

204 1352 291 1376 eiusque
334 1356 386 1370 con—

203 1381 333 1405 sanguineis,

448 266 517 300 546

397 342 425 366 et
439 330 596 369 converti,
619 326 742 375 quodsi
768 325 907 364 tandem,
922 325 1087 359 clementia
1101 324 1147 358 di-

398 383 464 414 vina
479 378 721 423 l'avente,aliquo
732 384 870 421 tempore
886 374 1065 408 huiusmodi
1079 373 1145 407 red·

396 432 479 464 ditus
492 437 521 462 et
544 436 712 474 proventus
735 426 812 459 adeo
835 425 1040 463 excreverint,
1060 422 1142 469 quod

396 492 433 512 ex
457 479 502 512 cis
528 485 632 524 posset
657 487 807 509 numerus
820 474 1010 507 scholarium
1027 472 1144 518 angeri,

398 528 542 562 volumus
565 535 592 560 et
622 526 822 567 ordinamus,
850 522 935 569 qnod
965 520 1144 556 huiusmodi

398 577 576 611 reddituum
590 582 813 614 excrescentia,
830 573 914 606 iuxta
932 571 1060 605 sormam
1080 582 1145 616 pro·

398 627 526 660 visionis
560 637 614 671 per
645 636 700 658 uos
727 630 905 656 annotatam
942 621 1090 667 superins
1116 628 1145 652 et

396 677 593 722 dispositam,
611 675 638 708 in
662 680 891 719 augumentum
917 669 1037 703 numeri
1051 669 1147 703 scho-

397 727 506 760 larium
539 732 754 758 convertatur:
779 722 816 754 ita
847 728 949 754 tamen
972 718 1069 765 quod,
1090 718 1146 750 ha-

397 776 457 809 hita
478 775 564 821 prins
582 773 723 818 diligenti
743 770 969 804 deliberatione
991 780 1061 801 cum
1083 774 1147 800 toto

396 825 529 870 collegio
556 833 585 856 et
615 824 684 855 eins
708 818 942 856 visitatoribus,
969 817 1008 850 de
1031 816 1147 862 quihus

397 882 551 908 statuetur
568 872 708 909 interius,
731 869 899 914 amplietur
921 867 1006 912 prius
1022 865 1147 907 domus,

397 933 428 957 et
449 924 549 957 taliter
571 928 706 967 aptetur,
721 917 806 966 quod
823 929 933 951 omnes
953 916 1030 949 intra
1048 915 1145 961 ipsam

397 974 526 1007 domum
566 980 595 1004 et
630 970 688 1003 snb
715 967 827 1002 eodem
864 966 1014 1011 regimine
1054 963 1146 997 simul

398 1021 595 1056 inhabitent:
628 1019 752 1066 proviso
780 1028 905 1062 semper
932 1014 1016 1062 quod
1047 1025 1148 1048 renia—

398 1079 490 1106 neant
528 1068 670 1103 redditus
709 1067 878 1113 ampliores
913 1073 942 1098 et
978 1064 1147 1103 introitus,

397 1133 491 1169 quam
514 1118 687 1154 ascendant
709 1127 876 1162 expensae.

446 1170 466 1217 g
488 1173 520 1204 9.
548 1167 715 1202 Caeterum
739 1165 841 1205 nobis,
864 1163 1013 1211 quamdiu
1030 1161 1147 1197 Christi

399 1221 496 1267 gratia
532 1219 562 1252 in
593 1216 739 1251 humanis
766 1227 910 1261 agemus,
936 1213 1148 1260 provisionem

400 1279 428 1304 et
451 1267 688 1315 dispositionem
713 1265 815 1299 dictae
837 1263 970 1306 domus,
998 1275 1032 1296 ac
1057 1275 1149 1295 rece—

403 1321 539 1365 ptionem
563 1326 592 1350 et
616 1315 845 1350 institutionem
870 1312 1077 1353 scholarium,
1092 1323 1150 1357 po-

403 1377 544 1403 testatem
567 1378 695 1413 quoque
716 1363 907 1410 supplendi,
936 1361 1149 1398 emendandi,

403 1418 536 1452 addendi
560 1425 589 1449 et
613 1428 668 1462 pro
688 1423 811 1448 nostrae
836 1412 1002 1446 voluntatis
1022 1410 1150 1444 arbitrio

402 1465 630 1504 commutandi,
646 1463 775 1498 tollendi
789 1472 817 1496 et
833 1462 967 1508 augendi
982 1473 1149 1495 numerum

404 1517 574 1563 praefatum
598 1527 633 1549 ac
648 1514 751 1548 omnia
777 1514 946 1559 praemissa
970 1520 999 1544 et
1019 1509 1152 1544 subscri-

405 1576 453 1614 pta
479 1565 674 1600 omnifariam
699 1574 906 1597 reservamus.
923 1560 1021 1594 Nobis
1035 1568 1151 1601 autem,

406 1625 490 1651 iuxta
518 1616 641 1649 divinae
670 1612 888 1660 permissionis
907 1609 1152 1656 beneplacitum,

403 1668 442 1700 tle
465 1664 620 1712 praesenti
637 1664 705 1697 lnce
719 1661 900 1704 subtractis,
918 1659 1077 1693 Ecclesiae
1093 1658 1152 1692 Ro-

405 1727 515 1750 manae
537 1711 758 1752 cardinales‚si
771 1711 824 1757 qui
843 1710 969 1753 fuerint,
984 1709 1023 1742 de
1038 1719 1153 1753 genere

407 1774 510 1799 nostro
524 1763 700 1798 successive
723 1769 753 1795 et
773 1760 926 1805 gradatim
957 1771 1053 1792 unum
1083 1764 1154 1803 post

406 1815 499 1849 alium
535 1812 711 1847 secundnm
736 1810 993 1857 propinquiorem
1021 1809 1153 1853 gradum

407 1865 587 1898 attinentiae
632 1862 661 1895 in
705 1859 956 1907 praesentatione
998 1857 1153 1890 dictorum

409 1913 597 1948 scholarium
623 1911 759 1945 nationis
779 1909 979 1943 Lemovicen.
1011 1907 1155 1940 volumus

409 1963 585 2008 subrogari:
610 1960 728 2008 quibus
748 1971 807 1992 non
831 1957 1011 1992 extantibus
1034 1964 1087 1990 aut
1101 1955 1156 1989 de-

410 2012 600 2054 ficientibus,
625 2011 661 2044 ad
677 2010 821 2044 comitem
844 2007 1010 2041 Bellil'ortis
1033 2006 1157 2051 genito-

411 2075 475 2097 rem
493 2070 648 2099 nostrum,
661 2070 689 2094 et
707 2067 775 2106 post
790 2071 861 2091 eum
878 2058 914 2091 ad
939 2056 1155 2090 vicecomitem

410 2113 527 2146 Turen.
564 2122 749 2156 germanum
786 2115 951 2148 nostrum,
979 2106 1094 2139 deinde
1121 2105 1157 2138 ad

412 2163 491 2196 tilios
517 2161 658 2196 eiusdem
684 2158 886 2195 vicecomltis,
909 2169 944 2190 ac
972 2157 1064 2189 etiam
1092 2156 1159 2189 eins

414 2220 543 2259 nepotes
577 2210 733 2244 naturales
767 2216 795 2241 et
825 2207 981 2252 legitimos
1005 2204 1161 2238 masculos

414 2274 467 2308 per
483 2270 596 2295 rectam
612 2260 773 2293 dumtaxat
790 2258 902 2291 lineam
918 2254 1160 2293 descendentes,

413 2320 441 2344 et
461 2311 519 2344 illis
540 2322 600 2343 non
624 2307 816 2350 extantibus,
832 2307 867 2340 ad
885 2319 970 2344 eum,
986 2306 1038 2352 qui
1055 2316 1163 2338 comes

415 2360 505 2394 fuerit
530 2359 699 2393 Bellisortis
718 2369 772 2404 per
790 2357 902 2390 lineam
923 2355 1128 2389 masculinam
1147 2366 1161 2387 a

415 2408 669 2456 progenitoribus
688 2409 811 2449 nostris,
837 2415 964 2440 auctore
989 2405 1163 2444 Altissimo,

415 2455 1165 2503 descensurtts,einsqueliberosetnepotesnatu-

419 2510 497 2543 rales
510 2518 537 2542 et
553 2508 707 2553 legitimos
720 2519 773 2553 per
796 2515 910 2539 rectam
934 2505 1094 2538 dumtaxat
1120 2503 1164 2536 Ιι-

420 2570 507 2592 neam
530 2557 773 2595 descendentes,
796 2556 902 2602 eisque
927 2552 1164 2591 deficientibus,

421 2620 474 2653 per
495 2607 657 2641 Nicolaum
675 2605 789 2650 Rogeri
811 2616 995 2651 germanum
1023 2610 1164 2637 nostrum

422 2666 450 2691 et
465 2657 534 2691 eius
549 2657 664 2690 liberos
678 2668 713 2689 ac
726 2664 855 2702 nepotes
872 2651 1167 2697 nattnalcsetlegiti-

995 270 1130 292 nunant
1137 269 1181 292 ΠΜ
1210 266 1369 290 ROMANUM

1189 334 1256 356 mos
1279 332 1333 368 per
1354 326 1468 353 rectam
1497 326 1526 350 et
1549 316 1755 351 masculinam
1779 315 1941 352 dumtaxat

1188 372 1301 405 lincam
1332 366 1577 402 descendentes:
1596 374 1626 399 ct
1648 365 1790 408 demum,
1815 365 1853 399 iis
1877 378 1940 401 non

1187 419 1365 454 extantibus
1387 424 1439 451 ant
1461 414 1697 457 deficientibus,
1717 414 1752 447 ad
1768 415 1941 460 proximio-

1189 482 1252 503 rem
1284 469 1322 501 ‹le
1353 473 1460 500 nostro
1487 477 1603 510 genere
1638 477 1654 498 a
1684 463 1940 510 progenitoribus

1189 517 1302 552 nostris
1336 528 1390 562 per
1422 515 1628 548 masculinam
1659 513 1771 547 lineam
1806 513 1941 548 ‹lescen-

1187 568 1314 601 dentem
1350 563 1511 611 perpetuis
1549 562 1748 609 temporibus
1784 562 1938 597 dictorum

1187 615 1378 650 scholarium
1417 613 1618 647 Lcmovicen.
1655 612 1938 659 praesentationem

1190 666 1335 700 volumus
1359 663 1527 711 pertinere.

1236 716 1256 761 g
1293 716 1348 747 to.
1377 712 1561 758 Eorumque
1591 719 1863 759 praesentatorum
1891 711 1940 746 in-

1188 764 1309 798 stitutio
1336 771 1366 797 ct
1388 762 1578 796 examinatio
1607 761 1644 795 ad
1667 762 1852 808 episcopum
1878 761 1939 796 Le·-

1190 814 1412 854 moviccnsem,
1438 811 1490 858 qui
1522 823 1578 858 pro
1605 819 1744 858 tempore
1760 810 1864 850 fuerit,
1881 811 1940 854 vel,

1191 863 1407 897 Lemovicensi
1431 861 1507 896 sede
1532 868 1670 900 vacante,
1690 860 1727 895 ad
1755 861 1939 908 episcopum

1189 912 1346 946 Tutellen.
1386 919 1538 958 perpetuo
1573 911 1744 944 statuimus
1772 911 1940 957 pertinere.

1190 961 1389 996 Scholarium
1418 970 1522 994 antem
1553 959 1729 994 italicorum
1759 969 1942 1007 praesenta-

1190 1013 1306 1045 tionem
1351 1010 1388 1044 ad
1423 1020 1558 1056 quatuor
1592 1009 1737 1043 doctores
1772 1009 1810 1043 de
1853 1010 1943 1044 terris

1191 1061 1361 1101 Ecclesiae,
1380 1060 1438 1103 vel,
1467 1059 1527 1093 illis
1555 1058 1790 1098 deficientibus,
1805 1059 1844 1093 de
1864 1059 1941 1094 locis

1190 1111 1271 1155 aliis,
1286 1110 1340 1157 qui
1358 1122 1414 1156 pro
1430 1118 1572 1156 tempore
1595 1108 1713 1143 fuerint
1735 1108 1942 1156 antiquiores,

1192 1169 1335 1207 respectu
1353 1159 1472 1193 scilicet
1490 1158 1628 1193 lecturae
1652 1170 1712 1191 non
1734 1160 1855 1202 aetatis,
1872 1166 1943 1192 actu

1194 1210 1353 1244 Bononiae
1381 1209 1533 1254 legentes,
1556 1219 1690 1254 quorum
1714 1207 1776 1241 (luo
1799 1208 1861 1242 sint
1888 1207 1946 1241 do-

1191 1269 1294 1294 ctores
1316 1259 1562 1297 canonistarum,
1591 1257 1701 1304 reliqui
1726 1257 1844 1303 legum,
1863 1256 1945 1291 etad

1192 1311 1377 1356 episcopum
1406 1307 1658 1346 Bononiensem,
1686 1307 1738 1352 qui
1770 1308 1863 1341 etiam
1889 1318 1946 1353 pro

1193 1368 1334 1405 tempore
1365 1358 1470 1396 fuerit,
1496 1369 1605 1390 eorum
1629 1356 1892 1390 examinationem
1916 1364 1946 1389 et

1194 1408 1426 1442 institutionem
1453 1415 1523 1454 post
1552 1416 1694 1440 nostrum
1711 1405 1832 1440 obitum
1858 1404 1947 1439 volu-

1195 1471 1264 1492 mus
1293 1466 1447 1505 perpetuo
1481 1466 1509 1490 et
1540 1455 1788 1490 irrevocabiliter
1809 1454 1945 1489 devolvi.

1193 1507 1286 1549 Quod
1319 1507 1344 1540 si
1376 1506 1503 1553 praefati
1533 1505 1679 1539 doctores
1702 1504 1781 1538 infra
1806 1516 1946 1539 mensem

1195 1565 1396 1603 praesentare
1430 1555 1659 1602 quoquomodo
1687 1554 1867 1588 distulerint
1896 1562 1948 1588 aut

1194 1606 1386 1641 concordare
1402 1605 1615 1652 nequiverint,
1627 1603 1664 1638 ad
1681 1603 1947 1650 praesentandum

1194 1670 1228 1690 ea
1249 1657 1314 1690 vice
1337 1668 1397 1690 non
1421 1655 1640 1697 admittantur,
1660 1653 1713 1687 sed
1731 1652 1769 1687 ad
1797 1662 1947 1687 rectorem

1195 1715 1224 1740 et
1247 1705 1444 1740 consiliarios
1466 1704 1541 1739 dicti
1570 1703 1693 1749 collegii
1718 1715 1774 1750 pro
1802 1702 1851 1737 illa
1882 1704 1948 1737 vice

1195 1756 1385 1790 devolvatur.
1410 1754 1578 1788 Monontes
1593 1781 1602 1796 ,
1625 1762 1654 1787 et
1681 1753 1834 1787 attentius
1856 1752 1950 1787 obse-

1196 1814 1319 1840 crantes
1364 1806 1393 1838 in
1430 1803 1568 1838 Domino
1600 1815 1712 1837 omnes
1745 1811 1775 1836 et
1809 1802 1951 1849 singulos

1198 1855 1375 1903 praedictos
1390 1854 1473 1888 iuxta
1489 1853 1634 1887 fiduciam
1652 1861 1681 1886 et
1704 1865 1792 1899 spem
1812 1852 1950 1899 plenam,

1197 1917 1291 1952 quam
1306 1904 1345 1938 de
1360 1905 1436 1950 ipsis
1460 1903 1592 1938 indubie
1614 1903 1770 1948 gerimus,
1793 1911 1952 1949 qnatenus

1198 1955 1284 1989 omni
1302 1955 1424 1993 timore,
1441 1965 1561 1997 amore,
1576 1952 1676 1999 pretio
1701 1953 1744 1986 vel
1762 1953 1835 1986 odio
1859 1959 1952 1999 post-

1200 2004 1322 2051 positis,
1335 2005 1436 2038 soluni
1461 2003 1563 2037 Deum
1579 2002 1730 2036 habentes
1749 2014 1823 2049 prae
1838 2001 1952 2046 ocutis,

1200 2062 1402 2102 praesentent
1424 2061 1453 2087 et
1477 2053 1642 2086 instituant
1666 2052 1695 2086 in
1725 2053 1792 2098 ipso
1819 2051 1952 2098 collegio

1199 2104 1361 2138 scholares
1384 2111 1560 2151 provectos,
1576 2101 1696 2136 dociles
1714 2110 1743 2135 et
1756 2101 1794 2135 ad
1812 2101 1951 2135 studium

1202 2155 1281 2187 hene
1296 2163 1398 2200 aptos,
1423 2154 1502 2186 ritae
1520 2161 1550 2186 et
1573 2152 1821 2186 conversationis
1844 2150 1954 2186 lauda-

1202 2204 1300 2245 biles,
1316 2213 1346 2238 et
1362 2204 1454 2237 honis
1480 2202 1620 2237 moribus
1641 2201 1891 2240 commendatos,
1905 2213 1953 2235 su-

1204 2266 1259 2300 per
1275 2266 1339 2301 quo
1361 2265 1471 2288 eorum
1495 2253 1618 2287 animas
1636 2263 1816 2286 oneramus.
1841 2250 1953 2285 Decla-

1205 2313 1307 2338 rantes
1334 2304 1417 2351 qnod
1446 2303 1471 2337 si
1507 2303 1532 2336 is
1548 2331 1555 2342 ,
1594 2301 1631 2336 ad
1671 2314 1765 2348 quem
1801 2300 1954 2348 spectabit

1205 2354 1412 2399 praesentatio
1422 2353 1467 2387 vel
1479 2353 1632 2387 institutio
1645 2351 1859 2394 Lcmovicen.,
1875 2350 1953 2384 infra

1204 2415 1259 2437 sex
1285 2416 1408 2438 menses
1431 2404 1553 2437 nullum
1577 2401 1886 2448 destinaverit,qnod
1903 2413 1951 2435 re-

1205 2462 1272 2487 ctor
1293 2462 1322 2487 et
1341 2453 1522 2491 consiliarii,
1544 2453 1598 2499 qui
1627 2464 1683 2499 pro
1707 2461 1780 2486 tunc
1808 2460 1899 2486 erunt
1922 2451 1952 2484 in

1206 2502 1290 2536 dicto
1312 2504 1466 2549 collegio,
1492 2503 1592 2537 virum
1617 2510 1798 2549 provectum
1832 2510 1863 2536 et
1885 2501 1954 2536 ido-

1208 2565 1313 2595 neum,
1343 2563 1372 2587 nt
1404 2553 1624 2600 praemittitur,
1642 2552 1761 2599 possint
1784 2551 1955 2586 undecum—

1207 2614 1268 2649 que
1293 2602 1322 2636 in
1343 2603 1411 2649 ipso
1434 2602 1565 2648 collegio
1589 2615 1644 2649 pro
1664 2602 1714 2636 illa
1738 2601 1802 2636 vice
1824 2601 1861 2635 ad
1876 2610 1956 2635 tent—

1208 2665 1266 2699 pus
1289 2652 1447 2699 recipere,
1462 2653 1515 2699 qui
1540 2651 1667 2699 quidem
1690 2651 1778 2686 alteri
1800 2650 1955 2685 destinato

1956 258 2006 283 Αη.
2026 258 2054 284 C.
2073 258 2138 285 1572

1968 714 2066 735 italorum
2083 721 2142 742 prae-

1953 749 2045 766 sentatio
2063 747 2139 772 quibus

1953 779 1979 797 sit
1996 778 2085 797 addicta.
