2274 3265
234 240 280 265 An.
301 240 328 264 (ἶ.
349 239 410 264 1507

255 1782 316 1802 Multa
341 1787 361 1801 §e
386 1787 424 1801 au-

243 1816 305 1834 dnm·
329 1814 352 1832 ah
374 1813 422 1835 illis,

320 1847 423 1871 Pontifex,

244 1881 321 1904 patrari
361 1879 421 1899 mala:

484 228 548 259 188

429 293 555 328 sedulae
595 291 857 326 considerationis
902 291 1096 335 extendens,
1139 303 1174 325 ac

430 342 600 377 subiiciens
628 340 667 375 ab
701 340 775 375 olim
810 352 884 375 suae
918 341 1174 375 considerationis

429 392 564 427 examini
597 390 765 425 diuturnae
800 390 983 425 calamitatis
1018 390 1174 436 angustias

431 443 512 477 illius
550 440 694 486 specialis
735 439 934 475 haereditatis
968 439 1174 480 Doininicao,

431 490 575 525 videlicet
607 491 721 525 Terrae
760 490 893 524 Sanctae
925 490 964 524 ab
997 489 1175 524 infidelibus

431 540 647 576 miserabiliter
682 539 897 580 conculcatae,
932 539 960 573 in
997 551 1057 586 qua
1093 539 1174 573 idern

430 591 530 625 Patris
552 592 667 624 aeterni
692 589 792 624 Filius
820 597 941 623 nostrae
965 589 1066 622 carnis
1089 588 1176 622 indn-

431 648 536 674 mento
559 648 734 683 contectus
762 639 891 673 salutem
909 638 1036 672 humani
1053 650 1132 683 gem
1137 638 1177 671 ιι5

432 691 542 737 pietate
579 689 726 724 ineffabili
751 688 848 722 txtitit
877 696 1041 734 operatus,
1066 700 1176 733 quani—

430 752 491 787 que
512 751 567 774 sua
602 738 672 786 lpse
709 738 803 772 voluit
839 737 991 783 corporali
1028 737 1178 781 insinua-e

432 789 616 844 praesentia,
645 796 673 822 et
698 787 813 835 proprii
836 786 1015 832 aspersione
1043 785 1178 832 Sangui-

432 852 480 873 nis
508 850 704 881 consectare,
740 836 834 870 ιιιιιΙιιι
871 835 1084 870 sollicitudine
1111 843 1179 868 stu-

432 889 499 923 duit
533 887 634 922 eidem
662 895 760 920 terrae
791 884 951 920 retroactis
973 883 1178 931 temporibus

432 938 549 985 quibus
582 935 682 991 potuit
718 934 884 979 remediis,
912 942 945 967 ut
980 933 1113 980 eriperet
1140 932 1179 967 ab

434 1000 508 1034 ipsis
527 986 643 1032 impiis
668 984 843 1019 subvenire

481 1036 501 1084 S
523 1040 555 1070 5
587 1035 625 1069 Et
648 1034 718 1081 quia
739 1034 818 1067 inter
841 1041 992 1075 caeteros
1015 1044 1096 1080 quos
1114 1044 1182 1087 pro-

317 1099 320 1111 ¹
354 1098 419 1111 ¹¹¹¹·1·
435 1087 525 1120 lessio
546 1084 733 1119 christianae
757 1083 916 1129 religionis
944 1082 1093 1121 includit
1122 1096 1180 1115 ιιιι-

328 1157 339 1172 ιι
360 1128 501 1171 „afflues
540 1144 568 1168 et
610 1134 716 1167 sratws
752 1133 864 1167 domus
893 1132 1018 1166 Militiae
1057 1131 1179 1178 Templi

436 1184 722 1231 Hierosolymitani,
747 1183 824 1217 sicut
854 1191 898 1216 est
936 1182 987 1215 toti
1022 1181 1087 1215 orbi
1126 1195 1179 1215 no-

435 1235 561 1278 torium,
589 1242 745 1279 tamquam
774 1232 901 1279 speciali
931 1231 1073 1265 eiusdem
1109 1231 1179 1265 lidei

435 1284 556 1331 pugiles
582 1292 612 1317 et
648 1295 706 1316 iam
745 1282 844 1316 dictae
866 1281 981 1315 'lert-ae
1020 1280 1178 1328 praecipui

435 1333 650 1376 defensores,
646 1332 744 1379 ipsius
766 1331 881 1365 Terrae
906 1344 942 1365 ne
945 1331 1064 1376 gotium
1095 1343 1182 1376 pim-

435 1384 577 1430 cipalitet
598 1394 707 1428 gerere
733 1380 934 1424 videbantur,
968 1381 1052 1426 ipsos
1075 1388 1105 1413 et
1135 1393 1181 1414 ‹o-

437 1446 504 1467 ium
533 1432 674 1467 ordinem
710 1431 843 1477 praefata
875 1429 1012 1464 Ecclesia
1038 1429 1183 1476 speci-ilis

437 1482 549 1518 favoris
587 1481 781 1528 plenitudine
817 1492 1023 1527 prosequens
1044 1491 1099 1513 eos
1134 1479 1184 1513 ad-

438 1545 544 1567 versus
570 1530 686 1566 Christi
721 1530 825 1564 hostes
853 1542 955 1563 cructs
982 1528 1113 1563 armavit
1141 1529 1183 1563 si-

436 1582 588 1628 maculo,
625 1579 732 1615 multis
763 1579 905 1614 exaltavit
928 1578 1112 1617 honoribus
1136 1578 1184 1613 di-

437 1632 509 1666 tavit
539 1630 749 1673 facultatibus,
771 1642 805 1663 ac
828 1627 960 1663 diversis
987 1627 1185 1663 libertatibus

437 1689 464 1715 et
490 1680 660 1727 privilegiis
681 1678 897 1714 communivit.

486 1730 506 1777 g
534 1732 564 1764 4.
593 1729 616 1763 li
645 1729 792 1764 nimirum
829 1740 899 1762 cum
923 1726 1127 1762 crederentur
1155 1726 1184 1761 in

438 1779 565 1814 Domini
592 1778 719 1814 servitio
754 1777 812 1813 snb
848 1776 982 1824 regulari
1006 1775 1115 1811 habitu
1150 1776 1187 1810 fi-

439 1829 549 1865 deliter
584 1829 738 1870 militare,
776 1827 835 1861 sibi
873 1827 961 1874 quasi
999 1834 1184 1861 cunctorum

440 1892 551 1914 manus
579 1879 731 1920 fidelium,
769 1890 840 1911 eum
878 1875 1041 1923 multiplici
1069 1888 1187 1922 eroga-

441 1929 523 1964 tione
540 1930 693 1964 bonorum
711 1927 887 1963 sentiebant
911 1925 1076 1961 multifarie
1113 1926 1186 1960 niul-

440 1980 542 2026 tisque
575 1978 677 2014 modis
714 1985 877 2026 propterea
911 1975 1097 2019 adiutrices,
1132 1976 1186 2011 sed

440 2029 536 2076 (proh
560 2029 666 2073 dolor)
694 2040 772 2062 nova
794 2036 823 2061 et
846 2026 1024 2060 calamitosa
1058 2039 1126 2064 vox,
1150 2026 1188 2060 de

442 2084 644 2132 malignitatis
675 2084 800 2118 fratrum
831 2082 971 2130 ipsorum
999 2081 1187 2116 enormitate

443 2139 658 2187 progrediens,
681 2145 821 2173 nostrum
840 2136 979 2183 replevit,
997 2136 1059 2170 imo
1077 2136 1189 2181 verius,

444 2193 633 2241 perturbavit
673 2192 826 2227 auditum.
873 2190 955 2225 Haec
1004 2190 1086 2225 enim
1134 2204 1190 2226 vox

444 2249 549 2283 nuntia
573 2246 805 2282 lamentationis
823 2254 853 2280 et
880 2245 1030 2291 gemitus,
1059 2244 1191 2279 audien-

445 2303 527 2336 tibus
543 2303 703 2337 horrorem
726 2301 848 2346 ingerit,
864 2307 1040 2334 commovet
1057 2299 1191 2338 animos,

445 2364 565 2390 mentes
589 2355 691 2389 turbat
718 2362 747 2388 et
769 2354 891 2388 cunctis
915 2353 985 2387 {idei
1003 2353 1191 2387 christianae

446 2410 619 2444 cultoribus
648 2421 743 2443 novae
787 2416 816 2442 et
855 2407 1021 2442 ineffabilis
1042 2407 1193 2441 amaritu-

446 2465 528 2499 dinis
550 2464 678 2499 calicem
701 2462 934 2503 subministrat‚
961 2470 990 2496 et
1018 2461 1093 2496 dum
1121 2461 1191 2495 facti

448 2519 558 2553 seriem
587 2518 654 2553 eius
681 2517 866 2552 necessitate
892 2524 1054 2564 praesente
1077 2515 1193 2563 depro—

450 2573 576 2613 mimus,
605 2580 709 2607 noster
743 2579 921 2606 attenuatur
955 2583 1027 2618 prae
1050 2570 1194 2617 angustia

451 2627 592 2673 spiritus:
632 2634 660 2661 et
689 2625 875 2660 valetudinis
910 2625 1031 2672 fatigata
1072 2624 1196 2659 confra-

1012 236 1197 258 lst'litnttttthu
1223 235 1381 257 ROMANUM

1217 290 1331 334 cubus,
1360 288 1498 323 membra
1526 288 1650 334 singula
1681 301 1754 335 prae
1782 289 1878 324 nimio
1905 288 1962 322 do-

1218 341 1281 375 lore
1305 339 1479 374 tabescunt.

1266 390 1286 435 g
1309 392 1340 423 5.
1370 388 1497 423 Dudum
1532 387 1689 434 siquidem
1725 389 1805 422 circa
1841 397 1963 422 nostrae
1991 402 2047 426 ow
2065 406 2087 418 .ιιι
2106 407 2109 418 ι
2128 407 2142 419 ιι

1219 438 1427 486 promotionis
1461 436 1498 472 ad
1527 438 1647 483 apicem
1689 437 1803 471 summi
1833 436 2012 483 pontiti—⁰¹

1218 498 1304 523 catus
1324 488 1458 528 initium,
1474 488 1564 522 etiam
1582 495 1748 534 antequam
1760 487 1964 533 Lugdunum,

1220 538 1271 572 ubi
1297 538 1473 584 recepimus
1500 544 1623 572 nostrae
1649 537 1861 571 coronationis
1885 537 1963 570 insi-

1219 589 1302 633 gnia,
1335 589 1524 632 veniremus,
1552 596 1583 621 et
1619 594 1699 634 post,
1727 595 1788 620 tam
1812 586 1851 619 ihi
1873 598 1965 633 quam

1219 637 1303 681 alibi,
1318 646 1437 672 secreta
1460 636 1666 683 quorumdam
1688 636 1777 670 nobis
1797 635 1966 670 insinuatio

1221 686 1384 727 intimavit,
1417 686 1501 733 quod
1530 686 1687 732 magister,
1723 694 1966 732 praeceptores„

1219 744 1249 770 et
1281 736 1330 770 alii
1358 736 1468 770 fratres
1500 735 1602 770 dictae
1623 735 1751 770 Militiae
1773 735 1910 781 Templi,
1938 742 1966 767 et

1223 786 1312 819 etiam
1343 785 1410 839 ipse
1445 785 1547 826 Ordo,
1589 785 1642 831 qui
1677 785 1713 819 ad
1750 784 1966 819 defensionem

1223 834 1402 880 patrimonii
1445 834 1546 881 ipsius
1590 834 1716 868 Domini
1762 834 1857 868 nostri
1898 833 1967 868 Iesu

1222 883 1339 918 Christi
1374 882 1496 918 fuerant
1523 884 1552 917 in
1577 883 1792 918 transmarinis
1828 882 1969 930 partibus

1222 932 1381 980 deputati,
1430 940 1536 967 contra
1574 933 1689 979 ipsum
1728 933 1901 967 Dominum
1940 946 1968 966 ιιι

1222 982 1325 1017 scelus
1351 982 1525 1028 apostasiae
1560 982 1741 1022 nefandum,
1785 982 1969 1017 detestabile

1224 1031 1414 1066 idololatriae
1441 1031 1561 1076 vitium,
1595 1010 1771 1066 execrabile
1785 1031 1905 1066 facinus
1918 1044 1971 1066 so·

1224 1081 1402 1123 domorum,
1426 1089 1455 1116 et
1473 1081 1619 1115 haereses
1642 1080 1740 1116 varias
1755 1088 1843 1115 erant
1861 1081 1969 1127 elapsi.

1224 1131 1287 1166 Sed
1311 1131 1384 1178 quia
1412 1143 1473 1165 non
1494 1140 1558 1165 erat
1583 1130 1768 1186 ιὀι·ἰ5ἰιιιίΙε,
1793 1143 1850 1164 nec
1869 1131 1972 1164 credi-

1224 1180 1284 1215 bile
1309 1180 1489 1221 videbatur,
1517 1180 1600 1227 quod
1631 1181 1685 1214 viri
1720 1188 1781 1214 tarn
1819 1179 1973 1225 religiosi

1224 1230 1276 1277 qui
1303 1230 1470 1285 praecipue
1499 1243 1555 1277 pro
1581 1229 1699 1264 Christi
1732 1228 1860 1264 nomine
1882 1241 1973 1263 suuni

1224 1293 1318 1327 saepe
1351 1292 1538 1325 sangumem
1562 1279 1739 1324 effundere,
1767 1291 1802 1314 ac
1825 1291 1975 1326 personas

1225 1342 1297 1364 suas
1321 1330 1430 1364 mortis
1445 1329 1595 1377 periculis
1614 1329 1795 1376 frequentet
1817 1340 1975 1376 exponere

1225 1379 1445 1421 credebantur,
1465 1379 1583 1426 quique
1599 1379 1694 1413 multa
1717 1387 1748 1413 et
1764 1390 1888 1425 magna,
1912 1386 1973 1411 tam

1226 1429 1254 1462 in
1269 1429 1384 1463 divinis
1405 1428 1525 1472 officiis,
1547 1441 1640 1476 quam
1659 1428 1690 1463 in
1714 1429 1839 1463 ieiuniis
1860 1436 1890 1462 et
1906 1427 1976 1461 aliis

1226 1478 1433 1513 observantiis
1466 1478 1640 1513 devotionis
1666 1478 1755 1525 signa
1781 1477 1976 1525 frequentius

1228 1527 1490 1582 praetendebant,
1529 1540 1606 1562 suae
1638 1527 1684 1562 sic
1719 1537 1823 1562 essent
1864 1527 1976 1561 salutis

1229 1590 1442 1616 immemores,
1464 1577 1548 1624 quod
1573 1576 1642 1611 talia
1668 1584 1894 1623 perpetrarent,
1922 1576 1978 1610 hu-

1227 1626 1361 1661 iusmodi
1391 1627 1590 1661 insinuationi
1605 1639 1640 1661 ac
1655 1627 1800 1661 delationi
1823 1627 1977 1672 ipsorum,

1227 1677 1367 1710 eiusdem
1393 1676 1520 1711 Domini
1540 1677 1636 1710 nostri
1655 1677 1810 1723 exemplis
1834 1677 1862 1709 in
1886 1687 1978 1710 cano-

1229 1726 1316 1760 nicae
1331 1725 1514 1773 Scripturae
1535 1725 1686 1761 doctrinis
1717 1725 1839 1765 edocti,
1869 1737 1975 1759 aurem

1230 1776 1389 1810 noluimus
1417 1776 1589 1810 inclinare:
1612 1775 1728 1810 deinde
1755 1787 1827 1809 vero
1857 1783 1902 1815 tu,
1925 1775 1974 1808 cui

1230 1825 1338 1860 eadem
1369 1826 1490 1860 fuerant
1524 1825 1660 1860 facinora
1699 1825 1866 1864 nunciata,
1913 1836 1974 1858 non

1230 1884 1302 1923 typo
1323 1875 1482 1919 avaritiae,
1504 1887 1575 1910 cum
1599 1873 1637 1909 de
1662 1874 1752 1909 bonis
1774 1874 1978 1920 Teniplario—

1232 1938 1300 1960 rum
1325 1924 1401 1959 nihil
1425 1925 1480 1959 tibi
1514 1924 1672 1959 vindicare
1696 1924 1740 1959 vel
1774 1923 1977 1971 appropriare

1231 1975 1385 2014 intendas,
1414 1975 1475 2009 imo
1504 1987 1540 2010 ea
1564 1973 1653 2009 nobis
1680 1982 1709 2008 et
1739 1973 1900 2008 Ecclesiae
1925 1985 1979 2019 per

1231 2025 1428 2073 deputandos
1455 2037 1551 2072 super
1579 2024 1637 2059 hoc
1666 2036 1682 2058 a
1718 2023 1810 2058 nobis
1842 2023 1979 2058 admini—

1231 2075 1368 2115 stranda,
1390 2073 1607 2122 gubernanda,
1635 2072 1847 2108 conservanda
1870 2081 1899 2108 et
1921 2085 1979 2107 cu-

1232 2124 1394 2160 stodienda
1422 2123 1591 2159 liberaliter
1625 2131 1655 2158 et
1689 2123 1801 2158 devote
1828 2122 1858 2157 in
1882 2135 1979 2169 tegno

1233 2184 1286 2209 tuo
1308 2173 1470 2215 dimisisti,
1499 2186 1625 2208 manum
1649 2181 1733 2207 tuam
1756 2172 1870 2208 exinde
1898 2180 1979 2207 tota—

1234 2225 1301 2259 liter
1322 2223 1510 2263 amovendo,
1529 2223 1583 2258 sed
1613 2223 1683 2258 fidei
1707 2222 1900 2257 orthodoxae
1915 2222 1979 2256 fer-

1235 2287 1318 2313 vore,
1341 2283 1466 2309 tuorum
1491 2273 1726 2320 progenitorum
1752 2273 1880 2319 vestigia
1896 2271 1978 2307 clara

1234 2337 1379 2370 sequens,
1406 2336 1569 2367 accensus,
1592 2323 1630 2357 de
1648 2322 1847 2369 praemissis,
1876 2334 1980 2369 quan-

1235 2383 1302 2409 tum
1325 2373 1408 2408 licite
1437 2373 1563 2421 potuisti
1602 2381 1629 2407 te
1653 2373 1835 2413 informans,
1867 2372 1903 2406 ad
1933 2372 1981 2405 in-

1235 2423 1421 2459 struendum
1456 2431 1484 2457 et
1521 2421 1752 2457 informandum
1791 2434 1847 2456 nos
1886 2433 2006 2468 super

1237 2475 1274 2509 iis
1293 2473 1407 2508 multas
1428 2482 1458 2508 et
1481 2485 1608 2519 magnas
1628 2472 1719 2507 nobis
1747 2471 1983 2506 informationes

1238 2537 1290 2571 per
1314 2532 1383 2558 tuos
1412 2524 1538 2557 nuntios
1559 2530 1588 2557 et
1611 2522 1714 2556 literas
1741 2521 1913 2557 destinasti.

1287 2576 1306 2619 ᾖ
1329 2575 1360 2607 6.
1392 2573 1521 2608 Infamia
1548 2585 1620 2607 vero
1654 2579 1760 2618 contra
1786 2570 1985 2618 Templarios

1239 2624 1322 2672 ipsos
1346 2622 1608 2668 increbrescente,
1637 2621 1768 2657 validius
1792 2633 1889 2669 super
1915 2633 1986 2656 scc-

1998 2414 2044 2438 pin

1979 232 2028 258 An.
2044 233 2072 258 (Σ.
2094 233 2157 258 ¹307

2010 2380 2038 2401 lla
2042 2387 2065 2401 et*
2082 2380 2132 2401 at‘h
2136 2382 2181 2406 liip-

2049 2414 2099 2432 mitti
2103 2412 2181 2432 stui-

1998 2449 2019 2463 c
2037 2420 2075 2464 siti
2091 2444 2136 2463 dela
2140 2447 2157 2462 ι.ι
