2274 3265
222 256 272 282 An.
290 256 319 282 c.
335 255 401 281 ¹306
470 243 535 275 184

230 318 269 343 Qut
294 316 401 343 profectu*
418 307 570 347 munitus,
593 313 752 352 praetextu
775 305 1012 340 convocationis
1033 317 1087 339 seu
1108 304 1168 339 ob-

217 346 402 403 {,¹‡„„,l¹„„¹¹¹¹f‘‡¹,',¹,{:‡‡
418 355 576 390 ductionis
603 353 785 388 huiusmodi
808 353 846 388 ad
875 354 1081 394 invasionem,
1107 366 1168 387 oc—

218 411 299 436 ffl‘ri·
418 405 616 452 enpationem
632 411 661 437 et
677 403 889 437 detentionem
903 403 1050 450 praedicti
1066 402 1170 449 Ungu-

419 455 481 488 riae
511 453 598 500 regni
636 452 800 487 temeraria
847 453 1104 499 praesumptione
1137 464 1170 485 se

418 501 620 541 transferens,
643 501 815 548 peripsum
838 501 876 535 B.
899 501 1110 549 Vesprimien.
1141 508 1170 534 et

416 551 574 598 quondam
603 551 640 584 Α.
659 549 866 584 Cliarnadien.
883 551 1050 597 episcopos
1068 561 1102 584 se
1124 561 1172 583 co-

419 602 534 645 ronari,
558 608 590 635 ut
610 599 737 643 dicitur,
754 599 783 633 in
801 611 903 645 regem
921 599 1076 645 Ungariae
1100 610 1172 645 pro-

417 649 549 684 curavit:
563 649 592 683 in
610 649 669 683 boc
684 649 775 683 ctiam
792 648 928 683 officium
946 647 1174 682 iurisdictionis

418 699 612 745 Strigonien.
636 697 879 744 archiepiscopi,
901 697 938 732 ad
966 709 1060 744 quem
1091 697 1174 742 regis

418 748 574 794 Ungariae
602 746 762 782 coronatio
779 746 925 793 pertinet,
939 746 1056 780 faciens
1082 757 1175 779 usur-

420 798 497 844 pari;
519 804 549 831 et
570 796 698 830 eosdem
713 795 861 830 Carolum
879 807 982 840 regern
1002 802 1033 828 et
1046 793 1174 828 Mariam

234 855 295 875 flatu
322 858 341 874 τι
365 854 404 873 (ῖα-
421 847 559 892 reginam
576 845 732 891 [lugariae
752 844 781 877 in
809 843 997 883 adiudicata,
1023 851 1055 877 ut
1086 855 1176 889 prae-

221 892 352 942 223'23222.
371 892 406 935 ΜΤ.
422 896 528 938 l'ertur,
550 895 595 928 eis
619 893 817 940 possessione
834 892 908 926 dicti
928 892 1014 938 regni
1033 892 1177 938 nequiter

222 949 313 973 ratmunt·
422 944 599 981 molestare,
623 942 800 988 inquietare
823 948 853 975 ct
870 940 1052 988 perturbare
1085 952 1178 987 prae-

420 1000 562 1032 sumunt,
592 990 780 1034 invadendo,
811 990 995 1037 occupando
1018 998 1048 1024 ct
1086 1002 1178 1024 usur-

423 1041 525 1089 pando
564 1040 716 1075 violenter
750 1048 779 1073 et
813 1039 929 1074 iniuste
965 1051 1021 1086 pro
1058 1038 1179 1073 viribus

421 1102 531 1131 terras,
554 1089 632 1129 loca,
655 1089 735 1123 bona
760 1097 786 1123 et
813 1089 877 1122 iura
900 1089 985 1134 regni
1023 1088 1178 1128 ciusdem,

420 1152 456 1174 ac
482 1139 574 1174 etiarn
603 1137 775 1172 detinendo
798 1137 828 1172 in
862 1138 961 1184 ipsius
987 1137 1071 1183 regni
1099 1137 1179 1171 sub-

423 1189 601 1223 versionem
617 1195 648 1221 et
669 1187 854 1222 scandalum
890 1199 966 1221 snae
989 1198 1025 1221 ac
1047 1198 1178 1221 suornm

423 1237 624 1285 complicium
659 1244 688 1271 et
726 1236 910 1283 sequacium
942 1236 971 1270 in
1006 1235 1063 1270 liae
1094 1244 1181 1282 parte

423 1287 533 1322 salutis
563 1285 783 1333 dispendium,
811 1293 841 1320 et
870 1284 1101 1332 praedictorum
1131 1297 1182 1319 re-

424 1337 515 1381 ginae
537 1347 573 1370 ac
600 1335 684 1381 regis
706 1346 799 1380 grave
830 1333 995 1375 damnum,
1019 1333 1181 1381 praeiudi-

425 1386 521 1425 cium,
560 1393 590 1418 et
630 1384 798 1418 iacturam:
837 1391 964 1430 propter
1006 1395 1087 1430 quae
1126 1395 1182 1430 pro

427 1442 513 1482 parte
537 1432 769 1480 praedictorum
799 1432 924 1478 reginae
946 1443 982 1466 ac
1005 1432 1088 1479 regis
1116 1431 1183 1466 Un-

427 1483 530 1529 gariae
568 1494 624 1530 pro
657 1481 839 1516 adhibendo
872 1493 968 1528 super
996 1481 1034 1515 iis
1062 1481 1183 1528 optimo

429 1531 567 1567 remedio
588 1531 626 1566 ad
651 1539 789 1566 nostram
813 1538 842 1565 et
864 1529 966 1564 dictae
989 1530 1081 1564 Sedis
1108 1542 1184 1577 pro-

429 1580 598 1615 videntiam
623 1579 785 1614 humiliter
807 1579 933 1614 babitus
955 1586 1003 1613 est
1017 1590 1182 1614 recursus.

478 1630 498 1676 g
524 1631 557 1664 5.
590 1629 656 1663 Nos
687 1629 803 1676 itaque,
836 1628 979 1663 nolentes
1008 1627 1086 1662 baec
1122 1640 1183 1662 non

243 1690 319 1724 Aurini·
343 1692 414 1722 eorum
430 1679 549 1725 absque
578 1678 680 1712 divina
709 1686 739 1712 et
770 1678 924 1725 praefatae
953 1676 1045 1712 Sedis
1073 1677 1183 1712 iniuria

230 1720 329 1771 2¹55?ss
366 1716 415 1736 ω’
431 1737 459 1762 et
495 1735 678 1774 contemptu
715 1735 863 1762 attentata
905 1726 1007 1761 taliter
1031 1735 1062 1761 et
1093 1739 1186 1774 prae-

430 1785 567 1824 sumpta,
582 1777 673 1811 sicuti
698 1789 755 1811 nec
771 1776 927 1811 debemus
943 1776 1187 1810 conniventibus

431 1826 532 1861 oculis
559 1825 739 1872 praeterire,
767 1826 847 1872 quin
870 1825 951 1860 circa
974 1836 1020 1866 ea,
1049 1838 1120 1860 cum
1145 1825 1188 1859 si-

432 1888 503 1910 mus
524 1874 674 1910 omnibus
697 1875 726 1908 in
750 1875 865 1910 iustitia
899 1873 1068 1915 debitores,
1096 1874 1187 1908 officii

434 1924 529 1958 nostri
566 1923 721 1960 debitum,
758 1931 850 1970 prout
884 1930 1030 1958 tenemus
1070 1931 1099 1957 et
1134 1935 1188 1957 ex-

435 1973 541 2020 pedire
581 1972 760 2016 credimus,
787 1984 999 2019 exequamur,
1034 1972 1189 2019 praelatis,

439 2022 563 2056 clericis
602 2029 630 2056 et
655 2022 819 2067 religiosis,
846 2021 1016 2056 comitibus
1043 2022 1107 2055 sive
1134 2021 1191 2055 ba-

435 2073 496 2115 nis,
525 2070 706 2111 baronibus,
730 2069 893 2113 militibus,
913 2070 1045 2115 civibus,
1067 2069 1190 2107 incolis,

435 2120 655 2167 complicibus,
674 2127 704 2153 et
721 2119 912 2166 sequacibus
930 2119 1112 2154 memoratis
1134 2118 1192 2152 sub

435 2169 771 2203 excommunicationis
799 2169 828 2202 in
867 2180 1018 2215 personas
1039 2176 1069 2203 et
1094 2168 1193 2203 inter-

436 2218 510 2252 dicti
534 2219 562 2253 in
592 2227 689 2253 terras
711 2227 740 2252 et
768 2217 834 2252 loca
855 2229 984 2258 eorum,
1009 2229 1044 2252 ac
1088 2217 1193 2263 priva-

438 2268 531 2302 tionis
570 2268 712 2301 omnium
746 2267 918 2301 officiorum
953 2274 983 2301 ct
1015 2266 1194 2301 beneficio-

438 2330 522 2358 rum,
564 2317 797 2364 privilegiorum
828 2324 859 2350 et
885 2316 1053 2362 gratiarum
1101 2324 1193 2362 atque

437 2367 609 2407 bonorum,
637 2378 716 2413 quae
743 2378 758 2400 a
781 2366 940 2405 Romana,
976 2365 1039 2399 sive
1061 2364 1100 2399 ab
1127 2365 1196 2399 aliis

440 2416 484 2448 vel
506 2415 535 2449 in
559 2415 628 2449 aliis
649 2415 904 2462 quibuscumque
933 2423 1039 2448 tenent
1070 2414 1116 2448 vel
1140 2413 1197 2448 lia-

243 2472 380 2527 -lffissfflsm
400 2465 513 2519 ¹1¹.'.l‘⁰¹¹¹
546 2464 713 2504 Ecclesiis,
745 2465 855 2511 poenis
884 2472 979 2511 atque
1017 2463 1197 2507 sententiis,

242 2533 336 2552 imum
354 2531 425 2550 renti-
440 2525 518 2560 quas
542 2515 611 2560 ipso
639 2514 801 2548 incurrant
828 2513 919 2552 facto,
942 2514 967 2546 si
996 2524 1088 2548 secus
1117 2524 1199 2558 ege—

243 2564 285 2583 lton

444 2611 485 2645 sis
516 2611 664 2645 omnibus
695 2620 802 2645 contra
837 2611 1010 2658 praedictos
1049 2610 1197 2645 Carolum

244 2567 319 2612 mrem
355 2566 426 2581 'flm-
444 2565 516 2603 rint,
538 2563 680 2597 districte.
703 2563 925 2610 praecipimus,
948 2570 980 2597 ut
1003 2574 1018 2597 a
1042 2574 1200 2608 praemis-

1009 250 1109 273 mitta
1116 250 1196 272 tttttttt
1226 249 1385 271 ttOMitNttM

1208 313 1238 338 et
1268 305 1407 350 reginam
1432 302 1599 347 Ungaiiac,
1629 301 1658 334 in
1687 300 1836 335 auxilium
1859 308 1889 336 et
1917 300 1964 334 fa-

1212 366 1313 388 vorem
1342 352 1429 386 ducis
1463 350 1609 398 praefati,
1640 361 1694 397 per
1721 362 1775 384 eos
1804 350 1964 385 attentatis

1211 403 1311 437 taliter
1333 409 1361 435 et
1385 400 1606 447 praesumptis,
1635 406 1759 434 cessent
1788 399 1913 445 penitus
1935 406 1965 432 et

1211 452 1378 492 desistant3
1401 458 1431 484 et
1460 457 1520 483 tam
1548 448 1676 484 eosdem
1700 447 1867 494 praelatOS,
1894 448 1966 482 cle-

1213 501 1294 534 ricos
1327 509 1356 534 et
1384 499 1564 544 religiosos,
1592 498 1724 532 comites
1749 497 1814 531 sive
1851 495 1967 537 banos,

1214 549 1358 593 barones,
1375 548 1504 587 milites,
1518 547 1614 591 cives,
1631 546 1760 587 incolas,
1795 545 1967 592 complices

1213 606 1242 633 et
1265 610 1427 645 sequaces,
1449 609 1543 644 quarn
1563 608 1675 631 omnes
1697 596 1774 630 alios
1806 603 1835 629 et
1858 595 1969 641 singu-

1215 647 1260 682 los
1287 655 1349 682 tam
1383 647 1422 682 de
1452 646 1589 694 praefato
1616 657 1713 691 regno
1749 643 1905 691 Ungariae
1934 656 1969 678 ac

1217 696 1316 743 ipsius
1340 696 1537 742 pertinentiis
1560 704 1587 730 et
1612 695 1745 738 iuribus,
1764 706 1857 742 qnam
1877 692 1916 726 de
1935 705 1969 727 a-

1217 745 1266 779 liis
1289 744 1468 790 regionibus
1490 745 1759 792 quibuscumspte,
1781 744 1846 778 sive
1872 753 1971 776 anne-

1217 794 1264 828 xis
1280 794 1344 827 sive
1368 805 1429 828 non
1446 794 1576 828 annexis
1598 793 1699 828 eidem
1723 804 1818 839 regno
1833 819 1841 835 ,
1865 791 1973 825 ettius-

1217 854 1354 889 cumque
1389 843 1452 877 sint
1493 843 1765 889 prmeminentiae,
1792 840 1973 887 dignitatis,

1218 891 1349 934 ordinis,
1376 890 1566 925 conditionis
1588 899 1618 926 et
1657 898 1767 931 status,
1791 898 1820 925 et
1847 889 1970 923 etiamsi

1220 940 1312 986 regali
1342 939 1387 974 vel
1411 940 1468 974 alia
1490 940 1601 986 quavis
1625 939 1840 987 praefulgeant
1868 937 1975 984 digni—

1220 997 1293 1033 tate,
1328 996 1445 1023 attente
1481 1000 1660 1029 monemus,
1696 989 1742 1022 eis
1768 987 1918 1022 omnibus
1946 995 1975 1022 et

1220 1038 1355 1084 singulis
1378 1038 1565 1072 auctoritate
1589 1037 1746 1085 praedicta
1774 1036 1833 1071 sub
1855 1036 1975 1071 eisdem

1222 1087 1333 1135 poenis
1355 1094 1385 1121 et
1407 1087 1582 1127 sententiis,
1605 1098 1684 1134 quas
1705 1086 1729 1120 si
1758 1093 1865 1120 contra
1889 1085 1976 1120 fece-

1221 1137 1294 1177 rint,
1316 1148 1371 1171 eos
1405 1136 1568 1170 incurrere
1603 1135 1747 1170 volumus
1783 1135 1853 1182 ipso
1881 1134 1976 1174 facto,

1221 1185 1359 1220 districte
1382 1185 1596 1232 iniungentes‚
1625 1196 1664 1219 ne
1693 1184 1722 1218 in
1748 1183 1975 1231 praeiudicium

1223 1234 1454 1282 praedictorum
1490 1234 1617 1280 reginae
1645 1246 1681 1268 ac
1708 1233 1791 1279 regis
1820 1232 1977 1278 Ungariae

1223 1283 1396 1331 praefatum
1430 1284 1580 1318 Bavariae
1602 1282 1736 1323 ducem,
1763 1281 1811 1316 vel
1834 1281 1978 1328 quemvis

1222 1333 1332 1377 alium,
1351 1344 1456 1378 regem
1486 1332 1644 1379 Ungariae
1663 1331 1839 1375 nominare,
1855 1330 1980 1365 titulare

1224 1382 1269 1416 vel
1306 1382 1500 1426 describere,
1535 1394 1591 1416 seu
1627 1380 1763 1418 habere,
1791 1379 1839 1414 vel
1873 1388 1980 1414 tenere

1225 1439 1443 1478 praesumant:
1475 1443 1552 1465 neve
1584 1430 1706 1477 ipsum,
1736 1429 1782 1463 vel
1819 1429 1980 1463 ministros

1224 1480 1293 1515 eius
1314 1479 1553 1526 quomodolibet
1569 1479 1720 1526 recipiant
1735 1477 1783 1513 vel
1803 1477 1980 1518 admittant,

1227 1541 1283 1563 nec
1305 1530 1332 1563 ei
1361 1529 1406 1563 vel
1431 1528 1613 1563 huiusmodi
1642 1527 1795 1562 ministris
1818 1527 1916 1574 ipsius
1951 1527 1981 1561 in

1227 1578 1399 1622 invasione,
1433 1578 1653 1625 occupatione,
1689 1576 1905 1622 usurpatione,
1933 1576 1983 1610 vel

1226 1627 1411 1662 detentione
1449 1626 1605 1661 dictorum
1628 1625 1716 1672 regni
1741 1624 1910 1671 Ungariae,
1933 1625 1984 1659 iu-

1227 1677 1310 1711 rium
1348 1684 1377 1711 et
1406 1676 1667 1723 pertinentiarum
1697 1675 1775 1715 eius,
1798 1682 1849 1708 aut
1885 1686 1984 1709 anne-

1228 1738 1338 1760 xorum
1362 1725 1433 1765 sibi,
1457 1725 1503 1759 vel
1526 1725 1672 1769 alieuius,
1700 1723 1845 1772 praefatis
1874 1735 1983 1758 eorum

1230 1782 1388 1822 praestent
1404 1775 1570 1815 auxilium,
1589 1774 1756 1809 consilium
1777 1773 1822 1807 vel
1846 1772 1982 1807 favorem

1231 1824 1391 1872 publicum
1420 1823 1467 1858 vel
1501 1824 1659 1858 occultum
1678 1851 1685 1863 ,
1714 1822 1760 1856 vel
1785 1821 1824 1856 de
1851 1821 1985 1856 alicuius

1229 1873 1369 1908 eiusdem
1398 1874 1485 1919 regni
1506 1872 1692 1913 redditibus,
1712 1872 1803 1906 bonis
1817 1880 1846 1905 et
1867 1870 1986 1905 iuribus

1230 1922 1457 1970 quoquomodo
1489 1922 1698 1969 respondeant
1728 1920 1777 1954 vel
1793 1920 1985 1959 ministrent,

1232 1983 1334 2019 neque
1357 1984 1429 2006 cum
1452 1971 1498 2006 eis
1522 1972 1566 2006 vel
1599 1983 1654 2018 pro
1683 1970 1728 2005 eis
1751 1969 1845 2004 ullam
1873 1968 1986 2003 facient

1232 2020 1476 2066 colligationem,
1500 2020 1763 2062 coniurationem,
1787 2018 1988 2052 convocatio-

1235 2082 1305 2104 nem
1331 2070 1376 2104 vel
1395 2070 1727 2109 communicationem,
1747 2080 1802 2103 seu
1827 2067 1901 2102 alias
1936 2079 1989 2101 no-

1234 2118 1314 2153 xiam
1348 2120 1531 2159 novitatem,
1561 2119 1662 2153 donee
1689 2118 1728 2152 de
1756 2118 1824 2151 iure.
1851 2126 1881 2151 et
1914 2128 1989 2163 pro-

1235 2169 1364 2214 prietate
1386 2167 1460 2202 dicti
1481 2168 1565 2213 regni
1592 2167 1631 2202 ab
1659 2167 1767 2202 eadem
1791 2165 1875 2201 Sede
1899 2167 1989 2213 plene.

1237 2217 1328 2251 suerit
1349 2216 1529 2251 diffinitum.

1284 2266 1304 2312 S
1332 2268 1364 2300 6.
1393 2265 1499 2313 Ipsum
1539 2277 1665 2313 quoque
1701 2265 1813 2299 ducem
1841 2263 2188 2298 Bavariaerinenmumauci

1236 2323 1354 2350 attente
1378 2328 1554 2359 monemus,
1573 2315 1696 2362 sibique
1719 2315 1857 2349 districte
1882 2314 1988 2348 iniun-
2003 2302 2101 2355 fbfffflf‘
2135 2308 2188 2323 ω’

1237 2364 1352 2410 gimus,
1374 2365 1434 2399 sul)
1456 2365 1613 2399 similibus
1653 2363 1989 2399 excommunicationis

1239 2421 1266 2446 et
1290 2413 1445 2448 interdicti
1468 2426 1502 2448 ac
1522 2414 1707 2461 privationis
1737 2413 1847 2460 poenis
1864 2419 1895 2446 et
1916 2424 1989 2446 sen-

1240 2463 1359 2508 tentiis,
1386 2474 1463 2510 qnas
1485 2475 1522 2498 ex
1546 2475 1641 2507 nunc,
1665 2471 1756 2510 prout
1791 2475 1827 2496 ex
1851 2470 1937 2502 tunc,
1965 2461 1989 2494 si

1240 2519 1347 2547 contra
1371 2512 1487 2552 feccrit,
1524 2513 1713 2559 proferimus
1735 2519 1842 2547 eontra
1860 2522 1932 2545 eum
1955 2522 1990 2545 ac

1240 2573 1292 2596 eas
1308 2562 1375 2609 ipso
1388 2561 1469 2597 sacto
1484 2562 1629 2597 eumdem
1654 2562 1812 2596 incurrere
1834 2559 1991 2604 volumus,

1242 2622 1280 2645 ne
1303 2623 1335 2643 se
1358 2623 1461 2658 regem
1490 2610 1645 2656 Ungariae
1675 2611 1831 2651 nominet‘,
1857 2621 1933 2644 neve
1953 2609 1992 2644 de

1977 245 2027 271 An.
2050 243 2078 271 C.
2094 243 2160 270 ¹306
