2274 3265
475 275 543 308 786

1011 282 1148 307 BULLAR!
1153 281 1198 305 tm
1225 281 1388 305 ROMANUM

420 339 454 370 X.
479 337 684 370 Contirniatio
705 336 869 368 electionis
889 336 1085 369 marchionis
1112 337 1174 369 Mo-
1216 335 1247 366 V.
1269 336 1417 368 Alearurn
1430 346 1485 368 seu
1498 336 1679 368 taxillorum
1696 335 1763 368 ludi
1774 335 1968 378 reprobatio,

511 385 614 417 raviae
635 384 854 416 Ron‘ianorum
878 383 962 425 regis
982 383 1012 415 in
1035 385 1172 427 impera-

511 439 611 465 torem
634 432 737 471 electi,
760 431 834 465 493.

423 482 468 512 Nl.
499 480 664 522 Pragcnsis
686 480 855 513 Academia
877 481 1052 513 instituitur
1072 486 1100 512 et
1121 491 1172 512 ar-

509 529 713 571 chiepiscopo
745 529 957 561 conserendae
991 528 1174 561 doctoratus

508 578 636 609 laureae
659 577 707 609 ius
726 577 940 615 adiudicatur,
958 576 1032 610 496.

422 626 481 657 ΧΗ.
507 625 548 657 De
569 625 810 657 canonizatione
827 625 859 657 Β.
881 625 981 657 lvonis
998 624 1172 667 presbyteri

507 673 711 706 Trecorensis
731 674 823 710 Galli.
847 674 980 716 eiusque.
1002 673 1174 706 festivitatis

507 721 722 754 celebratione
743 721 801 753 sul)
822 722 925 754 <nesto
946 721 1064 753 mensis
1085 720 1171 759 maii,

418 819 492 852 Xlll.
521 819 677 851 Limitatio
704 819 816 851 tiniuni
851 819 917 860 agri
948 818 1171 855 Beneventani,

508 868 582 901 497.

418 918 489 949 xiv,
514 917 680 959 Episcopis
695 918 958 959 Carpentorateii.
983 921 1011 948 et
1034 915 1170 950 Uticen..

504 975 540 997 ac
560 965 664 997 abbati
687 965 870 997 monasterii
906 964 936 996 S.
966 964 1037 996 Rufi
1073 973 1172 1006 prope

505 1013 677 1045 Valentiam
700 1012 911 1045 committitur
935 1011 1098 1054 inquisitio
1118 1022 1172 1043 su-

506 1071 561 1104 per
581 1060 746 1093 miraculis
767 1060 848 1093 beati
876 1059 1024 1097 Elzearii,
1048 1059 1173 1091 comitis

504 1109 699 1147 Arianensis,
723 1110 796 1142 500.

417 1158 475 1189 XV.
496 1157 537 1189 De
558 1157 636 1190 cibis
672 1162 814 1199 potuque
836 1155 1055 1188 ministrandis
1079 1154 1109 1187 S.
1134 1155 1168 1187 R.

503 1205 535 1237 Ε.
567 1204 783 1237 cardinalibus
808 1205 838 1237 in
870 1204 1024 1241 conclavi,
1052 1209 1080 1235 et
1111 1214 1171 1235 nu—

504 1264 593 1286 mero
614 1253 855 1286 inservientium
881 1253 1013 1291 eisdem,
1036 1251 1109 1285 501.

527 1302 676 1335 Rectores
702 1302 958 1345 provinciarum,
995 1300 1169 1339 civitatum,

505 1352 707 1395 aliorumque
729 1352 874 1384 locorum
893 1351 982 1383 Rom.
1011 1350 1172 1383 Ecclesiae

504 1400 687 1432 immediate
717 1398 936 1430 subiectorum
967 1409 983 1429 a
1004 1398 1170 1429 thesaura-

503 1448 558 1479 riis
593 1447 779 1480 earumdem
816 1446 1053 1489 provinciarum
1089 1446 1171 1477 ultra

502 1495 645 1528 debitum
666 1495 786 1538 aliquid
823 1505 878 1537 per
906 1493 1087 1526 violentiam
1123 1504 1171 1525 ex-

502 1550 688 1587 torquentes
700 1544 746 1576 vel
763 1544 841 1575 alias
857 1542 1101 1585 quomodolibet
1110 1543 1170 1573 exi-

502 1598 628 1634 gentes,
663 1591 1006 1625 excommunicationis
1044 1590 1171 1622 vinculo

502 1640 709 1680 innodantur,
733 1640 862 1682 suisque
897 1639 1009 1671 officiis
1042 1638 1169 1681 privan-

501 1696 564 1728 tur,
588 1688 661 1721 502.

417 1303 489 1334 ΧΠ.

628 1802 882 1836 lNNOCENTlUS
903 1803 949 1835 vl.

416 1918 436 1950 1.
462 1918 640 1950 iurisdictio
661 1923 689 1949 et
712 1917 877 1950 facultates
897 1917 1012 1959 AEgidii
1033 1916 1063 1948 S.
1084 1916 1118 1948 R.
1134 1916 1166 1948 E.

500 1966 670 1999 cardinalis
705 1966 797 2008 legati
818 1971 847 1997 et
871 1965 977 1997 vicarii
1000 1964 1169 2008 apostolici

503 2014 599 2047 totius
619 2013 724 2048 Status
745 2013 971 2050 Ecclesiastici,
995 2012 1068 2046 503.

416 2063 450 2095 11.
474 2063 563 2101 Quod
583 2068 724 2095 rectores
741 2062 978 2105 provinciarum
1001 2061 1091 2094 Rom.
1117 2061 1170 2093 Ec-

504 2111 618 2143 clesiae
635 2120 804 2153 processus
813 2121 830 2142 a
842 2110 1050 2143 thesaurariis
1060 2114 1171 2141 contra

504 2169 569 2192 non
586 2160 740 2192 solventes
761 2170 876 2192 census
891 2159 994 2192 eidem
1011 2158 1170 2191 Ecclesiae

505 2208 627 2240 debitos
643 2209 740 2241 factos
756 2208 952 2252 suspendere
969 2213 1021 2240 aut
1032 2217 1168 2247 cassare,

504 2262 575 2296 etc„
599 2257 717 2289 eisdem
738 2257 945 2289 thesaurariis
968 2256 1168 2294 inconsultis,

508 2315 570 2337 non
592 2305 724 2347 possint,
748 2305 821 2339 505.

420 2354 468 2385 ΠΙ.
493 2353 630 2386 Cassatio
652 2359 817 2397 pactorum
845 2364 860 2385 a
882 2354 911 2385 S.
937 2354 970 2386 R.
996 2354 1028 2386 E.
1067 2354 1169 2386 cardi-

505 2402 630 2435 nalibus
649 2409 721 2435 ante
742 2403 930 2436 electionem
948 2403 1072 2435 Summi
1092 2402 1171 2434 Pon-

504 2451 597 2484 tificis
636 2452 666 2483 in
706 2452 939 2494 praeiudicium
975 2451 1172 2484 auctoritatis

505 2505 647 2548 eiusdem
664 2505 830 2545 initorum,
854 2504 927 2538 506.

418 2553 463 2585 IV.
488 2553 577 2591 Quod
598 2554 629 2586 in
645 2552 733 2586 Statu
750 2552 970 2585 Ecclesiastico
991 2552 1170 2585 homicidae

506 2603 543 2635 ad
560 2603 779 2645 pecuniariam
805 2602 1072 2645 compositionem
1107 2611 1171 2634 non

507 2651 726 2691 admittantur,
748 2650 823 2685 508.

1303 393 1377 414 cum
1403 382 1619 426 prohibitione
1640 393 1679 416 ne
1704 383 1780 426 quid
1814 394 1832 416 a
1856 383 1970 426 prosti-

1305 430 1380 463 tutis
1400 431 1590 464 mulieribus
1610 431 1765 473 exigatur,
1788 430 1862 464 509.

1216 478 1261 509 Vl.
1286 477 1406 510 Litcrac·
1429 489 1596 521 processus
1615 479 1713 512 Clem.
1737 479 1758 510 V
1788 484 1819 511 et
1847 479 1973 512 loannis

1306 526 1382 558 xxti
1399 532 1510 559 contra
1526 526 1721 567 invadentes,
1739 528 1785 559 vel
1802 527 1881 560 alias
1895 538 1973 570 quo-

1305 574 1613 607 modolibetSiciliae
1629 585 1765 617 regnum
1778 580 1973 621 occupantes

1305 623 1544 665 promulgatae,
1567 623 1784 656 extenduntur
1808 624 1846 656 ad
1872 623 1970 656 Bene-

1305 676 1472 704 ventanam
1494 672 1663 713 civitatem,
1691 671 1764 705 510.

1309 718 1503 752 Reformatio
1523 725 1668 753 taxarum
1693 721 1821 753 Curiae>
1841 721 1973 753 civitatis

1307 767 1558 808 Beneventanae,
1576 768 1650 802 512.

1315 820 1461 854 Extensio
1481 821 1718 854 constitutionis
1743 827 1853 854 contra
1874 831 1970 854 occu-

1306 874 1416 911 pantes
1450 870 1519 903 iura
1558 875 1588 903 et
1625 870 1708 903 bona
1737 870 1767 903 S.
1797 870 1832 902 Η.
1863 870 1896 902 Ε.
1933 871 1971 902 ad

1306 917 1466 951 invasores
1503 923 1682 958 terrarum,
1714 919 1859 952 locorum
1874 945 1881 959 ,
1922 919 1970 951 iu-

1306 966 1455 1009 riumque
1489 977 1772 1010 quorumcumque
1811 967 1971 999 Ecclesiae

1305 1015 1544 1056 Avenionensis,
1569 1015 1644 1049 513.

1216 1062 1264 1094 ΙΧ.
1290 1063 1451 1097 Innovatio
1471 1065 1703 1097 sententiarum
1723 1064 1895 1098 Clementis
1911 1064 1967 1096 PP.

1305 1111 1338 1144 vl
1359 1118 1471 1145 contra
1492 1113 1603 1146 dantes
1622 1114 1669 1146 vel
1690 1113 1893 1156 acquirentes
1913 1114 1970 1145 do-

1304 1160 1439 1194 minium
1460 1167 1515 1194 aut
1535 1162 1789 1194 iurisdictionem
1810 1161 1856 1194 vel
1878 1171 1970 1204 prae-

1303 1209 1510 1242 eminentiam
1536 1215 1590 1243 aut
1615 1210 1842 1253 obligationem
1873 1220 1972 1254 super

1303 1258 1413 1290 castris
1433 1264 1463 1290 et
1483 1258 1561 1291 locis
1582 1258 1764 1301 patrimonii
1782 1257 1867 1291 Beati
1887 1257 1970 1290 Petri

1303 1306 1333 1337 in
1355 1307 1480 1346 Tuscia,
1499 1313 1554 1340 aut
1569 1308 1801 1351 quoquomodo
1821 1317 1858 1340 ea
1878 1317 1971 1340 oecu-

1303 1360 1430 1396 pantes,
1471 1356 1724 1398 earumdemque
1757 1355 1898 1388 extensio
1932 1355 1970 1387 ad

1303 1402 1380 1434 alias
1415 1403 1592 1445 provincias
1618 1403 1724 1436 Status
1744 1403 1968 1442 Ecclesiastici,

1303 1451 1377 1483 514.

1215 1499 1248 1530 X.
1270 1499 1426 1532 Institutio
1443 1501 1613 1533 cathedrae
1633 1501 1832 1543 theologicae
1853 1501 1884 1532 in
1901 1500 1970 1533 Stu-

1304 1548 1355 1579 dio
1380 1549 1521 1590 generali
1543 1549 1677 1582 civitatis
1697 1549 1872 1589 Bononiae,
1891 1548 1965 1581 517.

1218 717 1275 749 vll.

1216 820 1290 852 Vlll.

1471 1647 1650 1680 URBANUS
1672 1647 1704 1679 V.

1213 1742 1233 1775 l.
1259 1743 1416 1777 Institutio
1450 1744 1553 1777 Studii
1586 1746 1745 1788 generalis
1779 1746 1810 1778 in
1845 1747 1968 1781 civitate

1301 1792 1448 1826 Patavina
1483 1793 1577 1826 etiam
1611 1794 1644 1826 in
1674 1794 1823 1828 facultate
1843 1795 1969 1828 theolo-

1301 1841 1383 1884 gica,
1405 1841 1479 1875 519.

1214 1889 1248 1922 11.
1296 1890 1499 1933 Privilegium
1542 1890 1669 1924 Ordinis
1706 1892 1969 1926 Cartusianorum

1303 1939 1411 1972 utendi
1442 1939 1541 1973 altare
1576 1940 1716 1983 portatili
1748 1951 1806 1984 pro
1826 1941 1969 1975 celebra-

1301 1988 1387 2021 tione
1408 1988 1578 2021 missarum
1609 1989 1641 2021 in
1661 1988 1739 2021 locis
1759 1989 1797 2021 ad
1818 1989 1970 2022 Ordinem

1303 2036 1532 2079 spectantibus,
1555 2036 1629 2069 520.

1213 2083 1260 2116 111.
1286 2084 1464 2117 Iurisdictio
1495 2086 1663 2118 camerarii
1683 2085 1714 2118 S.
1739 2085 1773 2118 R.
1797 2086 1830 2118 E.
1856 2097 1969 2129 proce-

1302 2134 1396 2166 dendi
1432 2140 1543 2167 contra
1573 2135 1691 2177 piratas
1720 2144 1799 2167 nova
1837 2134 1971 2178 pedagia

1303 2182 1516 2225 imponentes,
1539 2193 1640 2226 eaque
1662 2188 1882 2226 perpetrantes
1898 2193 1970 2226 quae

1303 2230 1334 2262 in
1354 2230 1445 2263 Bulla
1466 2230 1504 2263 Ιη
1529 2231 1635 2264 Coena
1655 2231 1791 2264 Domini
1809 2236 1967 2270 vetantur,

1213 2328 1417 2362 1v.1udaeos
1451 2329 1668 2369 molestantes,
1704 2339 1759 2362 seu
1794 2330 1870 2362 alias
1895 2329 1971 2372 ipsis

1302 2378 1436 2411 iniurias
1451 2378 1693 2421 quomodolibet
1714 2378 1898 2418 inferentes,
1917 2383 1971 2410 aut

1302 2427 1339 2459 ad
1361 2427 1583 2470 recipiendum
1604 2427 1798 2471 baptismum
1826 2428 1969 2471 compel»

1303 2472 1402 2504 lentes
1423 2471 1764 2505 excommunicationis
1786 2482 1889 2515 poena
1904 2471 1971 2514 ple-

1302 2521 1445 2556 ctuntur,
1468 2516 1541 2550 522.

1212 2558 1245 2591 V.
1270 2558 1464 2594 Cassinensis
1484 2561 1625 2595 Ecclesia
1650 2561 1727 2594 olim
1743 2561 1776 2594 in
1801 2560 1967 2604 episcopa-

1303 2604 1365 2637 lem
1382 2610 1500 2682 ἒῐέῗὲῑῑα,
1518 2606 1635 2640 iterum
1651 2604 1818 2638 abbatialis
1833 2605 1970 2638 restitui-

1300 2654 1365 2689 tur,
1456 2674 1462 2680 .
