2274 3265
208 263 245 289 An
274 264 300 289 C.
324 264 388 289 1559

461 253 518 283 iiii

405 327 507 352 torum
525 317 681 352 remittere
697 316 814 351 valeant
826 317 1102 363 poenasprael'atas
1113 316 1151 351 ab

403 368 481 411 aliis,
493 379 587 414 quatu
611 380 626 400 a
643 366 788 413 praelatis
801 365 1005 405 antistitibus,
1031 366 1151 400 abbati-

405 417 462 452 bus
476 425 506 452 et
529 416 673 462 praelatis
689 415 747 450 sibi
762 415 882 451 ‹lebitas
898 428 954 463 pro
970 415 1148 462 praedictis.

404 465 656 502 institutionibus
693 464 890 511 regularibus
929 465 1151 508 inhaerentes,

403 516 583 559 statuimus,
602 523 636 549 ut
657 514 797 549 canonici
824 515 852 549 in
876 514 1030 549 Eeclesiis
1051 514 1153 549 catbe-

403 565 553 605 ‹lralibus,
581 564 780 600 monasteriis
806 565 872 599 sive
895 563 972 598 locis
993 563 1062 598 aliis
1085 563 1151 597 col-

405 615 522 662 legiatis
560 627 617 649 seu
644 614 907 649 conventualibus
933 613 963 647 d.
992 613 1153 658 religionis

403 664 577 708 constituti,
595 663 827 699 consuetudine
845 676 899 698 seu
925 675 982 697 usu
999 663 1153 708 (quinimo

403 714 515 754 abusu,
529 713 685 749 contrario
701 726 762 747 non
776 713 931 767 obstante,
944 713 973 746 in
989 711 1153 746 refectorio

403 763 569 799 comedant
597 763 626 797 in
659 763 833 803 communi
857 762 914 796 uisi
949 763 977 795 in
1006 760 1153 803 casibus,

405 815 433 848 in
468 813 584 867 quibus
605 821 635 847 et
672 821 764 859 prout
799 811 919 847 eisdem
956 811 1076 845 licitum
1107 820 1154 845 est

403 876 459 898 seu
482 875 670 910 permissum
699 871 783 896 extra
818 860 1015 896 ιΗοΓευῑοιὶυιη
1046 872 1154 894 eome-

404 913 479 947 ‹lere
512 911 687 947 secundum
712 911 865 957 regularia
884 918 914 945 et
936 910 1085 944 canoniea
1110 910 1155 943 in-

403 964 521 1002 stituta,
551 962 675 1009 proviso
696 961 781 1007 quod
796 960 851 999 illi,
874 959 1154 1006 quibusincumbit

404 1025 484 1046 onus
523 1010 708 1058 providendi
732 1009 770 1044 de
799 1009 879 1044 victu
903 1009 1066 1043 canonicis
1093 1009 1154 1043 eis—

404 1062 488 1101 dem,
517 1059 699 1114 provideant
725 1058 917 1094 sullicieriter
938 1066 968 1093 et
995 1058 1154 1101 decenter,

406 1124 466 1145 uon
491 1111 520 1144 in
547 1122 691 1157 pecunia,
714 1109 798 1143 sed
793 1122 823 1143 tn
839 1108 1039 1148 victualibus,
1063 1116 1155 1154 prout

404 1160 536 1195 ‹uilibet
557 1172 638 1206 opus
664 1159 739 1193 ciit:
763 1158 801 1193 de
833 1170 894 1205 qua
917 1157 1102 1193 sufficientia
1125 1166 1155 1192 et

404 1209 545 1245 decentia
582 1208 760 1243 victu-ilium
789 1216 960 1247 tractetur,
988 1216 1018 1241 et
1046 1208 1072 1242 si
1095 1220 1156 1242 ex-

405 1259 556 1305 pedierit,
590 1257 754 1293 ordinetur
792 1258 820 1292 in
863 1256 1000 1304 capitulo
1031 1257 1155 1297 annali;

405 1309 624 1352 decernentes,
639 1307 722 1355 quod
740 1307 822 1354 siqui
840 1307 979 1341 redditus
1002 1307 1047 1340 vel
1077 1319 1156 1353 pen-

406 1360 511 1394 siones
523 1357 616 1393 alicui
631 1370 669 1392 ex
688 1357 849 1392 canonicis
863 1356 1062 1403 singulariter
1081 1356 1156 1391 bac-

408 1418 498 1443 tenus
529 1421 584 1455 pto
609 1406 799 1442 victualibus
833 1406 949 1441 suerint
982 1406 1156 1452 assignati,

410 1458 588 1493 nullatenus
630 1457 829 1491 dimittantur
875 1456 987 1491 eidem.
1023 1456 1088 1491 Nos
1126 1465 1156 1491 et

409 1508 636 1555 assignationes
649 1506 831 1541 huiusmodi
846 1518 1041 1551 revocamus,
1055 1515 1085 1540 et
1102 1519 1157 1552 pro

411 1557 560 1593 revocatis
588 1556 692 1591 baberi
730 1556 894 1594 volumus,
929 1565 958 1591 et
999 1569 1051 1590 eas
1091 1556 1156 1591 lieri

409 1607 558 1654 deinceps
581 1605 797 1654 prohibemus.
819 1605 864 1639 llli
881 1618 1019 1653 quoque,
1042 1606 1159 1652 quibus

410 1656 563 1692 incumbit
575 1668 657 1691 onus
668 1655 706 1690 de
721 1656 926 1700 vestimentis,
938 1655 1159 1690 calceamentis

408 1716 438 1741 et
471 1706 540 1741 aliis
573 1705 714 1752 corporis
742 1705 937 1739 indumentis
972 1705 1159 1740 necessariis

408 1756 500 1791 «lictis
521 1755 681 1791 canonicis
701 1754 898 1802 providendi,
913 1755 1034 1790 eisdem
1061 1756 1160 1802 provi-

409 1807 502 1842 ‹leant
523 1805 719 1840 sufficienter
740 1813 770 1840 et
791 1805 951 1845 (lecenter,
974 1813 1003 1840 et
1020 1814 1159 1852 tempore

410 1868 550 1904 congruo
565 1856 650 1891 iuxta
666 1855 902 1903 suppetentiam
930 1855 1114 1891 facultatum
1131 1863 1162 1890 et

411 1906 625 1942 conditionem
650 1917 705 1940 seu
729 1905 911 1952 qualitatem
936 1906 1096 1952 regionis:
1131 1915 1161 1940 et

413 1955 487 1991 illud
511 1955 595 2003 quod
618 1955 758 1990 dandum
782 1955 841 1989 erit
862 1955 995 2002 singulis
1024 1968 1080 2002 pro
1108 1968 1163 1990 ve-

412 2006 569 2041 stimentis
591 2013 621 2041 et
647 2005 714 2040 aliis
745 2004 935 2052 praedictis,
958 2004 1104 2040 ordinent
1133 2013 1162 2039 et

414 2065 530 2099 taxent,
557 2055 583 2091 si
607 2068 688 2102 opus
713 2055 817 2099 fuerit,
846 2055 876 2089 in
899 2055 1001 2089 annali
1025 2056 1164 2102 capitulo

415 2113 596 2141 memorato.
626 2105 674 2140 Ad
707 2105 783 2139 baec
805 2105 1051 2151 subiungimus,
1079 2104 1163 2152 quod

416 2156 472 2200 illi,
495 2155 548 2203 qui
569 2154 724 2203 praedicta
747 2154 969 2190 administrare
996 2162 1165 2199 tenentur,

415 2205 452 2240 ad
475 2218 522 2246 ea,
541 2205 626 2240 omni
640 2206 842 2240 excusatione
864 2212 1017 2245 cessante,
1035 2214 1066 2239 ut
1082 2217 1168 2251 prae-

417 2255 560 2295 mittitur,
584 2255 789 2289 ministranda
815 2267 869 2301 per
889 2255 1069 2302 superiores
1081 2267 1166 2295 suos,

417 2313 469 2339 ant
497 2305 528 2339 in
556 2304 713 2340 defectum
742 2317 873 2349 eorum,
902 2317 956 2352 per
992 2305 1169 2339 visitatores

421 2354 465 2389 iet
496 2354 712 2402 praesidentes
749 2354 778 2388 in
814 2354 950 2401 capitulo
987 2354 1167 2402 provinciali

420 2404 584 2450 deputatos
615 2413 644 2438 et
678 2417 787 2439 eorum
816 2404 991 2452 quemlibet
1027 2404 1169 2451 compel-

422 2454 618 2489 l.1ntur.Nec
639 2454 818 2494 audiantur,
847 2455 873 2489 si
899 2454 1006 2489 dicant
1038 2454 1170 2500 privile—

423 2503 521 2547 gium,
540 2511 703 2543 statutum,
719 2503 948 2539 ordinationem
965 2504 1012 2538 vel
1035 2516 1170 2539 consue-

424 2552 563 2588 tudinem
586 2554 739 2588 contraria
756 2566 789 2589 se
812 2554 941 2597 babere,
963 2562 1016 2589 aut
1032 2566 1088 2601 pro
1106 2554 1172 2588 suis

427 2604 580 2648 personis,
607 2616 779 2650 eorumque
801 2612 884 2638 statu
914 2616 1118 2650 personarum
1142 2612 1172 2638 et

427 2652 602 2688 officiorum
626 2653 766 2688 decentia
790 2653 1039 2699 substentandis,
1068 2666 1100 2689 se
1122 2665 1173 2689 as-

980 260 1163 283 nt‘LtAtttt'tt
1188 260 1321 282 nouam
1327 260 1347 281 ὶΙ

1190 323 1293 350 serant
1319 315 1476 361 indigere,
1500 315 1582 349 nulla
1605 328 1732 362 quoque
1759 329 1853 371 super
1881 317 1940 353 hoe

1190 364 1377 411 appellum,
1401 365 1524 399 nullave
1555 364 1739 411 supplicatio
1761 365 1807 400 eis
1831 368 1938 413 prosit

1192 415 1227 448 Ei
1261 427 1287 448 si
1323 414 1413 448 tertio
1452 413 1572 453 moniti
1608 427 1662 460 per
1688 413 1792 461 aliqua
1816 415 1938 452 dierum

1191 464 1399 509 competentia
1433 462 1591 498 intervalla
1624 463 1781 498 inonentis
1813 464 1941 501 arbitrio

1192 512 1414 559 relinquenda,
1439 512 1617 559 praemissis
1643 513 1810 548 efficaciter
1834 527 1942 561 parere

1191 562 1452 608 contempserint,
1481 570 1702 597 removeantur
1717 576 1732 596 a
1755 563 1825 598 suis
1846 564 1944 599 admi-

1193 611 1433 646 nistrationibus
1469 611 1514 645 vel
1544 611 1679 655 officiis,
1708 612 1839 659 ipsaque
1873 614 1943 648 aliis

1194 661 1337 706 personis
1371 660 1494 696 idoneis
1518 661 1676 708 praedicta
1708 662 1868 709 complere
1892 677 1945 698 va-

1193 710 1331 745 lintibus
1371 711 1622 746 committantur.
1665 710 1804 746 Abbates
1843 725 1944 758 vero,

1194 761 1376 806 praepositi,
1401 773 1520 806 priores
1541 774 1577 796 ac
1604 761 1731 804 caeteri,
1748 761 1840 796 etiam
1864 762 1946 810 Apo-

1193 809 1321 845 stolicae
1348 810 1441 845 Sedis
1457 811 1566 845 notarii
1596 823 1656 845 nou
1683 810 1837 847 babentes
1854 825 1946 859 supe-

1195 859 1291 894 riores
1314 859 1477 906 relioionis
1500 860 1641 895 eiusdem
1668 860 1712 894 vel
1742 861 1905 906 babentes,
1921 864 1945 897 si

1195 909 1333 955 praesint
1355 909 1495 956 collegiis
1512 923 1566 945 seu
1591 910 1815 951 conventibus,
1837 911 1892 958 qui
1907 911 1946 947 de

1196 960 1365 1003 praedictis
1389 960 1553 1005 piovidere
1577 967 1764 999 teneantur,
1794 973 1854 994 non
1884 961 1947 996 ba—

1196 1007 1305 1043 bentes
1327 1009 1454 1056 quidem
1472 1009 1663 1055 superiores,
1687 1023 1701 1043 a
1732 1010 1948 1057 praesidenti-—

1196 1056 1255 1092 bus
1277 1071 1313 1093 ae
1349 1058 1562 1094 visitatoribus
1583 1067 1614 1094 et
1643 1070 1752 1093 eorum
1782 1060 1948 1105 quolibet

1195 1108 1308 1142 caeteri
1330 1120 1401 1143 vero
1425 1116 1485 1142 tam
1514 1108 1554 1143 ab
1575 1108 1712 1151 eisdem,
1735 1121 1828 1156 quam
1853 1110 1946 1144 etiam

1195 1169 1209 1189 a
1228 1157 1320 1191 dictis
1336 1157 1554 1204 superioribus
1576 1171 1631 1205 per
1657 1171 1823 1192 censuram
1847 1159 1949 1194 eccle-

1195 1206 1365 1251 siasticam,
1393 1207 1523 1254 aliisque
1553 1207 1700 1242 remediis
1722 1207 1758 1241 ad
1783 1207 1843 1243 hoc
1870 1221 1949 1244 cou-

1195 1257 1381 1301 gruentibns
1403 1256 1441 1291 ad
1457 1257 1485 1291 id
1501 1258 1632 1292 omnino
1648 1265 1812 1302 cogantur,
1827 1258 1948 1293 eisdem

1196 1306 1418 1352 superioribus
1441 1307 1500 1341 nisi
1529 1320 1605 1342 suos
1626 1306 1795 1349 subditos,
1824 1320 1947 1343 necnon

1196 1355 1286 1389 dictis
1310 1357 1561 1403 praesidentibus
1583 1370 1618 1391 ac
1642 1356 1866 1397 visitatoribus,
1890 1359 1947 1392 nisi

1196 1405 1336 1447 abbates,
1361 1407 1481 1452 priores
1508 1415 1537 1440 et
1565 1407 1642 1441 alios
1664 1407 1864 1452 supradictos
1885 1409 1950 1442 effi-

1196 1456 1310 1490 caciter
1329 1457 1366 1490 ad
1391 1457 1561 1503 praemissa
1588 1455 1820 1503 compulerint,
1845 1458 1874 1491 iu
1895 1471 1950 1493 ea-

1199 1506 1307 1552 pitulis
1343 1506 1586 1553 provincialibus
1619 1506 1754 1552 graviter
1780 1507 1949 1553 arguendis

1197 1563 1226 1588 et
1255 1555 1358 1590 taliter
1379 1556 1587 1602 corrigendis,
1607 1556 1691 1603 quod
1712 1556 1803 1591 cedat
1818 1557 1951 1592 caeteris

1199 1605 1444 1652 inexemplum.
1479 1605 1649 1640 Caeterum
1681 1606 1705 1639 si
1745 1605 1888 1640 redditus
1921 1615 1951 1641 et

1200 1663 1368 1701 proventus
1396 1656 1596 1701 dignitatum,
1619 1655 1795 1690 officiorum
1819 1669 1873 1691 seu
1897 1656 1952 1690 ad-

1201 1704 1481 1748 ministrationum,
1504 1705 1618 1752 quibus
1646 1717 1727 1740 onus
1756 1705 1951 1753 praedictum

1200 1755 1368 1800 incumbit,
1378 1755 1523 1790 autdieta
1535 1754 1691 1797 victualia,
1702 1755 1883 1791 vestimenta
1894 1769 1949 1791 seu

1200 1805 1256 1839 ilia
1282 1818 1337 1851 pro
1365 1805 1448 1839 victu
1472 1818 1527 1840 seu
1558 1805 1670 1840 vestitu
1695 1806 1872 1840 necessario
1894 1819 1953 1841 ca-

1202 1855 1325 1890 nonicis
1341 1855 1549 1890 ministrando
1565 1868 1629 1890 non
1645 1855 1840 1897 suffecerint,
1857 1857 1955 1903 possit

1204 1905 1360 1953 praelatus
1396 1905 1425 1939 in
1457 1918 1514 1940 suo
1541 1906 1645 1940 annali
1682 1905 1835 1953 capitulo,
1882 1918 1953 1941 cum

1203 1955 1335 1990 consilio
1358 1963 1389 1990 et
1424 1967 1555 1990 assensu
1577 1955 1719 1991 eiusdem
1747 1955 1878 2003 capituli
1907 1955 1955 1990 vel

1205 2005 1332 2041 maioris
1356 2005 1453 2052 partis
1475 2005 1593 2052 ipsius,
1616 2005 1802 2040 auctoritate
1824 2013 1956 2052 aposto-

1204 2054 1890 2102 lica,prioratibus,administrationibus
1926 2063 1956 2090 et

1204 2106 1272 2140 aliis
1294 2105 1455 2140 benefieiis
1483 2117 1538 2152 per
1564 2105 1736 2140 canonicos
1758 2105 1859 2140 dictae
1882 2104 1958 2139 reli-

1205 2155 1308 2201 gionis
1341 2155 1442 2190 solitis
1477 2154 1671 2200 gubernari,
1706 2154 1821 2201 quibus
1847 2166 1957 2190 eorum

1207 2205 1400 2252 supportatis
1433 2204 1586 2239 oneribus
1619 2205 1656 2239 ad
1686 2204 1745 2240 boc
1774 2204 1959 2240 suffecerint

1209 2255 1371 2290 facultates
1393 2255 1526 2297 (vocatis
1545 2263 1648 2289 tamen
1671 2254 1708 2288 ad
1726 2254 1785 2289 boe
1803 2253 1961 2301 prioribus

1209 2304 1255 2339 vel
1272 2304 1580 2339 administratoribus
1602 2312 1632 2338 et
1654 2304 1723 2339 aliis
1743 2303 1937 2339 beneficiatis
1953 2332 1961 2345 ,

1209 2355 1262 2401 qui
1298 2354 1415 2389 eisdem
1442 2354 1653 2401 praefuerint)
1683 2354 1854 2400 pensiones
1888 2366 1961 2401 per-

1212 2413 1319 2450 petuas
1348 2404 1521 2450 imponere,
1551 2416 1606 2451 pro
1632 2404 1802 2438 snslicienti
1831 2404 1961 2450 supple-

1212 2462 1317 2488 mento
1333 2453 1476 2488 desectus
1499 2453 1679 2489 victualium
1703 2462 1733 2488 et
1756 2453 1963 2488 vestimento-

1212 2517 1279 2538 rum
1298 2512 1328 2538 et
1349 2504 1481 2539 aliorum
1499 2503 1761 2546 necessariorum,
1779 2516 1835 2550 pro
1854 2502 1963 2538 babitu

1212 2554 1354 2601 corporis
1382 2554 1554 2597 dumtaxat,
1577 2566 1656 2601 quas
1682 2553 1810 2601 quidem
1835 2553 1962 2600 pensio-

1213 2617 1268 2638 nes
1295 2617 1330 2638 ex
1355 2612 1442 2647 tunc,
1470 2612 1531 2638 tam
1561 2603 1602 2637 illi
1621 2603 1674 2649 qui
1697 2602 1816 2637 eisdem
1845 2603 1964 2649 priora-

1214 2652 1651 2695 tibus,administrationibus
1666 2660 1696 2688 et
1719 2652 1882 2688 beneficiis
1896 2651 1966 2687 aliis

1956 262 2006 288 An.
2025 261 2135 288 «11559

2245 1324 2263 1402 31:¹¹..—
2252 1280 2263 1311 m
