2274 3265
86 286 134 312 An.
155 285 184 312 C.
202 287 267 312 1517

89 642 165 664 eontra
176 649 211 664 eos
219 650 267 670 pro-

81 675 127 695 cedi
153 680 217 701 posse
240 675 265 695 ab

82 707 192 732 inquisit->ir
231 707 266 726 nie-

83 736 148 756 clarat
159 736 253 757 Panum

82 1736 141 1763 Ept„
132 1743 197 1764 esopi
207 1743 237 1756 in
241 1742 265 1755 n-

81 1770 122 1789 nam
133 1773 159 1788 ne
175 1773 200 1787 en
203 1772 263 1787 sim

81 1806 105 1826 p·
96 1800 140 1819 -vna
143 1801 172 1818 nt.

786 285 922 308 iamnes
944 285 1004 307 xxi
1027 274 1133 316 (dictus
1156 284 1241 316 xxii)
1264 285 1313 307 ei»,

280 349 327 375 tes
354 339 392 374 ab
420 340 498 387 ipsa,
519 339 556 374 ad
584 339 732 374 ecclesias
753 338 950 385 confugiunt,
965 350 1026 372 nou

280 389 317 424 ad
337 389 446 424 salutis
468 389 655 433 remedium,
677 389 731 423 sed
759 397 794 423 ut
816 397 932 423 vestras
959 399 1027 422 rna-

281 451 340 473 nus
361 439 511 485 effugiant
541 448 572 473 et
593 452 721 473 suorum
752 438 907 473 scelerum
931 438 1028 471 vitent

280 488 431 523 iudicium
456 488 600 529 ultionis,
622 500 717 534 super
738 500 800 534 quo
827 487 1026 532 Apostolicae

280 537 373 573 Sedis
397 538 621 585 providentiam
645 536 807 571 humiliter
824 536 1025 582 implorastis.

328 591 344 630 ἕ
372 591 398 621 1.
422 587 486 622 Nos
513 588 608 633 igitur
632 587 669 621 ad
693 585 894 632 extirpandos
918 586 1027 620 ortlio-

280 637 379 672 doxae
401 637 472 672 fidei
496 637 650 676 inimicos,
677 644 705 670 et
736 635 864 670 herbam
887 643 948 670 tam
969 648 1027 670 no-

280 687 361 722 xiam
377 695 408 722 et
425 687 602 734 pestiferam
617 685 656 720 de
671 685 763 719 horto
780 685 948 720 Dominico
976 698 1026 719 ra-

259 736 393 772 ·dicitus
415 735 620 778 evellendam,
635 735 767 770 solicitis
788 734 901 769 studiis
923 735 1027 768 inten-

278 786 400 829 dentes,
416 785 596 821 discretioni
625 793 743 819 vestrae
764 785 801 819 ad
831 785 927 818 instar
954 784 1025 819 foel.

278 849 340 871 rec.
363 836 486 871 Martini
515 834 618 882 Papae
635 835 752 882 quarti,
777 834 1027 881 praedecessoris

278 887 396 926 nostri,
419 886 470 932 qui
502 897 556 931 per
577 885 766 931 apostolicas
794 884 898 919 literas
926 885 1026 932 iuqui-

276 935 427 969 sitoribus
451 934 624 969 baereticae
649 934 808 981 pravitatis
823 948 877 981 per
893 947 1023 979 reguum

276 985 427 1019 Franciae
454 985 635 1019 constitutis
663 984 744 1018 idem
773 984 949 1025 niandavi13
972 997 1027 1031 pe1

275 1035 444 1082 apostolica
477 1035 591 1080 scripta
627 1033 835 1072 mandamus,
871 1042 1026 1081 qnatenus

275 1093 381 1118 contra
404 1084 485 1123 illos,
505 1096 584 1130 quos
606 1084 645 1117 de
669 1083 848 1118 huiusmodi
872 1084 1026 1118 liat-retica

276 1134 423 1180 pravitate
452 1133 516 1168 l'ore
545 1133 732 1180 culpabiles,
760 1133 808 1167 vel
832 1133 871 1167 de
900 1133 949 1167 illa
974 1146 1028 1168 uo-

277 1183 411 1218 labiliter
441 1192 608 1230 suspectos
629 1194 698 1217 esse
723 1183 809 1217 vobis
835 1183 1026 1223 constiterit

277 1242 439 1268 accusatos
461 1234 553 1267 etiam
576 1233 613 1266 de
637 1232 704 1266 labe
719 1232 886 1278 praedicta,
901 1244 1028 1266 couver-

275 1295 327 1317 sos
344 1294 470 1330 quoque
485 1282 626 1324 iudaeos,
641 1291 671 1315 et
692 1282 904 1328 postmodum,
924 1290 1028 1327 paten-

277 1341 322 1366 ter
344 1332 390 1366 vel
415 1331 637 1366 verisimilibus
659 1331 796 1372 iudiciis,
816 1339 1028 1377 apostatantes

276 1394 291 1415 a
320 1381 396 1422 fide,
425 1382 510 1415 iuxta
545 1380 726 1427 qualitatem
760 1381 863 1415 delicti
891 1393 1029 1427 exequa-

277 1432 352 1465 mini
376 1431 474 1466 libere
496 1430 586 1465 officii
612 1431 703 1464 vestri
723 1430 879 1472 debitum⁷
896 1443 931 1465 ac
948 1432 971 1464 si
988 1430 1026 1464 ad

277 1481 426 1516 ecclesias
454 1490 483 1515 et
511 1481 576 1515 loca
607 1481 763 1527 praedicta
795 1481 924 1516 minime
956 1494 1028 1516 con-

277 1531 445 1577 fugissent,
460 1531 706 1566 contradictores
721 1544 774 1577 per
793 1544 960 1566 censuram
976 1546 1028 1566 ec-

277 1581 495 1620 clesiasticam,
511 1581 722 1629 appellatione
738 1583 922 1629 postposita,
939 1595 1029 1616 com-

279 1631 446 1677 pescendo.

326 1684 341 1723 §
367 1682 400 1714 2.
423 1681 463 1716 Et
482 1690 515 1715 ut
543 1681 694 1716 nullutn
688 1695 717 1716 tn
741 1681 799 1715 hac
822 1691 907 1728 parte
932 1683 1030 1729 possit

277 1730 476 1766 obstaculum
500 1731 588 1766 vobis
607 1731 693 1778 poni
721 1732 952 1767 venerabilibus
975 1733 1031 1767 fra-

279 1781 378 1816 tribus
407 1782 522 1816 nostris
548 1781 794 1828 archiepiscopis
821 1790 850 1816 et
872 1783 1031 1829 episcopis

278 1844 333 1879 per
354 1844 486 1877 regnum
510 1831 662 1866 Franciae
684 1832 874 1875 constitutis,
899 1846 953 1879 per
975 1833 1031 1867 bas

278 1890 400 1916 nostras
422 1881 526 1916 literas
549 1881 754 1925 iniungimus,
772 1891 803 1915 ut
820 1895 873 1916 vos
892 1895 953 1916 non
972 1884 1031 1917 ini-

279 1931 418 1978 pediant,
441 1931 613 1978 quominus
642 1931 823 1966 huiusmodi
849 1933 1029 1967 mandatum

279 1988 421 2016 nostrum
440 1981 569 2025 implere
583 1980 679 2015 libere
695 1981 832 2019 valeatis,
855 1982 908 2016 sed
931 1984 1033 2028 potius

279 2031 315 2065 ad
345 2031 580 2077 requisitionem
611 2041 743 2065 vestram
760 2031 789 2065 in
810 2031 846 2065 iis
870 2031 958 2066 vobis
980 2045 1033 2067 as-

279 2080 401 2119 sistant,
428 2081 509 2114 sicut
536 2080 673 2115 extiterit
696 2090 920 2127 opportunum.

328 2129 399 2164 Dat.
434 2130 596 2164 Avenione
632 2130 736 2164 idibus
769 2132 916 2177 augusti,
950 2144 1032 2167 auno

282 2192 392 2226 primo.

321 2240 380 2270 nat.
399 2241 446 2271 die
467 2241 502 2271 13
521 2243 637 2279 augusti
656 2243 742 2278 1317,
761 2243 864 2281 pontif.
882 2253 958 2272 anuo
975 2253 992 2273 ι.

630 2400 683 2435 Xl.

285 2474 520 2508 Dismembratio
553 2475 741 2520 episcopatus
776 2476 971 2513 Narbonem,
1008 2485 1033 2509 ει

331 2525 436 2557 erectio
463 2524 644 2557 cathedralis
668 2525 817 2558 Ecclesiae
844 2526 875 2557 in
896 2526 974 2558 villa
999 2528 1034 2558 de

334 2574 454 2607 Limosa
481 2575 613 2607 eiusdem
639 2575 780 2608 dioecesis
807 2587 871 2608 cum
896 2575 1034 2609 iurisdic-

333 2623 412 2656 tione
428 2631 454 2656 el
477 2624 594 2656 iuribus
615 2625 783 2657 ordinariis
810 2626 864 2667 (l).

320 2692 359 2727 (t)
375 2692 413 2719 Ex
429 2693 534 2728 Regest.
553 2693 577 2720 in
595 2693 704 2720 Archiv.
724 2694 806 2723 Vatic.

1698 275 1761 308 ⁹25¹

1338 337 1551 369 SUMMARIUM

1071 405 1096 434 1.
1118 403 1231 434 Causae
1253 405 1534 435 dismembrationis.
1553 423 1592 429 —
1613 406 1722 436 Divisio
1747 406 1819 437 Nar-

1110 448 1215 477 bonen.
1244 448 1390 478 dioecesis
1411 451 1438 478 iu
1463 450 1546 479 duas.
1569 466 1607 473 -——
1626 450 1738 480 Erectio
1757 453 1818 487 epi—

1108 496 1246 531 scopatus
1276 492 1416 522 Limosini
1433 518 1437 521 .
1470 510 1509 515 -—-
1526 493 1577 524 Cui
1605 495 1816 530 providendum

1109 536 1144 566 de
1157 536 1320 567 redditibus
1340 546 1373 566 ex
1389 537 1474 567 bonis
1490 537 1639 569 Ecclesiae
1655 537 1807 570 Narboneu

1113 613 1224 641 ioannes
1255 612 1395 649 episcopus
1425 619 1520 642 servus
1550 620 1690 643 servorum
1719 615 1775 646 Dei.

1203 662 1237 690 ad
1265 663 1427 698 pai-petuam
1458 663 1499 691 rei
1517 661 1685 691 memoriam.

1118 736 1260 770 Salxator
1283 743 1401 775 noster,
1415 742 1467 769 etc

1117 786 1190 833 §l—
1218 784 1302 820 Saue
1335 785 1574 820 considerantes
1605 793 1755 820 attentius
1790 796 1820 820 et

1070 837 1149 871 intra
1179 836 1312 881 pectoris
1341 835 1474 869 claustra
1504 835 1705 870 meditatione
1733 835 1822 870 solli-

1068 887 1128 920 cita
1152 885 1346 920 revolventes
1359 885 1442 932 quod
1461 885 1490 919 iu
1516 894 1598 919 tauta
1619 885 1821 921 multitudiue

1071 937 1176 982 populi
1200 943 1316 982 quanta
1340 934 1539 969 foecundavit
1563 934 1746 971 Altissimus
1772 936 1821 971 ci—

1069 986 1196 1020 vitatem
1226 993 1255 1018 et
1282 985 1452 1019 dioecesim
1482 983 1664 1020 Narboneu
1680 1013 1687 1025 ‚
1716 987 1821 1034 singu-

1070 1036 1169 1070 lorum
1185 1034 1289 1069 vultus
1308 1035 1467 1080 nequibat,
1482 1034 1693 1074 utcoudecet,
1711 1049 1781 1069 uuu-
1787 1049 1822 1071 us

1070 1094 1174 1131 pastor
1217 1084 1371 1130 inspicere
1414 1093 1469 1119 aut
1497 1083 1573 1119 alias
1609 1094 1712 1131 partes
1748 1085 1821 1120 boui

1070 1134 1202 1179 pastoris
1225 1134 1367 1180 implete
1384 1145 1445 1167 nou
1462 1134 1531 1167 sine
1544 1136 1627 1179 gravi
1645 1135 1819 1169 animarum

1069 1183 1237 1230 dispendio
1269 1190 1298 1216 et
1329 1195 1534 1229 personarum
1544 1161 1751 1229 odeoentium
1791 1186 1820 1219 in

1069 1233 1200 1270 eisdem.
1224 1232 1373 1279 quodque
1395 1232 1509 1267 durum
1533 1241 1598 1267 erat
1619 1243 1712 1280 atque
1734 1233 1822 1268 diffi—

1069 1282 1128 1316 cile
1147 1283 1177 1316 in
1194 1283 1301 1316 eadem
1319 1282 1467 1321 dioecesi,
1483 1294 1561 1329 quae
1579 1282 1636 1316 lata
1658 1292 1688 1317 et
1707 1283 1822 1318 diffusa

1069 1332 1186 1371 existit,
1209 1331 1245 1365 ad
1268 1332 1395 1366 unicum
1423 1340 1545 1366 tantum
1568 1345 1583 1366 a
1613 1341 1657 1366 tot
1681 1334 1824 1379 personis

1069 1381 1293 1417 ecclesiasticis
1320 1390 1349 1415 ct
1372 1382 1541 1416 mundanis
1570 1395 1733 1417 recursum
1767 1383 1823 1418 lia-

1071 1432 1151 1472 beri;
1177 1441 1345 1478 pensantes
1368 1444 1506 1479 quoque,
1529 1432 1614 1479 quod
1637 1433 1824 1468 cathedralis

1069 1484 1212 1519 Ecclesia
1234 1484 1416 1519 Narbonen.
1441 1485 1470 1517 iu
1489 1485 1693 1530 proventibus
1704 1493 1735 1520 et
1753 1484 1824 1519 red-

1070 1535 1187 1569 ditibus
1209 1536 1322 1570 annuis
1346 1545 1406 1570 tam
1423 1534 1597 1576 affluenter,
1614 1545 1739 1582 tamque
1759 1548 1823 1570 ma-

1070 1585 1184 1631 gnifice
1215 1585 1377 1620 abundare
1411 1585 1626 1640 conspicitur,
1665 1585 1748 1633 quod
1784 1585 1824 1619 de

1072 1637 1212 1692 ipsorum
1236 1636 1439 1670 multitudine
1468 1635 1594 1682 copiosa
1625 1644 1726 1682 potest
1753 1636 1822 1682 epi-

1072 1687 1178 1733 scopis
1201 1686 1283 1721 iuxta
1312 1687 1359 1721 sni
1388 1694 1488 1720 status
1516 1686 1690 1721 decentiam
1717 1698 1824 1732 provi-

1072 1736 1152 1775 deri
1169 1748 1225 1771 uos
1252 1735 1370 1771 cultum
1395 1749 1508 1782 augere
1535 1736 1690 1775 divinum,
1712 1745 1739 1770 et
1756 1748 1823 1782 spi-

1074 1787 1216 1821 ritualem
1245 1786 1420 1820 animarum
1450 1787 1622 1833 profectum
1638 1814 1646 1829 ‚
1669 1798 1762 1832 quem
1786 1798 1823 1819 ex

1073 1836 1259 1883 subscriptis
1288 1835 1417 1870 indubie
1446 1836 1610 1883 provenire
1637 1847 1823 1881 speramus,

1075 1899 1258 1933 promovere
1287 1886 1454 1920 salubriter
1481 1885 1705 1925 intendentes,
1733 1897 1826 1932 prae-

1075 1937 1180 1970 missis
1210 1946 1239 1971 et
1266 1936 1338 1971 aliis
1372 1936 1580 1970 suadentibus
1608 1935 1698 1970 iustis
1721 1935 1825 1970 causis

1074 1999 1145 2021 cum
1183 1986 1332 2021 fratribus
1360 1986 1476 2020 nostris
1504 1985 1609 2020 liabito
1644 1998 1741 2031 super
1768 1985 1826 2019 lioc

1075 2036 1216 2082 diligenti
1247 2043 1389 2078 tractatu,
1405 2035 1444 2070 de
1474 2037 1612 2083 ipsorum
1636 2035 1768 2068 consilio
1795 2042 1824 2068 et

1075 2099 1111 2120 ex
1128 2094 1231 2120 nostra
1256 2094 1339 2120 certa
1363 2086 1491 2119 scientia
1511 2093 1540 2118 et
1553 2084 1743 2131 apostolicae
1760 2084 1826 2130 ple-

1077 2135 1220 2170 nitudine
1244 2136 1415 2181 potes-tatis,
1430 2135 1466 2168 ad
1482 2134 1605 2169 laudem
1629 2134 1687 2169 Dei
1705 2142 1734 2168 et
1748 2133 1824 2167 exal-

1075 2186 1224 2219 tationem
1257 2185 1418 2220 Ecclesiae
1445 2185 1651 2231 fideliumque
1674 2183 1824 2223 salutem,

1075 2235 1254 2270 Narboneu.
1284 2234 1453 2269 dioecesim
1485 2235 1669 2268 auctoritate
1697 2242 1826 2280 aposto-

1076 2285 1134 2319 lica
1168 2285 1339 2319 dividimus
1368 2285 1397 2317 iu
1428 2285 1507 2318 duas
1533 2283 1719 2322 dioeceses,
1747 2295 1826 2330 quas

1077 2348 1132 2381 per
1150 2342 1252 2369 certos
1271 2334 1423 2380 distingui
1447 2334 1560 2367 limites
1584 2332 1750 2367 faciemus:
1779 2345 1827 2366 vo·

1076 2385 1177 2420 lentes
1204 2396 1239 2418 ac
1272 2384 1366 2419 etiam
1401 2383 1609 2417 decernentes
1643 2382 1824 2416 auctoritate

1078 2433 1247 2481 praedicta,
1269 2433 1309 2467 de
1331 2433 1460 2467 fratrum
1484 2432 1624 2479 ipsorum
1646 2432 1778 2466 consilio
1797 2441 1827 2466 et

1078 2482 1252 2531 praedictae
1287 2482 1484 2528 plenitudine
1521 2481 1705 2528 potestatis,
1741 2481 1824 2528 quod

1078 2541 1198 2580 praeter
1219 2533 1374 2566 civitatem
1411 2531 1607 2572 Narbouen„
1629 2543 1710 2577 quae
1737 2543 1825 2565 suam

1078 2582 1232 2629 propriam
1256 2590 1285 2616 et
1307 2581 1487 2616 distinctam
1506 2580 1632 2615 habebit
1654 2580 1824 2615 dioecesim

1076 2632 1170 2666 certis
1192 2631 1344 2666 limitibus
1367 2630 1572 2673 limitant‘latn,
1593 2629 1697 2664 villam
1717 2630 1755 2664 de
1771 2629 1825 2664 Li-

1077 2693 1164 2716 moso
1173 2681 1272 2716 dictae
1282 2681 1353 2715 olim
1365 2680 1519 2715 dioecesis
1528 2679 1721 2721 Narbonen„
1731 2691 1824 2726 quam

1854 799 1887 819 Cat
1909 805 1932 818 ae
1974 800 2004 818 dis

1835 830 1957 850 membrum

1853 2233 1930 2254 Divisio
1945 2233 2023 2254 Narbo-

1840 2270 1888 2285 uen.
1918 2265 2022 2286 dioecesis

1839 2302 1860 2316 iu
1876 2297 1934 2316 duas.
