<?xml version="1.0" encoding="UTF-8"?>
<!DOCTYPE html PUBLIC "-//W3C//DTD XHTML 1.0 Transitional//EN"
    "http://www.w3.org/TR/xhtml1/DTD/xhtml1-transitional.dtd">
<html xmlns="http://www.w3.org/1999/xhtml" xml:lang="en" lang="en">
 <head>
  <title>
</title>
<meta http-equiv="Content-Type" content="text/html;charset=utf-8" />
  <meta name='ocr-system' content='tesseract 3.04.00' />
  <meta name='ocr-capabilities' content='ocr_page ocr_carea ocr_par ocr_line ocrx_word'/>
</head>
<body>
  <div class='ocr_page' id='page_1' title='image "./bullarumdiplomat04cath/bullarumdiplomat04cath_0411.png"; bbox 0 0 2274 3265; ppageno 0'>
   <div class='ocr_carea' id='block_1_1' title="bbox 131 253 311 280">
    <p class='ocr_par' dir='ltr' id='par_1_1' title="bbox 131 253 311 280">
     <span class='ocr_line' id='line_1_1' title="bbox 131 253 311 280; baseline 0.006 -1"><span class='ocrx_word' id='word_1_1' title='bbox 131 253 179 280; x_wconf 81' lang='grc' dir='ltr'>Αη,</span> <span class='ocrx_word' id='word_1_2' title='bbox 198 254 225 279; x_wconf 74' lang='grc' dir='ltr'>(ἶ,</span> <span class='ocrx_word' id='word_1_3' title='bbox 247 255 311 280; x_wconf 74' lang='grc'>1536</span> 
     </span>
    </p>
   </div>
   <div class='ocr_carea' id='block_1_2' title="bbox 125 702 311 816">
    <p class='ocr_par' dir='ltr' id='par_1_2' title="bbox 125 702 311 816">
     <span class='ocr_line' id='line_1_2' title="bbox 140 702 311 722; baseline 0 -1"><span class='ocrx_word' id='word_1_4' title='bbox 140 702 251 722; x_wconf 62' lang='lat' dir='ltr'>Coristiiiit:</span> <span class='ocrx_word' id='word_1_5' title='bbox 275 703 311 722; x_wconf 68' lang='grc' dir='ltr'>Πη-</span> 
     </span>
     <span class='ocr_line' id='line_1_3' title="bbox 125 733 311 754; baseline 0 -1"><span class='ocrx_word' id='word_1_6' title='bbox 125 733 196 754; x_wconf 69' lang='lat' dir='ltr'>nifrtcii</span> <span class='ocrx_word' id='word_1_7' title='bbox 207 733 249 753; x_wconf 65' lang='lat' dir='ltr'>Vll!</span> <span class='ocrx_word' id='word_1_8' title='bbox 264 733 311 753; x_wconf 55' lang='lat' dir='ltr'>‘Su-</span> 
     </span>
     <span class='ocr_line' id='line_1_4' title="bbox 126 766 309 790; baseline -0.011 -5"><span class='ocrx_word' id='word_1_9' title='bbox 126 771 162 790; x_wconf 61' lang='lat' dir='ltr'>per</span> <span class='ocrx_word' id='word_1_10' title='bbox 179 766 309 787; x_wconf 60' lang='lat' dir='ltr'>cathedram)</span> 
     </span>
     <span class='ocr_line' id='line_1_5' title="bbox 125 796 235 816; baseline 0.009 -2"><span class='ocrx_word' id='word_1_11' title='bbox 125 796 235 816; x_wconf 57' lang='lat' dir='ltr'>vatirtiun,</span> 
     </span>
    </p>
   </div>
   <div class='ocr_carea' id='block_1_3' title="bbox 123 1991 307 2104">
    <p class='ocr_par' dir='ltr' id='par_1_3' title="bbox 123 1991 307 2104">
     <span class='ocr_line' id='line_1_6' title="bbox 136 1991 307 2017; baseline -0.023 -4"><span class='ocrx_word' id='word_1_12' title='bbox 136 1992 162 2013; x_wconf 76' lang='lat' dir='ltr'>D²</span> <span class='ocrx_word' id='word_1_13' title='bbox 185 1991 307 2017; x_wconf 63' lang='lat' dir='ltr'>elecmosy-</span> 
     </span>
     <span class='ocr_line' id='line_1_7' title="bbox 123 2027 307 2044; baseline -0.016 0"><span class='ocrx_word' id='word_1_14' title='bbox 123 2029 194 2044; x_wconf 79' lang='lat' dir='ltr'>narum</span> <span class='ocrx_word' id='word_1_15' title='bbox 226 2027 307 2041; x_wconf 68' lang='lat' dir='ltr'>memo-</span> 
     </span>
     <span class='ocr_line' id='line_1_8' title="bbox 123 2052 306 2074; baseline -0.016 0"><span class='ocrx_word' id='word_1_16' title='bbox 123 2055 153 2074; x_wconf 75' lang='lat' dir='ltr'>ria</span> <span class='ocrx_word' id='word_1_17' title='bbox 164 2056 183 2073; x_wconf 66' lang='lat' dir='ltr'>et</span> <span class='ocrx_word' id='word_1_18' title='bbox 199 2052 306 2074; x_wconf 57' lang='lat' dir='ltr'>§narniis</span> 
     </span>
     <span class='ocr_line' id='line_1_9' title="bbox 123 2084 233 2104; baseline -0.027 0"><span class='ocrx_word' id='word_1_19' title='bbox 123 2084 233 2104; x_wconf 65' lang='lat' dir='ltr'>iaciendis.</span> 
     </span>
    </p>
   </div>
   <div class='ocr_carea' id='block_1_4' title="bbox 0 0 4 2358">
    <p class='ocr_par' dir='ltr' id='par_1_4' title="bbox 0 0 4 2358">
     <span class='ocr_line' id='line_1_10' title="bbox 0 0 4 2358; baseline 0 0"><span class='ocrx_word' id='word_1_20' title='bbox 0 0 4 2358; x_wconf 95' lang='lat' dir='ltr'> </span> 
     </span>
    </p>
   </div>
   <div class='ocr_carea' id='block_1_5' title="bbox 934 255 1270 277">
    <p class='ocr_par' dir='ltr' id='par_1_5' title="bbox 934 255 1270 277">
     <span class='ocr_line' id='line_1_11' title="bbox 934 255 1270 277; baseline 0 0"><span class='ocrx_word' id='word_1_21' title='bbox 934 256 1129 277; x_wconf 61' lang='lat' dir='ltr'>nENEttttl&#39;ri‘s</span> <span class='ocrx_word' id='word_1_22' title='bbox 1154 255 1199 277; x_wconf 66' lang='grc' dir='ltr'>ΧΙΙ</span> <span class='ocrx_word' id='word_1_23' title='bbox 1225 255 1270 277; x_wconf 70' lang='lat' dir='ltr'>PI’.</span> 
     </span>
    </p>
   </div>
   <div class='ocr_carea' id='block_1_6' title="bbox 320 309 1079 2676">
    <p class='ocr_par' dir='ltr' id='par_1_6' title="bbox 320 309 1077 1934">
     <span class='ocr_line' id='line_1_12' title="bbox 326 309 1075 355; baseline 0 -13"><span class='ocrx_word' id='word_1_24' title='bbox 326 316 525 355; x_wconf 67' lang='lat' dir='ltr'>superesset,</span> <span class='ocrx_word' id='word_1_25' title='bbox 567 309 758 355; x_wconf 68' lang='lat' dir='ltr'>guardinnus</span> <span class='ocrx_word' id='word_1_26' title='bbox 799 310 867 343; x_wconf 81' lang='lat' dir='ltr'>eius</span> <span class='ocrx_word' id='word_1_27' title='bbox 895 309 1075 343; x_wconf 74' lang='lat' dir='ltr'>huiusmodi</span> 
     </span>
     <span class='ocr_line' id='line_1_13' title="bbox 327 358 1074 404; baseline 0 -13"><span class='ocrx_word' id='word_1_28' title='bbox 327 358 475 404; x_wconf 79' lang='lat' dir='ltr'>legatum,</span> <span class='ocrx_word' id='word_1_29' title='bbox 499 358 649 392; x_wconf 87' lang='lat' dir='ltr'>donatum</span> <span class='ocrx_word' id='word_1_30' title='bbox 686 371 739 392; x_wconf 79' lang='lat' dir='ltr'>scu</span> <span class='ocrx_word' id='word_1_31' title='bbox 760 359 951 404; x_wconf 72' lang='lat' dir='ltr'>depositum,</span> <span class='ocrx_word' id='word_1_32' title='bbox 975 358 1020 392; x_wconf 86' lang='lat' dir='ltr'>vel</span> <span class='ocrx_word' id='word_1_33' title='bbox 1046 358 1074 392; x_wconf 91' lang='lat' dir='ltr'>id</span> 
     </span>
     <span class='ocr_line' id='line_1_14' title="bbox 325 407 1076 454; baseline -0.003 -13"><span class='ocrx_word' id='word_1_34' title='bbox 325 407 422 453; x_wconf 67' lang='lat' dir='ltr'>quod,</span> <span class='ocrx_word' id='word_1_35' title='bbox 452 408 528 442; x_wconf 77' lang='lat' dir='ltr'>facta</span> <span class='ocrx_word' id='word_1_36' title='bbox 553 408 729 454; x_wconf 70' lang='lat' dir='ltr'>provisione</span> <span class='ocrx_word' id='word_1_37' title='bbox 758 407 950 451; x_wconf 76' lang='lat' dir='ltr'>huiusmodi,</span> <span class='ocrx_word' id='word_1_38' title='bbox 979 420 1076 452; x_wconf 77' lang='lat' dir='ltr'>supe-</span> 
     </span>
     <span class='ocr_line' id='line_1_15' title="bbox 327 464 1075 496; baseline 0.001 -7"><span class='ocrx_word' id='word_1_39' title='bbox 327 465 411 496; x_wconf 74' lang='lat' dir='ltr'>reru,</span> <span class='ocrx_word' id='word_1_40' title='bbox 438 470 466 490; x_wconf 84' lang='lat' dir='ltr'>in</span> <span class='ocrx_word' id='word_1_41' title='bbox 491 469 676 491; x_wconf 82' lang='lat' dir='ltr'>communes</span> <span class='ocrx_word' id='word_1_42' title='bbox 698 470 745 490; x_wconf 85' lang='lat' dir='ltr'>sui</span> <span class='ocrx_word' id='word_1_43' title='bbox 770 464 944 491; x_wconf 84' lang='lat' dir='ltr'>conventus</span> <span class='ocrx_word' id='word_1_44' title='bbox 965 469 1075 491; x_wconf 79' lang='lat' dir='ltr'>neres-</span> 
     </span>
     <span class='ocr_line' id='line_1_16' title="bbox 325 506 1076 553; baseline -0.001 -13"><span class='ocrx_word' id='word_1_45' title='bbox 325 506 431 540; x_wconf 82' lang='lat' dir='ltr'>sitates</span> <span class='ocrx_word' id='word_1_46' title='bbox 476 507 613 540; x_wconf 84' lang='lat' dir='ltr'>converti</span> <span class='ocrx_word' id='word_1_47' title='bbox 650 519 704 540; x_wconf 81' lang='lat' dir='ltr'>seu</span> <span class='ocrx_word' id='word_1_48' title='bbox 741 506 913 553; x_wconf 80' lang='lat' dir='ltr'>dispensari</span> <span class='ocrx_word' id='word_1_49' title='bbox 963 518 1076 552; x_wconf 85' lang='lat' dir='ltr'>procu-</span> 
     </span>
     <span class='ocr_line' id='line_1_17' title="bbox 325 556 1074 594; baseline -0.001 -5"><span class='ocrx_word' id='word_1_50' title='bbox 325 563 389 593; x_wconf 73' lang='lat' dir='ltr'>ret:</span> <span class='ocrx_word' id='word_1_51' title='bbox 405 564 435 590; x_wconf 74' lang='lat' dir='ltr'>et,</span> <span class='ocrx_word' id='word_1_52' title='bbox 463 556 701 590; x_wconf 77' lang='lat' dir='ltr'>necessitatibus</span> <span class='ocrx_word' id='word_1_53' title='bbox 724 556 803 594; x_wconf 79' lang='lat' dir='ltr'>cius,</span> <span class='ocrx_word' id='word_1_54' title='bbox 826 556 917 589; x_wconf 82' lang='lat' dir='ltr'>euius</span> <span class='ocrx_word' id='word_1_55' title='bbox 939 563 1074 589; x_wconf 80' lang='lat' dir='ltr'>contom-</span> 
     </span>
     <span class='ocr_line' id='line_1_18' title="bbox 326 604 1072 651; baseline 0 -13"><span class='ocrx_word' id='word_1_56' title='bbox 326 605 462 650; x_wconf 83' lang='lat' dir='ltr'>platione</span> <span class='ocrx_word' id='word_1_57' title='bbox 499 605 651 645; x_wconf 80' lang='lat' dir='ltr'>oblatum,</span> <span class='ocrx_word' id='word_1_58' title='bbox 686 606 805 643; x_wconf 77' lang='lat' dir='ltr'>datum,</span> <span class='ocrx_word' id='word_1_59' title='bbox 845 617 898 638; x_wconf 85' lang='lat' dir='ltr'>seu</span> <span class='ocrx_word' id='word_1_60' title='bbox 939 604 1072 651; x_wconf 79' lang='lat' dir='ltr'>legatum</span> 
     </span>
     <span class='ocr_line' id='line_1_19' title="bbox 325 654 1075 697; baseline 0 -10"><span class='ocrx_word' id='word_1_61' title='bbox 325 654 418 688; x_wconf 84' lang='lat' dir='ltr'>fuerit</span> <span class='ocrx_word' id='word_1_62' title='bbox 446 654 626 697; x_wconf 80' lang='lat' dir='ltr'>favorabile,</span> <span class='ocrx_word' id='word_1_63' title='bbox 655 654 778 688; x_wconf 70' lang='lat' dir='ltr'>studeat</span> <span class='ocrx_word' id='word_1_64' title='bbox 810 654 988 688; x_wconf 82' lang='lat' dir='ltr'>subvenire.</span> <span class='ocrx_word' id='word_1_65' title='bbox 1015 654 1075 687; x_wconf 86' lang='lat' dir='ltr'>Per</span> 
     </span>
     <span class='ocr_line' id='line_1_20' title="bbox 326 703 1074 750; baseline -0.003 -13"><span class='ocrx_word' id='word_1_66' title='bbox 326 703 384 737; x_wconf 86' lang='lat' dir='ltr'>boc</span> <span class='ocrx_word' id='word_1_67' title='bbox 398 712 513 743; x_wconf 80' lang='lat' dir='ltr'>tamen,</span> <span class='ocrx_word' id='word_1_68' title='bbox 525 704 569 737; x_wconf 82' lang='lat' dir='ltr'>vel</span> <span class='ocrx_word' id='word_1_69' title='bbox 586 716 639 750; x_wconf 90' lang='lat' dir='ltr'>per</span> <span class='ocrx_word' id='word_1_70' title='bbox 653 704 780 750; x_wconf 79' lang='lat' dir='ltr'>quaevis</span> <span class='ocrx_word' id='word_1_71' title='bbox 794 703 850 737; x_wconf 87' lang='lat' dir='ltr'>alia</span> <span class='ocrx_word' id='word_1_72' title='bbox 867 715 959 750; x_wconf 87' lang='lat' dir='ltr'>supra</span> <span class='ocrx_word' id='word_1_73' title='bbox 976 703 1021 736; x_wconf 86' lang='lat' dir='ltr'>vel</span> <span class='ocrx_word' id='word_1_74' title='bbox 1034 703 1074 736; x_wconf 90' lang='lat' dir='ltr'>in-</span> 
     </span>
     <span class='ocr_line' id='line_1_21' title="bbox 326 752 1075 799; baseline -0.001 -13"><span class='ocrx_word' id='word_1_75' title='bbox 326 752 367 786; x_wconf 76' lang='lat' dir='ltr'>fra</span> <span class='ocrx_word' id='word_1_76' title='bbox 383 753 495 799; x_wconf 86' lang='lat' dir='ltr'>scripta</span> <span class='ocrx_word' id='word_1_77' title='bbox 512 752 839 798; x_wconf 67' lang='lat' dir='ltr'>constitutiouilclicis</span> <span class='ocrx_word' id='word_1_78' title='bbox 852 752 1075 787; x_wconf 82' lang='lat' dir='ltr'>recordationis</span> 
     </span>
     <span class='ocr_line' id='line_1_22' title="bbox 325 801 1074 848; baseline 0.001 -14"><span class='ocrx_word' id='word_1_79' title='bbox 325 801 478 836; x_wconf 82' lang='lat' dir='ltr'>Bonisacii</span> <span class='ocrx_word' id='word_1_80' title='bbox 496 801 598 848; x_wconf 78' lang='lat' dir='ltr'>Papae</span> <span class='ocrx_word' id='word_1_81' title='bbox 619 803 718 835; x_wconf 82' lang='lat' dir='ltr'>octavi</span> <span class='ocrx_word' id='word_1_82' title='bbox 743 802 994 847; x_wconf 73' lang='lat' dir='ltr'>praedecessoris</span> <span class='ocrx_word' id='word_1_83' title='bbox 1018 814 1074 835; x_wconf 88' lang='lat' dir='ltr'>no-</span> 
     </span>
     <span class='ocr_line' id='line_1_23' title="bbox 323 851 1074 897; baseline 0.001 -13"><span class='ocrx_word' id='word_1_84' title='bbox 323 851 390 893; x_wconf 71' lang='lat' dir='ltr'>stri,</span> <span class='ocrx_word' id='word_1_85' title='bbox 403 864 481 897; x_wconf 84' lang='lat' dir='ltr'>quac</span> <span class='ocrx_word' id='word_1_86' title='bbox 494 852 611 896; x_wconf 88' lang='lat' dir='ltr'>incipit:</span> <span class='ocrx_word' id='word_1_87' title='bbox 627 853 728 896; x_wconf 75' lang='lat' dir='ltr'>Super</span> <span class='ocrx_word' id='word_1_88' title='bbox 741 854 926 890; x_wconf 75' lang='lat' dir='ltr'><em>cathedram,</em></span> <span class='ocrx_word' id='word_1_89' title='bbox 943 852 971 885; x_wconf 88' lang='lat' dir='ltr'>in</span> <span class='ocrx_word' id='word_1_90' title='bbox 988 851 1074 885; x_wconf 91' lang='lat' dir='ltr'>nullo</span> 
     </span>
     <span class='ocr_line' id='line_1_24' title="bbox 324 900 1075 947; baseline 0.001 -14"><span class='ocrx_word' id='word_1_91' title='bbox 324 900 517 934; x_wconf 74' lang='lat' dir='ltr'><strong>intendimus</strong></span> <span class='ocrx_word' id='word_1_92' title='bbox 544 901 707 946; x_wconf 73' lang='lat' dir='ltr'>derogare.</span> <span class='ocrx_word' id='word_1_93' title='bbox 736 901 918 935; x_wconf 81' lang='lat' dir='ltr'>luliiben‘ius</span> <span class='ocrx_word' id='word_1_94' title='bbox 948 902 1075 947; x_wconf 82' lang='lat' dir='ltr'>iusuper</span> 
     </span>
     <span class='ocr_line' id='line_1_25' title="bbox 324 949 1072 996; baseline 0.001 -14"><span class='ocrx_word' id='word_1_95' title='bbox 324 961 362 983; x_wconf 84' lang='lat' dir='ltr'>ne</span> <span class='ocrx_word' id='word_1_96' title='bbox 388 949 462 984; x_wconf 88' lang='lat' dir='ltr'>dicti</span> <span class='ocrx_word' id='word_1_97' title='bbox 487 950 607 984; x_wconf 78' lang='lat' dir='ltr'>ordinis</span> <span class='ocrx_word' id='word_1_98' title='bbox 622 950 731 984; x_wconf 78' lang='lat' dir='ltr'>fratres</span> <span class='ocrx_word' id='word_1_99' title='bbox 754 950 947 996; x_wconf 79' lang='lat' dir='ltr'>equitaturas</span> <span class='ocrx_word' id='word_1_100' title='bbox 965 963 1072 984; x_wconf 88' lang='lat' dir='ltr'>eorum</span> 
     </span>
     <span class='ocr_line' id='line_1_26' title="bbox 325 999 1073 1046; baseline 0 -14"><span class='ocrx_word' id='word_1_101' title='bbox 325 999 394 1033; x_wconf 90' lang='lat' dir='ltr'>usui</span> <span class='ocrx_word' id='word_1_102' title='bbox 435 999 605 1045; x_wconf 82' lang='lat' dir='ltr'>applicatas</span> <span class='ocrx_word' id='word_1_103' title='bbox 645 1000 721 1033; x_wconf 86' lang='lat' dir='ltr'>ultra</span> <span class='ocrx_word' id='word_1_104' title='bbox 764 1012 855 1033; x_wconf 85' lang='lat' dir='ltr'>usum</span> <span class='ocrx_word' id='word_1_105' title='bbox 900 1000 1073 1046; x_wconf 74' lang='lat' dir='ltr'>expletum</span> 
     </span>
     <span class='ocr_line' id='line_1_27' title="bbox 323 1048 1074 1083; baseline 0 -2"><span class='ocrx_word' id='word_1_106' title='bbox 323 1055 375 1081; x_wconf 91' lang='lat' dir='ltr'>aut</span> <span class='ocrx_word' id='word_1_107' title='bbox 410 1048 597 1082; x_wconf 82' lang='lat' dir='ltr'>lectisternia</span> <span class='ocrx_word' id='word_1_108' title='bbox 633 1061 742 1083; x_wconf 87' lang='lat' dir='ltr'>eorum</span> <span class='ocrx_word' id='word_1_109' title='bbox 767 1049 869 1082; x_wconf 89' lang='lat' dir='ltr'>ordini</span> <span class='ocrx_word' id='word_1_110' title='bbox 903 1061 963 1082; x_wconf 88' lang='lat' dir='ltr'>uon</span> <span class='ocrx_word' id='word_1_111' title='bbox 991 1062 1074 1082; x_wconf 78' lang='lat' dir='ltr'>ron—</span> 
     </span>
     <span class='ocr_line' id='line_1_28' title="bbox 323 1098 1075 1142; baseline 0.001 -12"><span class='ocrx_word' id='word_1_112' title='bbox 323 1098 481 1142; x_wconf 66' lang='lat' dir='ltr'>gruentia,</span> <span class='ocrx_word' id='word_1_113' title='bbox 509 1110 563 1132; x_wconf 78' lang='lat' dir='ltr'>seu</span> <span class='ocrx_word' id='word_1_114' title='bbox 587 1098 663 1132; x_wconf 79' lang='lat' dir='ltr'>alias</span> <span class='ocrx_word' id='word_1_115' title='bbox 685 1098 854 1137; x_wconf 59' lang='lat' dir='ltr'>excessivo,</span> <span class='ocrx_word' id='word_1_116' title='bbox 882 1106 933 1132; x_wconf 88' lang='lat' dir='ltr'>aut</span> <span class='ocrx_word' id='word_1_117' title='bbox 960 1110 1075 1141; x_wconf 70' lang='lat' dir='ltr'>argen-</span> 
     </span>
     <span class='ocr_line' id='line_1_29' title="bbox 324 1142 1075 1193; baseline 0.003 -14"><span class='ocrx_word' id='word_1_118' title='bbox 324 1154 371 1180; x_wconf 85' lang='lat' dir='ltr'>tea</span> <span class='ocrx_word' id='word_1_119' title='bbox 417 1147 463 1180; x_wconf 77' lang='lat' dir='ltr'>vel</span> <span class='ocrx_word' id='word_1_120' title='bbox 486 1159 577 1181; x_wconf 72' lang='lat' dir='ltr'>aurea</span> <span class='ocrx_word' id='word_1_121' title='bbox 607 1159 675 1181; x_wconf 86' lang='lat' dir='ltr'>vasa</span> <span class='ocrx_word' id='word_1_122' title='bbox 703 1160 757 1181; x_wconf 85' lang='lat' dir='ltr'>sen</span> <span class='ocrx_word' id='word_1_123' title='bbox 782 1147 840 1180; x_wconf 85' lang='lat' dir='ltr'>alia</span> <span class='ocrx_word' id='word_1_124' title='bbox 872 1148 978 1181; x_wconf 81' lang='lat' dir='ltr'>iocalia</span> <span class='ocrx_word' id='word_1_125' title='bbox 1002 1142 1075 1193; x_wconf 81' lang='lat' dir='ltr'>pre-</span> 
     </span>
     <span class='ocr_line' id='line_1_30' title="bbox 324 1196 1075 1237; baseline 0.001 -9"><span class='ocrx_word' id='word_1_126' title='bbox 324 1196 400 1230; x_wconf 87' lang='lat' dir='ltr'>tiosa</span> <span class='ocrx_word' id='word_1_127' title='bbox 425 1203 567 1234; x_wconf 71' lang='lat' dir='ltr'>teneam2</span> <span class='ocrx_word' id='word_1_128' title='bbox 595 1196 648 1230; x_wconf 86' lang='lat' dir='ltr'>sed</span> <span class='ocrx_word' id='word_1_129' title='bbox 677 1197 702 1230; x_wconf 86' lang='lat' dir='ltr'>si</span> <span class='ocrx_word' id='word_1_130' title='bbox 728 1196 797 1230; x_wconf 87' lang='lat' dir='ltr'>talia</span> <span class='ocrx_word' id='word_1_131' title='bbox 820 1197 865 1229; x_wconf 86' lang='lat' dir='ltr'>cis</span> <span class='ocrx_word' id='word_1_132' title='bbox 886 1196 1008 1237; x_wconf 73' lang='lat' dir='ltr'>donari,</span> <span class='ocrx_word' id='word_1_133' title='bbox 1037 1196 1075 1229; x_wconf 88' lang='lat' dir='ltr'>le-</span> 
     </span>
     <span class='ocr_line' id='line_1_31' title="bbox 323 1245 1073 1291; baseline -0.001 -13"><span class='ocrx_word' id='word_1_134' title='bbox 323 1246 388 1290; x_wconf 75' lang='lat' dir='ltr'>gari</span> <span class='ocrx_word' id='word_1_135' title='bbox 412 1245 457 1279; x_wconf 87' lang='lat' dir='ltr'>vel</span> <span class='ocrx_word' id='word_1_136' title='bbox 481 1245 556 1279; x_wconf 86' lang='lat' dir='ltr'>alias</span> <span class='ocrx_word' id='word_1_137' title='bbox 579 1245 729 1279; x_wconf 82' lang='lat' dir='ltr'><strong>obvenire</strong></span> <span class='ocrx_word' id='word_1_138' title='bbox 752 1245 925 1291; x_wconf 73' lang='lat' dir='ltr'>contingat,</span> <span class='ocrx_word' id='word_1_139' title='bbox 947 1245 991 1279; x_wconf 74' lang='lat' dir='ltr'>rel</span> <span class='ocrx_word' id='word_1_140' title='bbox 1015 1246 1073 1278; x_wconf 88' lang='lat' dir='ltr'>iam</span> 
     </span>
     <span class='ocr_line' id='line_1_32' title="bbox 324 1293 1076 1339; baseline -0.001 -12"><span class='ocrx_word' id='word_1_141' title='bbox 324 1293 426 1328; x_wconf 78' lang='lat' dir='ltr'>forsan</span> <span class='ocrx_word' id='word_1_142' title='bbox 455 1294 567 1329; x_wconf 82' lang='lat' dir='ltr'>donata</span> <span class='ocrx_word' id='word_1_143' title='bbox 592 1307 646 1328; x_wconf 79' lang='lat' dir='ltr'>seu</span> <span class='ocrx_word' id='word_1_144' title='bbox 672 1295 768 1339; x_wconf 71' lang='lat' dir='ltr'>legata</span> <span class='ocrx_word' id='word_1_145' title='bbox 804 1304 889 1337; x_wconf 67' lang='lat' dir='ltr'>sunt,</span> <span class='ocrx_word' id='word_1_146' title='bbox 913 1294 958 1328; x_wconf 80' lang='lat' dir='ltr'>vel</span> <span class='ocrx_word' id='word_1_147' title='bbox 987 1294 1076 1327; x_wconf 86' lang='lat' dir='ltr'>aliter</span> 
     </span>
     <span class='ocr_line' id='line_1_33' title="bbox 323 1343 1076 1385; baseline -0.001 -9"><span class='ocrx_word' id='word_1_148' title='bbox 323 1343 521 1377; x_wconf 87' lang='lat' dir='ltr'>obvenerunt</span> <span class='ocrx_word' id='word_1_149' title='bbox 543 1344 675 1385; x_wconf 68' lang='lat' dir='ltr'>eisdem,</span> <span class='ocrx_word' id='word_1_150' title='bbox 706 1345 734 1377; x_wconf 91' lang='lat' dir='ltr'>in</span> <span class='ocrx_word' id='word_1_151' title='bbox 760 1343 855 1377; x_wconf 86' lang='lat' dir='ltr'>libros</span> <span class='ocrx_word' id='word_1_152' title='bbox 876 1343 920 1377; x_wconf 78' lang='lat' dir='ltr'>vel</span> <span class='ocrx_word' id='word_1_153' title='bbox 942 1344 970 1376; x_wconf 89' lang='lat' dir='ltr'>in</span> <span class='ocrx_word' id='word_1_154' title='bbox 1001 1344 1076 1376; x_wconf 79' lang='lat' dir='ltr'>alias</span> 
     </span>
     <span class='ocr_line' id='line_1_34' title="bbox 323 1392 1075 1440; baseline -0.001 -14"><span class='ocrx_word' id='word_1_155' title='bbox 323 1405 383 1435; x_wconf 74' lang='lat' dir='ltr'>res,</span> <span class='ocrx_word' id='word_1_156' title='bbox 406 1393 524 1440; x_wconf 87' lang='lat' dir='ltr'>quibus</span> <span class='ocrx_word' id='word_1_157' title='bbox 547 1394 657 1428; x_wconf 82' lang='lat' dir='ltr'>fratres</span> <span class='ocrx_word' id='word_1_158' title='bbox 677 1394 735 1440; x_wconf 84' lang='lat' dir='ltr'>ipsi</span> <span class='ocrx_word' id='word_1_159' title='bbox 761 1401 891 1439; x_wconf 78' lang='lat' dir='ltr'>possunt</span> <span class='ocrx_word' id='word_1_160' title='bbox 916 1394 958 1426; x_wconf 90' lang='lat' dir='ltr'>uti</span> <span class='ocrx_word' id='word_1_161' title='bbox 981 1392 1075 1433; x_wconf 80' lang='lat' dir='ltr'>licite,</span> 
     </span>
     <span class='ocr_line' id='line_1_35' title="bbox 324 1443 1075 1489; baseline -0.004 -11"><span class='ocrx_word' id='word_1_162' title='bbox 324 1451 417 1489; x_wconf 84' lang='lat' dir='ltr'>prout</span> <span class='ocrx_word' id='word_1_163' title='bbox 443 1445 482 1477; x_wconf 90' lang='lat' dir='ltr'>de</span> <span class='ocrx_word' id='word_1_164' title='bbox 509 1444 579 1477; x_wconf 85' lang='lat' dir='ltr'>aliis</span> <span class='ocrx_word' id='word_1_165' title='bbox 606 1455 700 1489; x_wconf 89' lang='lat' dir='ltr'>supra</span> <span class='ocrx_word' id='word_1_166' title='bbox 729 1443 845 1477; x_wconf 85' lang='lat' dir='ltr'>dictum</span> <span class='ocrx_word' id='word_1_167' title='bbox 868 1451 926 1485; x_wconf 71' lang='lat' dir='ltr'>est7</span> <span class='ocrx_word' id='word_1_168' title='bbox 949 1454 1075 1477; x_wconf 84' lang='lat' dir='ltr'>conver-</span> 
     </span>
     <span class='ocr_line' id='line_1_36' title="bbox 323 1493 1076 1538; baseline -0.001 -11"><span class='ocrx_word' id='word_1_169' title='bbox 323 1502 439 1533; x_wconf 65' lang='lat' dir='ltr'>tantur,</span> <span class='ocrx_word' id='word_1_170' title='bbox 469 1493 527 1528; x_wconf 91' lang='lat' dir='ltr'>nisi</span> <span class='ocrx_word' id='word_1_171' title='bbox 562 1493 677 1527; x_wconf 84' lang='lat' dir='ltr'>fuerint</span> <span class='ocrx_word' id='word_1_172' title='bbox 714 1493 855 1538; x_wconf 77' lang='lat' dir='ltr'>deposita</span> <span class='ocrx_word' id='word_1_173' title='bbox 890 1505 945 1527; x_wconf 83' lang='lat' dir='ltr'>seu</span> <span class='ocrx_word' id='word_1_174' title='bbox 986 1505 1076 1526; x_wconf 86' lang='lat' dir='ltr'>com-</span> 
     </span>
     <span class='ocr_line' id='line_1_37' title="bbox 322 1542 1074 1588; baseline 0.003 -15"><span class='ocrx_word' id='word_1_175' title='bbox 322 1543 466 1577; x_wconf 73' lang='lat' dir='ltr'>mendata</span> <span class='ocrx_word' id='word_1_176' title='bbox 483 1570 491 1586; x_wconf 58' lang='lat'><em>7</em></span> <span class='ocrx_word' id='word_1_177' title='bbox 528 1544 572 1577; x_wconf 82' lang='lat' dir='ltr'>vel</span> <span class='ocrx_word' id='word_1_178' title='bbox 616 1555 670 1588; x_wconf 80' lang='lat' dir='ltr'>per</span> <span class='ocrx_word' id='word_1_179' title='bbox 710 1542 874 1576; x_wconf 78' lang='lat' dir='ltr'>dominum</span> <span class='ocrx_word' id='word_1_180' title='bbox 920 1549 1074 1576; x_wconf 75' lang='lat' dir='ltr'>revocata.</span> 
     </span>
     <span class='ocr_line' id='line_1_38' title="bbox 320 1592 1077 1639; baseline -0.001 -14"><span class='ocrx_word' id='word_1_181' title='bbox 320 1592 412 1634; x_wconf 85' lang='lat' dir='ltr'>Quod</span> <span class='ocrx_word' id='word_1_182' title='bbox 441 1594 466 1627; x_wconf 87' lang='lat' dir='ltr'>si</span> <span class='ocrx_word' id='word_1_183' title='bbox 480 1592 699 1639; x_wconf 86' lang='lat' dir='ltr'>superioribus</span> <span class='ocrx_word' id='word_1_184' title='bbox 720 1593 785 1626; x_wconf 88' lang='lat' dir='ltr'>suis</span> <span class='ocrx_word' id='word_1_185' title='bbox 808 1592 884 1626; x_wconf 81' lang='lat' dir='ltr'>iufra</span> <span class='ocrx_word' id='word_1_186' title='bbox 900 1599 963 1626; x_wconf 85' lang='lat' dir='ltr'>tres</span> <span class='ocrx_word' id='word_1_187' title='bbox 985 1603 1077 1625; x_wconf 87' lang='lat' dir='ltr'>men-</span> 
     </span>
     <span class='ocr_line' id='line_1_39' title="bbox 320 1641 1076 1689; baseline -0.001 -14"><span class='ocrx_word' id='word_1_188' title='bbox 320 1654 381 1681; x_wconf 85' lang='lat' dir='ltr'>ses,</span> <span class='ocrx_word' id='word_1_189' title='bbox 407 1650 571 1689; x_wconf 75' lang='lat' dir='ltr'>postquam</span> <span class='ocrx_word' id='word_1_190' title='bbox 596 1642 776 1676; x_wconf 75' lang='lat' dir='ltr'>liuinsmodi</span> <span class='ocrx_word' id='word_1_191' title='bbox 801 1641 1076 1676; x_wconf 85' lang='lat' dir='ltr'>nostraordinatio</span> 
     </span>
     <span class='ocr_line' id='line_1_40' title="bbox 320 1691 1077 1739; baseline 0 -14"><span class='ocrx_word' id='word_1_192' title='bbox 320 1692 350 1725; x_wconf 90' lang='lat' dir='ltr'>in</span> <span class='ocrx_word' id='word_1_193' title='bbox 388 1692 570 1739; x_wconf 88' lang='lat' dir='ltr'>provinciali</span> <span class='ocrx_word' id='word_1_194' title='bbox 599 1704 708 1726; x_wconf 86' lang='lat' dir='ltr'>eorum</span> <span class='ocrx_word' id='word_1_195' title='bbox 733 1691 869 1738; x_wconf 84' lang='lat' dir='ltr'>capitulo</span> <span class='ocrx_word' id='word_1_196' title='bbox 900 1691 993 1725; x_wconf 80' lang='lat' dir='ltr'>suerit</span> <span class='ocrx_word' id='word_1_197' title='bbox 1023 1703 1077 1738; x_wconf 87' lang='lat' dir='ltr'>pu-</span> 
     </span>
     <span class='ocr_line' id='line_1_41' title="bbox 321 1740 1077 1788; baseline -0.003 -13"><span class='ocrx_word' id='word_1_198' title='bbox 321 1741 444 1785; x_wconf 88' lang='lat' dir='ltr'>blicata</span> <span class='ocrx_word' id='word_1_199' title='bbox 487 1741 644 1788; x_wconf 81' lang='lat' dir='ltr'>praedicta</span> <span class='ocrx_word' id='word_1_200' title='bbox 686 1753 747 1774; x_wconf 89' lang='lat' dir='ltr'>non</span> <span class='ocrx_word' id='word_1_201' title='bbox 790 1740 1005 1783; x_wconf 51' lang='lat' dir='ltr'>rrevetaierint</span> <span class='ocrx_word' id='word_1_202' title='bbox 1045 1749 1077 1774; x_wconf 85' lang='lat' dir='ltr'>ut</span> 
     </span>
     <span class='ocr_line' id='line_1_42' title="bbox 321 1790 1074 1837; baseline -0.001 -13"><span class='ocrx_word' id='word_1_203' title='bbox 321 1792 530 1837; x_wconf 86' lang='lat' dir='ltr'>praemittitur</span> <span class='ocrx_word' id='word_1_204' title='bbox 552 1790 777 1829; x_wconf 83' lang='lat' dir='ltr'>convertenda,</span> <span class='ocrx_word' id='word_1_205' title='bbox 813 1798 842 1824; x_wconf 89' lang='lat' dir='ltr'>et</span> <span class='ocrx_word' id='word_1_206' title='bbox 874 1803 909 1824; x_wconf 81' lang='lat' dir='ltr'>ex</span> <span class='ocrx_word' id='word_1_207' title='bbox 938 1799 1013 1825; x_wconf 88' lang='lat' dir='ltr'>tunc</span> <span class='ocrx_word' id='word_1_208' title='bbox 1040 1802 1074 1823; x_wconf 85' lang='lat' dir='ltr'>ea</span> 
     </span>
     <span class='ocr_line' id='line_1_43' title="bbox 321 1840 1076 1888; baseline 0.001 -15"><span class='ocrx_word' id='word_1_209' title='bbox 321 1841 454 1875; x_wconf 86' lang='lat' dir='ltr'>retinere</span> <span class='ocrx_word' id='word_1_210' title='bbox 475 1840 758 1888; x_wconf 76' lang='lat' dir='ltr'>praesumpserint,</span> <span class='ocrx_word' id='word_1_211' title='bbox 786 1852 884 1886; x_wconf 84' lang='lat' dir='ltr'>poena</span> <span class='ocrx_word' id='word_1_212' title='bbox 903 1841 1076 1886; x_wconf 80' lang='lat' dir='ltr'>proprieta-</span> 
     </span>
     <span class='ocr_line' id='line_1_44' title="bbox 321 1898 556 1934; baseline 0.004 -11"><span class='ocrx_word' id='word_1_213' title='bbox 321 1902 356 1923; x_wconf 88' lang='lat' dir='ltr'>rii</span> <span class='ocrx_word' id='word_1_214' title='bbox 375 1898 556 1934; x_wconf 85' lang='lat' dir='ltr'>puniantur.</span> 
     </span>
    </p>

    <p class='ocr_par' dir='ltr' id='par_1_7' title="bbox 321 1939 1079 2676">
     <span class='ocr_line' id='line_1_45' title="bbox 370 1939 1078 1986; baseline -0.003 -13"><span class='ocrx_word' id='word_1_215' title='bbox 370 1939 389 1986; x_wconf 67' lang='lat' dir='ltr'>S</span> <span class='ocrx_word' id='word_1_216' title='bbox 414 1941 468 1973; x_wconf 82' lang='lat'>17.</span> <span class='ocrx_word' id='word_1_217' title='bbox 492 1939 687 1974; x_wconf 87' lang='lat' dir='ltr'>Ordinamus</span> <span class='ocrx_word' id='word_1_218' title='bbox 709 1940 814 1978; x_wconf 83' lang='lat' dir='ltr'>etiam,</span> <span class='ocrx_word' id='word_1_219' title='bbox 837 1939 921 1985; x_wconf 85' lang='lat' dir='ltr'>quod</span> <span class='ocrx_word' id='word_1_220' title='bbox 946 1939 974 1971; x_wconf 90' lang='lat' dir='ltr'>iu</span> <span class='ocrx_word' id='word_1_221' title='bbox 997 1951 1078 1984; x_wconf 75' lang='lat' dir='ltr'>quo-</span> 
     </span>
     <span class='ocr_line' id='line_1_46' title="bbox 322 1987 1077 2023; baseline -0.001 -1"><span class='ocrx_word' id='word_1_222' title='bbox 322 1988 397 2022; x_wconf 82' lang='lat' dir='ltr'>libet</span> <span class='ocrx_word' id='word_1_223' title='bbox 430 1997 585 2023; x_wconf 86' lang='lat' dir='ltr'>conventu</span> <span class='ocrx_word' id='word_1_224' title='bbox 614 2001 668 2023; x_wconf 89' lang='lat' dir='ltr'>seu</span> <span class='ocrx_word' id='word_1_225' title='bbox 693 1988 761 2022; x_wconf 87' lang='lat' dir='ltr'>loco</span> <span class='ocrx_word' id='word_1_226' title='bbox 791 1988 865 2022; x_wconf 83' lang='lat' dir='ltr'>dicti</span> <span class='ocrx_word' id='word_1_227' title='bbox 895 1987 1015 2022; x_wconf 77' lang='lat' dir='ltr'>ordinis</span> <span class='ocrx_word' id='word_1_228' title='bbox 1037 1988 1077 2022; x_wconf 83' lang='lat' dir='ltr'>sit</span> 
     </span>
     <span class='ocr_line' id='line_1_47' title="bbox 321 2037 1078 2085; baseline -0.003 -13"><span class='ocrx_word' id='word_1_229' title='bbox 321 2037 474 2085; x_wconf 77' lang='lat' dir='ltr'>deinceps</span> <span class='ocrx_word' id='word_1_230' title='bbox 498 2037 686 2079; x_wconf 72' lang='lat' dir='ltr'>uuusliber,</span> <span class='ocrx_word' id='word_1_231' title='bbox 712 2038 741 2071; x_wconf 90' lang='lat' dir='ltr'>in</span> <span class='ocrx_word' id='word_1_232' title='bbox 761 2050 823 2084; x_wconf 89' lang='lat' dir='ltr'>quo</span> <span class='ocrx_word' id='word_1_233' title='bbox 846 2037 1023 2071; x_wconf 85' lang='lat' dir='ltr'>scribantur</span> <span class='ocrx_word' id='word_1_234' title='bbox 1046 2038 1078 2070; x_wconf 86' lang='lat' dir='ltr'>ti-</span> 
     </span>
     <span class='ocr_line' id='line_1_48' title="bbox 322 2085 1077 2132; baseline 0.001 -12"><span class='ocrx_word' id='word_1_235' title='bbox 322 2087 434 2122; x_wconf 87' lang='lat' dir='ltr'>deliter</span> <span class='ocrx_word' id='word_1_236' title='bbox 461 2088 588 2121; x_wconf 89' lang='lat' dir='ltr'>nomina</span> <span class='ocrx_word' id='word_1_237' title='bbox 616 2095 645 2121; x_wconf 84' lang='lat' dir='ltr'>et</span> <span class='ocrx_word' id='word_1_238' title='bbox 668 2087 855 2132; x_wconf 78' lang='lat' dir='ltr'>cognomina</span> <span class='ocrx_word' id='word_1_239' title='bbox 896 2085 1077 2121; x_wconf 77' lang='lat' dir='ltr'>bencfacto-</span> 
     </span>
     <span class='ocr_line' id='line_1_49' title="bbox 323 2135 1079 2183; baseline -0.001 -13"><span class='ocrx_word' id='word_1_240' title='bbox 323 2149 392 2172; x_wconf 85' lang='lat' dir='ltr'>rum</span> <span class='ocrx_word' id='word_1_241' title='bbox 428 2144 458 2171; x_wconf 82' lang='lat' dir='ltr'>et</span> <span class='ocrx_word' id='word_1_242' title='bbox 486 2136 638 2171; x_wconf 84' lang='lat' dir='ltr'>beneficia</span> <span class='ocrx_word' id='word_1_243' title='bbox 661 2149 716 2170; x_wconf 77' lang='lat' dir='ltr'>seu</span> <span class='ocrx_word' id='word_1_244' title='bbox 741 2137 958 2183; x_wconf 74' lang='lat' dir='ltr'>eleemosynae</span> <span class='ocrx_word' id='word_1_245' title='bbox 981 2135 1079 2169; x_wconf 81' lang='lat' dir='ltr'>fratri-</span> 
     </span>
     <span class='ocr_line' id='line_1_50' title="bbox 324 2186 1078 2233; baseline -0.003 -12"><span class='ocrx_word' id='word_1_246' title='bbox 324 2187 382 2221; x_wconf 90' lang='lat' dir='ltr'>bus</span> <span class='ocrx_word' id='word_1_247' title='bbox 407 2199 463 2233; x_wconf 91' lang='lat' dir='ltr'>pro</span> <span class='ocrx_word' id='word_1_248' title='bbox 485 2186 562 2219; x_wconf 87' lang='lat' dir='ltr'>vivis</span> <span class='ocrx_word' id='word_1_249' title='bbox 598 2198 653 2219; x_wconf 84' lang='lat' dir='ltr'>seu</span> <span class='ocrx_word' id='word_1_250' title='bbox 677 2186 833 2219; x_wconf 80' lang='lat' dir='ltr'>defunctis</span> <span class='ocrx_word' id='word_1_251' title='bbox 869 2187 1022 2231; x_wconf 77' lang='lat' dir='ltr'>impensa.</span> <span class='ocrx_word' id='word_1_252' title='bbox 1048 2193 1078 2219; x_wconf 89' lang='lat' dir='ltr'>et</span> 
     </span>
     <span class='ocr_line' id='line_1_51' title="bbox 324 2234 1076 2280; baseline -0.003 -10"><span class='ocrx_word' id='word_1_253' title='bbox 324 2237 430 2270; x_wconf 87' lang='lat' dir='ltr'>talium</span> <span class='ocrx_word' id='word_1_254' title='bbox 455 2235 692 2271; x_wconf 78' lang='lat' dir='ltr'>benefactorum</span> <span class='ocrx_word' id='word_1_255' title='bbox 715 2235 853 2278; x_wconf 73' lang='lat' dir='ltr'>nomina,</span> <span class='ocrx_word' id='word_1_256' title='bbox 889 2234 1076 2280; x_wconf 79' lang='lat' dir='ltr'>cognomina</span> 
     </span>
     <span class='ocr_line' id='line_1_52' title="bbox 324 2285 1078 2332; baseline -0.003 -13"><span class='ocrx_word' id='word_1_257' title='bbox 324 2294 353 2320; x_wconf 84' lang='lat' dir='ltr'>et</span> <span class='ocrx_word' id='word_1_258' title='bbox 377 2285 527 2319; x_wconf 79' lang='lat' dir='ltr'>beneficia</span> <span class='ocrx_word' id='word_1_259' title='bbox 565 2298 618 2319; x_wconf 87' lang='lat' dir='ltr'>seu</span> <span class='ocrx_word' id='word_1_260' title='bbox 644 2285 862 2332; x_wconf 79' lang='lat' dir='ltr'>eleemosynae</span> <span class='ocrx_word' id='word_1_261' title='bbox 891 2296 1000 2318; x_wconf 83' lang='lat' dir='ltr'>eorum</span> <span class='ocrx_word' id='word_1_262' title='bbox 1027 2285 1078 2317; x_wconf 91' lang='lat' dir='ltr'>in-</span> 
     </span>
     <span class='ocr_line' id='line_1_53' title="bbox 325 2333 1075 2379; baseline -0.003 -11"><span class='ocrx_word' id='word_1_263' title='bbox 325 2335 367 2369; x_wconf 77' lang='lat' dir='ltr'>fra</span> <span class='ocrx_word' id='word_1_264' title='bbox 392 2334 622 2369; x_wconf 69' lang='lat' dir='ltr'>hebdomadam</span> <span class='ocrx_word' id='word_1_265' title='bbox 652 2335 680 2367; x_wconf 91' lang='lat' dir='ltr'>in</span> <span class='ocrx_word' id='word_1_266' title='bbox 710 2346 770 2379; x_wconf 83' lang='lat' dir='ltr'>qua</span> <span class='ocrx_word' id='word_1_267' title='bbox 795 2334 873 2367; x_wconf 78' lang='lat' dir='ltr'>lacta</span> <span class='ocrx_word' id='word_1_268' title='bbox 893 2333 1022 2371; x_wconf 75' lang='lat' dir='ltr'>fuerint,</span> <span class='ocrx_word' id='word_1_269' title='bbox 1047 2334 1075 2366; x_wconf 92' lang='lat' dir='ltr'>in</span> 
     </span>
     <span class='ocr_line' id='line_1_54' title="bbox 324 2383 1075 2430; baseline -0.003 -12"><span class='ocrx_word' id='word_1_270' title='bbox 324 2384 464 2430; x_wconf 86' lang='lat' dir='ltr'>capitulo</span> <span class='ocrx_word' id='word_1_271' title='bbox 493 2383 639 2418; x_wconf 74' lang='lat' dir='ltr'>fratribus</span> <span class='ocrx_word' id='word_1_272' title='bbox 677 2384 848 2416; x_wconf 67' lang='lat' dir='ltr'>recitentur</span> <span class='ocrx_word' id='word_1_273' title='bbox 871 2392 899 2416; x_wconf 84' lang='lat' dir='ltr'>et</span> <span class='ocrx_word' id='word_1_274' title='bbox 929 2383 1075 2428; x_wconf 73' lang='lat' dir='ltr'>suffragia</span> 
     </span>
     <span class='ocr_line' id='line_1_55' title="bbox 325 2432 1077 2479; baseline -0.001 -13"><span class='ocrx_word' id='word_1_275' title='bbox 325 2433 440 2468; x_wconf 79' lang='lat' dir='ltr'>ibidem</span> <span class='ocrx_word' id='word_1_276' title='bbox 466 2433 539 2466; x_wconf 84' lang='lat' dir='ltr'>liant</span> <span class='ocrx_word' id='word_1_277' title='bbox 575 2445 630 2479; x_wconf 84' lang='lat' dir='ltr'>pro</span> <span class='ocrx_word' id='word_1_278' title='bbox 654 2432 904 2466; x_wconf 72' lang='lat' dir='ltr'>benefactoribus</span> <span class='ocrx_word' id='word_1_279' title='bbox 937 2432 1024 2478; x_wconf 69' lang='lat' dir='ltr'>ipsis,</span> <span class='ocrx_word' id='word_1_280' title='bbox 1048 2441 1077 2465; x_wconf 85' lang='lat' dir='ltr'>et</span> 
     </span>
     <span class='ocr_line' id='line_1_56' title="bbox 325 2481 1077 2527; baseline -0.001 -11"><span class='ocrx_word' id='word_1_281' title='bbox 325 2482 483 2517; x_wconf 86' lang='lat' dir='ltr'>orationes</span> <span class='ocrx_word' id='word_1_282' title='bbox 507 2483 551 2516; x_wconf 82' lang='lat' dir='ltr'>vel</span> <span class='ocrx_word' id='word_1_283' title='bbox 582 2482 694 2516; x_wconf 87' lang='lat' dir='ltr'>missae</span> <span class='ocrx_word' id='word_1_284' title='bbox 718 2494 772 2527; x_wconf 84' lang='lat' dir='ltr'>pro</span> <span class='ocrx_word' id='word_1_285' title='bbox 796 2482 871 2527; x_wconf 84' lang='lat' dir='ltr'>ipsis</span> <span class='ocrx_word' id='word_1_286' title='bbox 895 2481 1077 2516; x_wconf 75' lang='lat' dir='ltr'>benefacto-</span> 
     </span>
     <span class='ocr_line' id='line_1_57' title="bbox 326 2530 1078 2577; baseline -0.003 -11"><span class='ocrx_word' id='word_1_287' title='bbox 326 2532 413 2566; x_wconf 87' lang='lat' dir='ltr'>ribus</span> <span class='ocrx_word' id='word_1_288' title='bbox 447 2531 593 2566; x_wconf 80' lang='lat' dir='ltr'>l&#39;ratribus</span> <span class='ocrx_word' id='word_1_289' title='bbox 629 2531 844 2577; x_wconf 61' lang='lat' dir='ltr'>imponantur,</span> <span class='ocrx_word' id='word_1_290' title='bbox 869 2530 984 2565; x_wconf 79' lang='lat' dir='ltr'>ibidem</span> <span class='ocrx_word' id='word_1_291' title='bbox 1019 2542 1078 2564; x_wconf 85' lang='lat' dir='ltr'>se-</span> 
     </span>
     <span class='ocr_line' id='line_1_58' title="bbox 325 2580 1077 2628; baseline -0.003 -13"><span class='ocrx_word' id='word_1_292' title='bbox 325 2582 466 2615; x_wconf 89' lang='lat' dir='ltr'>cundum</span> <span class='ocrx_word' id='word_1_293' title='bbox 490 2580 572 2628; x_wconf 90' lang='lat' dir='ltr'>quod</span> <span class='ocrx_word' id='word_1_294' title='bbox 601 2580 776 2627; x_wconf 80' lang='lat' dir='ltr'>guardiano</span> <span class='ocrx_word' id='word_1_295' title='bbox 800 2580 846 2613; x_wconf 79' lang='lat' dir='ltr'>vel</span> <span class='ocrx_word' id='word_1_296' title='bbox 870 2580 938 2614; x_wconf 90' lang='lat' dir='ltr'>eius</span> <span class='ocrx_word' id='word_1_297' title='bbox 962 2580 1077 2613; x_wconf 84' lang='lat' dir='ltr'>vicario</span> 
     </span>
     <span class='ocr_line' id='line_1_59' title="bbox 325 2629 1076 2676; baseline 0 -13"><span class='ocrx_word' id='word_1_298' title='bbox 325 2630 493 2665; x_wconf 81' lang='lat' dir='ltr'>videbitur.</span> <span class='ocrx_word' id='word_1_299' title='bbox 529 2630 662 2665; x_wconf 78' lang='lat' dir='ltr'>Nomina</span> <span class='ocrx_word' id='word_1_300' title='bbox 698 2630 790 2664; x_wconf 85' lang='lat' dir='ltr'>etiam</span> <span class='ocrx_word' id='word_1_301' title='bbox 830 2637 860 2663; x_wconf 87' lang='lat' dir='ltr'>et</span> <span class='ocrx_word' id='word_1_302' title='bbox 887 2629 1076 2676; x_wconf 83' lang='lat' dir='ltr'>cognomina</span> 
     </span>
    </p>
   </div>
   <div class='ocr_carea' id='block_1_7' title="bbox 1762 249 1823 279">
    <p class='ocr_par' dir='ltr' id='par_1_8' title="bbox 1762 249 1823 279">
     <span class='ocr_line' id='line_1_60' title="bbox 1762 249 1823 279; baseline -0.033 0"><span class='ocrx_word' id='word_1_303' title='bbox 1762 249 1823 279; x_wconf 64' lang='lat' dir='ltr'>tnr-</span> 
     </span>
    </p>
   </div>
   <div class='ocr_carea' id='block_1_8' title="bbox 1117 309 1871 956">
    <p class='ocr_par' dir='ltr' id='par_1_9' title="bbox 1117 309 1871 897">
     <span class='ocr_line' id='line_1_61' title="bbox 1122 309 1871 355; baseline 0.003 -12"><span class='ocrx_word' id='word_1_304' title='bbox 1122 309 1258 349; x_wconf 80' lang='lat' dir='ltr'>illorum,</span> <span class='ocrx_word' id='word_1_305' title='bbox 1294 311 1346 355; x_wconf 75' lang='lat' dir='ltr'>qui</span> <span class='ocrx_word' id='word_1_306' title='bbox 1383 311 1447 345; x_wconf 78' lang='lat' dir='ltr'>loca</span> <span class='ocrx_word' id='word_1_307' title='bbox 1484 311 1639 346; x_wconf 83' lang='lat' dir='ltr'>dictorum</span> <span class='ocrx_word' id='word_1_308' title='bbox 1677 313 1804 346; x_wconf 81' lang='lat' dir='ltr'>fratrum</span> <span class='ocrx_word' id='word_1_309' title='bbox 1843 326 1871 345; x_wconf 83' lang='lat' dir='ltr'>in</span> 
     </span>
     <span class='ocr_line' id='line_1_62' title="bbox 1121 360 1869 406; baseline 0.004 -15"><span class='ocrx_word' id='word_1_310' title='bbox 1121 366 1232 396; x_wconf 71' lang='lat' dir='ltr'>totum,</span> <span class='ocrx_word' id='word_1_311' title='bbox 1273 360 1316 392; x_wconf 81' lang='lat' dir='ltr'>vcl</span> <span class='ocrx_word' id='word_1_312' title='bbox 1356 373 1411 405; x_wconf 82' lang='lat' dir='ltr'>pro</span> <span class='ocrx_word' id='word_1_313' title='bbox 1448 369 1534 406; x_wconf 77' lang='lat' dir='ltr'>parte</span> <span class='ocrx_word' id='word_1_314' title='bbox 1575 362 1785 405; x_wconf 70' lang='lat' dir='ltr'>fundaverint,</span> <span class='ocrx_word' id='word_1_315' title='bbox 1820 371 1869 396; x_wconf 87' lang='lat' dir='ltr'>ant</span> 
     </span>
     <span class='ocr_line' id='line_1_63' title="bbox 1119 407 1871 447; baseline 0.003 -6"><span class='ocrx_word' id='word_1_316' title='bbox 1119 407 1265 441; x_wconf 81' lang='lat' dir='ltr'>fratribus</span> <span class='ocrx_word' id='word_1_317' title='bbox 1285 409 1422 443; x_wconf 76' lang='lat' dir='ltr'>aedilicia</span> <span class='ocrx_word' id='word_1_318' title='bbox 1446 411 1692 447; x_wconf 70' lang='lat' dir='ltr'>construxerint,</span> <span class='ocrx_word' id='word_1_319' title='bbox 1716 423 1770 444; x_wconf 76' lang='lat' dir='ltr'>seu</span> <span class='ocrx_word' id='word_1_320' title='bbox 1796 423 1871 445; x_wconf 82' lang='lat' dir='ltr'>ron-</span> 
     </span>
     <span class='ocr_line' id='line_1_64' title="bbox 1118 457 1869 495; baseline 0.004 -5"><span class='ocrx_word' id='word_1_321' title='bbox 1118 458 1194 490; x_wconf 86' lang='lat' dir='ltr'>strui</span> <span class='ocrx_word' id='word_1_322' title='bbox 1225 457 1365 495; x_wconf 68' lang='lat' dir='ltr'>fecerint,</span> <span class='ocrx_word' id='word_1_323' title='bbox 1403 459 1446 491; x_wconf 64' lang='lat' dir='ltr'>rel</span> <span class='ocrx_word' id='word_1_324' title='bbox 1476 460 1522 491; x_wconf 74' lang='lat' dir='ltr'>eis</span> <span class='ocrx_word' id='word_1_325' title='bbox 1559 459 1702 493; x_wconf 74' lang='lat' dir='ltr'>notabilia</span> <span class='ocrx_word' id='word_1_326' title='bbox 1743 460 1869 493; x_wconf 80' lang='lat' dir='ltr'>donaria</span> 
     </span>
     <span class='ocr_line' id='line_1_65' title="bbox 1119 506 1871 554; baseline 0.004 -15"><span class='ocrx_word' id='word_1_327' title='bbox 1119 506 1233 540; x_wconf 82' lang='lat' dir='ltr'>fuerint</span> <span class='ocrx_word' id='word_1_328' title='bbox 1255 506 1389 552; x_wconf 62' lang='lat' dir='ltr'>elargiti,</span> <span class='ocrx_word' id='word_1_329' title='bbox 1413 509 1541 554; x_wconf 80' lang='lat' dir='ltr'>ipsaque</span> <span class='ocrx_word' id='word_1_330' title='bbox 1566 508 1714 542; x_wconf 69' lang='lat' dir='ltr'>beneficia</span> <span class='ocrx_word' id='word_1_331' title='bbox 1743 521 1871 543; x_wconf 69' lang='lat' dir='ltr'>eorum-</span> 
     </span>
     <span class='ocr_line' id='line_1_66' title="bbox 1117 555 1870 603; baseline 0.004 -14"><span class='ocrx_word' id='word_1_332' title='bbox 1117 555 1188 589; x_wconf 82' lang='lat' dir='ltr'>dem</span> <span class='ocrx_word' id='word_1_333' title='bbox 1212 568 1295 589; x_wconf 88' lang='lat' dir='ltr'>anno</span> <span class='ocrx_word' id='word_1_334' title='bbox 1318 556 1458 602; x_wconf 86' lang='lat' dir='ltr'>quolibet</span> <span class='ocrx_word' id='word_1_335' title='bbox 1478 557 1507 589; x_wconf 92' lang='lat' dir='ltr'>in</span> <span class='ocrx_word' id='word_1_336' title='bbox 1532 558 1668 603; x_wconf 77' lang='lat' dir='ltr'>capitulo</span> <span class='ocrx_word' id='word_1_337' title='bbox 1690 558 1870 592; x_wconf 68' lang='lat' dir='ltr'>recitentur.</span> 
     </span>
     <span class='ocr_line' id='line_1_67' title="bbox 1118 605 1869 650; baseline 0.004 -13"><span class='ocrx_word' id='word_1_338' title='bbox 1118 612 1144 638; x_wconf 81' lang='lat' dir='ltr'>et</span> <span class='ocrx_word' id='word_1_339' title='bbox 1188 618 1243 650; x_wconf 86' lang='lat' dir='ltr'>pro</span> <span class='ocrx_word' id='word_1_340' title='bbox 1270 617 1379 638; x_wconf 81' lang='lat' dir='ltr'>eorum</span> <span class='ocrx_word' id='word_1_341' title='bbox 1417 605 1585 639; x_wconf 84' lang='lat' dir='ltr'>animabus</span> <span class='ocrx_word' id='word_1_342' title='bbox 1622 619 1636 639; x_wconf 93' lang='lat' dir='ltr'>a</span> <span class='ocrx_word' id='word_1_343' title='bbox 1662 606 1809 640; x_wconf 74' lang='lat' dir='ltr'>fratribus</span> <span class='ocrx_word' id='word_1_344' title='bbox 1842 621 1869 640; x_wconf 84' lang='lat' dir='ltr'>in</span> 
     </span>
     <span class='ocr_line' id='line_1_68' title="bbox 1117 654 1871 700; baseline 0.003 -13"><span class='ocrx_word' id='word_1_345' title='bbox 1117 655 1246 700; x_wconf 84' lang='lat' dir='ltr'>speciali</span> <span class='ocrx_word' id='word_1_346' title='bbox 1277 663 1392 688; x_wconf 88' lang='lat' dir='ltr'>oretur.</span> <span class='ocrx_word' id='word_1_347' title='bbox 1433 654 1492 687; x_wconf 80' lang='lat' dir='ltr'>Per</span> <span class='ocrx_word' id='word_1_348' title='bbox 1520 654 1577 688; x_wconf 86' lang='lat' dir='ltr'>boc</span> <span class='ocrx_word' id='word_1_349' title='bbox 1607 664 1711 688; x_wconf 76' lang='lat' dir='ltr'>autern</span> <span class='ocrx_word' id='word_1_350' title='bbox 1737 668 1797 689; x_wconf 91' lang='lat' dir='ltr'>nou</span> <span class='ocrx_word' id='word_1_351' title='bbox 1823 657 1871 689; x_wconf 71' lang='lat' dir='ltr'>in—</span> 
     </span>
     <span class='ocr_line' id='line_1_69' title="bbox 1118 703 1871 749; baseline 0.001 -13"><span class='ocrx_word' id='word_1_352' title='bbox 1118 704 1277 738; x_wconf 72' lang='lat' dir='ltr'>tendimus</span> <span class='ocrx_word' id='word_1_353' title='bbox 1300 704 1329 737; x_wconf 89' lang='lat' dir='ltr'>in</span> <span class='ocrx_word' id='word_1_354' title='bbox 1355 704 1462 749; x_wconf 82' lang='lat' dir='ltr'>aliquo</span> <span class='ocrx_word' id='word_1_355' title='bbox 1485 703 1636 749; x_wconf 76' lang='lat' dir='ltr'>derogare</span> <span class='ocrx_word' id='word_1_356' title='bbox 1663 704 1871 738; x_wconf 85' lang='lat' dir='ltr'>ordinationi-</span> 
     </span>
     <span class='ocr_line' id='line_1_70' title="bbox 1119 753 1870 791; baseline -0.001 -4"><span class='ocrx_word' id='word_1_357' title='bbox 1119 753 1187 791; x_wconf 80' lang='lat' dir='ltr'>bus,</span> <span class='ocrx_word' id='word_1_358' title='bbox 1212 753 1337 787; x_wconf 82' lang='lat' dir='ltr'>statutis</span> <span class='ocrx_word' id='word_1_359' title='bbox 1368 753 1412 786; x_wconf 81' lang='lat' dir='ltr'>vel</span> <span class='ocrx_word' id='word_1_360' title='bbox 1432 753 1639 787; x_wconf 76' lang='lat' dir='ltr'>observantiis</span> <span class='ocrx_word' id='word_1_361' title='bbox 1657 754 1728 786; x_wconf 86' lang='lat' dir='ltr'>dicti</span> <span class='ocrx_word' id='word_1_362' title='bbox 1751 754 1870 787; x_wconf 56' lang='lat' dir='ltr'>ordini&gt;v</span> 
     </span>
     <span class='ocr_line' id='line_1_71' title="bbox 1118 802 1868 857; baseline -0.001 -21"><span class='ocrx_word' id='word_1_363' title='bbox 1118 802 1365 840; x_wconf 78' lang='lat' dir='ltr'>rationabilibus,</span> <span class='ocrx_word' id='word_1_364' title='bbox 1403 802 1578 836; x_wconf 79' lang='lat' dir='ltr'>secuudum</span> <span class='ocrx_word' id='word_1_365' title='bbox 1608 814 1687 857; x_wconf 79' lang='lat' dir='ltr'>quae</span> <span class='ocrx_word' id='word_1_366' title='bbox 1712 803 1868 849; x_wconf 75' lang='lat' dir='ltr'>praedicta</span> 
     </span>
     <span class='ocr_line' id='line_1_72' title="bbox 1117 851 1634 897; baseline -0.002 -12"><span class='ocrx_word' id='word_1_367' title='bbox 1117 852 1252 886; x_wconf 72' lang='lat' dir='ltr'>debcant</span> <span class='ocrx_word' id='word_1_368' title='bbox 1279 851 1475 897; x_wconf 77' lang='lat' dir='ltr'>frequentius</span> <span class='ocrx_word' id='word_1_369' title='bbox 1499 853 1634 886; x_wconf 80' lang='lat' dir='ltr'>recitari</span> 
     </span>
    </p>

    <p class='ocr_par' dir='ltr' id='par_1_10' title="bbox 1166 900 1868 956">
     <span class='ocr_line' id='line_1_73' title="bbox 1166 900 1868 956; baseline 0 -21"><span class='ocrx_word' id='word_1_370' title='bbox 1166 901 1185 945; x_wconf 58' lang='grc' dir='ltr'>Ε</span> <span class='ocrx_word' id='word_1_371' title='bbox 1215 903 1267 935; x_wconf 81' lang='grc'>18.</span> <span class='ocrx_word' id='word_1_372' title='bbox 1292 900 1488 935; x_wconf 71' lang='lat' dir='ltr'>Ortdintmus</span> <span class='ocrx_word' id='word_1_373' title='bbox 1504 902 1597 935; x_wconf 88' lang='lat' dir='ltr'>etiam</span> <span class='ocrx_word' id='word_1_374' title='bbox 1615 901 1697 956; x_wconf 82' lang='lat' dir='ltr'>quod</span> <span class='ocrx_word' id='word_1_375' title='bbox 1718 901 1868 948; x_wconf 76' lang='lat' dir='ltr'>deinceps</span> 
     </span>
    </p>
   </div>
   <div class='ocr_carea' id='block_1_9' title="bbox 1119 946 1992 996">
    <p class='ocr_par' dir='ltr' id='par_1_11' title="bbox 1119 946 1992 996">
     <span class='ocr_line' id='line_1_74' title="bbox 1119 946 1992 996; baseline -0.001 -11"><span class='ocrx_word' id='word_1_376' title='bbox 1119 951 1261 985; x_wconf 81' lang='lat' dir='ltr'>minister</span> <span class='ocrx_word' id='word_1_377' title='bbox 1283 951 1439 996; x_wconf 73' lang='lat' dir='ltr'>generalis</span> <span class='ocrx_word' id='word_1_378' title='bbox 1467 951 1496 984; x_wconf 89' lang='lat' dir='ltr'>in</span> <span class='ocrx_word' id='word_1_379' title='bbox 1519 964 1573 985; x_wconf 89' lang='lat' dir='ltr'>sua</span> <span class='ocrx_word' id='word_1_380' title='bbox 1603 951 1750 987; x_wconf 71' lang='lat' dir='ltr'>notitatc</span> <span class='ocrx_word' id='word_1_381' title='bbox 1780 959 1869 984; x_wconf 81' lang='lat' dir='ltr'>ante-</span> <span class='ocrx_word' id='word_1_382' title='bbox 1885 946 1930 988; x_wconf 46' lang='grc' dir='ltr'>ΞΜ</span> <span class='ocrx_word' id='word_1_383' title='bbox 1947 946 1992 988; x_wconf 44' lang='lat' dir='ltr'>fi,</span> 
     </span>
    </p>
   </div>
   <div class='ocr_carea' id='block_1_10' title="bbox 1117 1000 1893 2676">
    <p class='ocr_par' dir='ltr' id='par_1_12' title="bbox 1117 1000 1893 1427">
     <span class='ocr_line' id='line_1_75' title="bbox 1117 1000 1893 1048; baseline -0.001 -15"><span class='ocrx_word' id='word_1_384' title='bbox 1117 1013 1211 1047; x_wconf 84' lang='lat' dir='ltr'>quam</span> <span class='ocrx_word' id='word_1_385' title='bbox 1241 1012 1332 1033; x_wconf 87' lang='lat' dir='ltr'>suum</span> <span class='ocrx_word' id='word_1_386' title='bbox 1357 1000 1493 1034; x_wconf 79' lang='lat' dir='ltr'>ot&#39;fnium</span> <span class='ocrx_word' id='word_1_387' title='bbox 1515 1008 1699 1047; x_wconf 50' lang='lat' dir='ltr'>exi-auquitui</span> <span class='ocrx_word' id='word_1_388' title='bbox 1727 1007 1888 1033; x_wconf 70' lang='lat' dir='ltr'>tentatur¹</span> <span class='ocrx_word' id='word_1_389' title='bbox 1884 1036 1893 1048; x_wconf 46' lang='lat' dir='ltr'>a</span> 
     </span>
     <span class='ocr_line' id='line_1_76' title="bbox 1119 1049 1869 1095; baseline 0.003 -13"><span class='ocrx_word' id='word_1_390' title='bbox 1119 1051 1330 1083; x_wconf 66' lang='lat' dir='ltr'>iuramentum</span> <span class='ocrx_word' id='word_1_391' title='bbox 1361 1057 1518 1095; x_wconf 82' lang='lat' dir='ltr'>praestare</span> <span class='ocrx_word' id='word_1_392' title='bbox 1547 1050 1575 1082; x_wconf 89' lang='lat' dir='ltr'>in</span> <span class='ocrx_word' id='word_1_393' title='bbox 1606 1049 1778 1095; x_wconf 81' lang='lat' dir='ltr'>praesentia</span> <span class='ocrx_word' id='word_1_394' title='bbox 1816 1063 1869 1095; x_wconf 68' lang='lat' dir='ltr'>gc-</span> 
     </span>
     <span class='ocr_line' id='line_1_77' title="bbox 1119 1098 1868 1144; baseline -0.001 -13"><span class='ocrx_word' id='word_1_395' title='bbox 1119 1099 1232 1132; x_wconf 78' lang='lat' dir='ltr'>neralis</span> <span class='ocrx_word' id='word_1_396' title='bbox 1251 1098 1392 1144; x_wconf 75' lang='lat' dir='ltr'>capituli,</span> <span class='ocrx_word' id='word_1_397' title='bbox 1410 1099 1432 1131; x_wconf 83' lang='lat' dir='ltr'>si</span> <span class='ocrx_word' id='word_1_398' title='bbox 1454 1106 1594 1144; x_wconf 80' lang='lat' dir='ltr'>tempore</span> <span class='ocrx_word' id='word_1_399' title='bbox 1611 1099 1773 1132; x_wconf 62' lang='lat' dir='ltr'>electionis·</span> <span class='ocrx_word' id='word_1_400' title='bbox 1792 1111 1868 1132; x_wconf 71' lang='lat' dir='ltr'>suar·</span> 
     </span>
     <span class='ocr_line' id='line_1_78' title="bbox 1119 1147 1867 1194; baseline 0 -14"><span class='ocrx_word' id='word_1_401' title='bbox 1119 1147 1159 1181; x_wconf 93' lang='lat' dir='ltr'>ibi</span> <span class='ocrx_word' id='word_1_402' title='bbox 1186 1159 1334 1193; x_wconf 70' lang='lat' dir='ltr'>praesens</span> <span class='ocrx_word' id='word_1_403' title='bbox 1351 1147 1452 1190; x_wconf 67' lang='lat' dir='ltr'>suerit,</span> <span class='ocrx_word' id='word_1_404' title='bbox 1472 1148 1515 1181; x_wconf 86' lang='lat' dir='ltr'>vel</span> <span class='ocrx_word' id='word_1_405' title='bbox 1534 1155 1697 1194; x_wconf 77' lang='lat' dir='ltr'>praesento</span> <span class='ocrx_word' id='word_1_406' title='bbox 1713 1156 1867 1180; x_wconf 80' lang='lat' dir='ltr'>conventu</span> 
     </span>
     <span class='ocr_line' id='line_1_79' title="bbox 1119 1196 1871 1242; baseline -0.001 -13"><span class='ocrx_word' id='word_1_407' title='bbox 1119 1197 1190 1235; x_wconf 83' lang='lat' dir='ltr'>loci,</span> <span class='ocrx_word' id='word_1_408' title='bbox 1214 1197 1243 1229; x_wconf 91' lang='lat' dir='ltr'>in</span> <span class='ocrx_word' id='word_1_409' title='bbox 1267 1208 1330 1242; x_wconf 79' lang='lat' dir='ltr'>quo</span> <span class='ocrx_word' id='word_1_410' title='bbox 1353 1208 1425 1229; x_wconf 79' lang='lat' dir='ltr'>cuin</span> <span class='ocrx_word' id='word_1_411' title='bbox 1450 1196 1613 1231; x_wconf 82' lang='lat' dir='ltr'>decretum</span> <span class='ocrx_word' id='word_1_412' title='bbox 1637 1209 1712 1230; x_wconf 80' lang='lat' dir='ltr'>suae</span> <span class='ocrx_word' id='word_1_413' title='bbox 1734 1197 1871 1230; x_wconf 76' lang='lat' dir='ltr'>electio-</span> 
     </span>
     <span class='ocr_line' id='line_1_80' title="bbox 1119 1245 1872 1291; baseline 0.001 -13"><span class='ocrx_word' id='word_1_414' title='bbox 1119 1246 1167 1278; x_wconf 85' lang='lat' dir='ltr'>nis</span> <span class='ocrx_word' id='word_1_415' title='bbox 1203 1246 1342 1291; x_wconf 85' lang='lat' dir='ltr'>recipere</span> <span class='ocrx_word' id='word_1_416' title='bbox 1370 1245 1527 1291; x_wconf 72' lang='lat' dir='ltr'>continget</span> <span class='ocrx_word' id='word_1_417' title='bbox 1553 1246 1613 1279; x_wconf 88' lang='lat' dir='ltr'>sub</span> <span class='ocrx_word' id='word_1_418' title='bbox 1650 1245 1759 1283; x_wconf 75' lang='lat' dir='ltr'>forma,</span> <span class='ocrx_word' id='word_1_419' title='bbox 1792 1258 1872 1291; x_wconf 76' lang='lat' dir='ltr'>quac</span> 
     </span>
     <span class='ocr_line' id='line_1_81' title="bbox 1118 1294 1871 1341; baseline -0.001 -13"><span class='ocrx_word' id='word_1_420' title='bbox 1118 1295 1274 1340; x_wconf 88' lang='lat' dir='ltr'>sequitur:</span> <span class='ocrx_word' id='word_1_421' title='bbox 1299 1294 1366 1340; x_wconf 72' lang='lat' dir='ltr'>Ego</span> <span class='ocrx_word' id='word_1_422' title='bbox 1389 1294 1481 1327; x_wconf 75' lang='lat' dir='ltr'>frater</span> <span class='ocrx_word' id='word_1_423' title='bbox 1495 1294 1532 1328; x_wconf 83' lang='lat' dir='ltr'>N.</span> <span class='ocrx_word' id='word_1_424' title='bbox 1557 1295 1712 1341; x_wconf 79' lang='lat' dir='ltr'>generalis</span> <span class='ocrx_word' id='word_1_425' title='bbox 1732 1295 1871 1328; x_wconf 71' lang='lat' dir='ltr'>minister</span> 
     </span>
     <span class='ocr_line' id='line_1_82' title="bbox 1119 1343 1870 1378; baseline -0.001 -2"><span class='ocrx_word' id='word_1_426' title='bbox 1119 1344 1241 1378; x_wconf 88' lang='lat' dir='ltr'>ordinis</span> <span class='ocrx_word' id='word_1_427' title='bbox 1282 1343 1408 1377; x_wconf 75' lang='lat' dir='ltr'>fratrum</span> <span class='ocrx_word' id='word_1_428' title='bbox 1445 1343 1602 1377; x_wconf 85' lang='lat' dir='ltr'>Minorum</span> <span class='ocrx_word' id='word_1_429' title='bbox 1633 1344 1670 1376; x_wconf 92' lang='lat' dir='ltr'>ab</span> <span class='ocrx_word' id='word_1_430' title='bbox 1706 1344 1763 1377; x_wconf 81' lang='lat' dir='ltr'>liae</span> <span class='ocrx_word' id='word_1_431' title='bbox 1799 1344 1870 1376; x_wconf 74' lang='lat' dir='ltr'>bora</span> 
     </span>
     <span class='ocr_line' id='line_1_83' title="bbox 1120 1393 1872 1431; baseline 0 -4"><span class='ocrx_word' id='word_1_432' title='bbox 1120 1395 1252 1427; x_wconf 86' lang='lat' dir='ltr'>inantea</span> <span class='ocrx_word' id='word_1_433' title='bbox 1277 1393 1377 1426; x_wconf 79' lang='lat' dir='ltr'>tidelis</span> <span class='ocrx_word' id='word_1_434' title='bbox 1397 1405 1451 1427; x_wconf 84' lang='lat' dir='ltr'>cro</span> <span class='ocrx_word' id='word_1_435' title='bbox 1473 1402 1581 1427; x_wconf 78' lang='lat' dir='ltr'>sancto</span> <span class='ocrx_word' id='word_1_436' title='bbox 1605 1393 1710 1431; x_wconf 82' lang='lat' dir='ltr'>Petro</span> <span class='ocrx_word' id='word_1_437' title='bbox 1734 1401 1872 1427; x_wconf 69' lang='lat' dir='ltr'>sanctae-</span> 
     </span>
    </p>

    <p class='ocr_par' dir='ltr' id='par_1_13' title="bbox 1118 1442 1872 1541">
     <span class='ocr_line' id='line_1_84' title="bbox 1118 1442 1872 1498; baseline 0 -21"><span class='ocrx_word' id='word_1_438' title='bbox 1118 1456 1180 1490; x_wconf 77' lang='lat' dir='ltr'>quc</span> <span class='ocrx_word' id='word_1_439' title='bbox 1240 1443 1402 1477; x_wconf 82' lang='lat' dir='ltr'>Romanae</span> <span class='ocrx_word' id='word_1_440' title='bbox 1453 1442 1630 1481; x_wconf 73' lang='lat' dir='ltr'>Ecclesiae</span> <span class='ocrx_word' id='word_1_441' title='bbox 1680 1443 1872 1498; x_wconf 82' lang='lat' dir='ltr'>dominoque</span> 
     </span>
     <span class='ocr_line' id='line_1_85' title="bbox 1119 1493 1873 1541; baseline -0.001 -14"><span class='ocrx_word' id='word_1_442' title='bbox 1119 1506 1189 1527; x_wconf 81' lang='lat' dir='ltr'>meo</span> <span class='ocrx_word' id='word_1_443' title='bbox 1222 1493 1352 1527; x_wconf 90' lang='lat' dir='ltr'>domiuo</span> <span class='ocrx_word' id='word_1_444' title='bbox 1376 1493 1491 1538; x_wconf 80' lang='lat' dir='ltr'>Papae,</span> <span class='ocrx_word' id='word_1_445' title='bbox 1513 1494 1644 1541; x_wconf 85' lang='lat' dir='ltr'>suisque</span> <span class='ocrx_word' id='word_1_446' title='bbox 1674 1493 1873 1527; x_wconf 79' lang='lat' dir='ltr'>suecessori-</span> 
     </span>
    </p>

    <p class='ocr_par' dir='ltr' id='par_1_14' title="bbox 1119 1542 1876 2676">
     <span class='ocr_line' id='line_1_86' title="bbox 1120 1542 1871 1578; baseline -0.004 0"><span class='ocrx_word' id='word_1_447' title='bbox 1120 1544 1178 1578; x_wconf 86' lang='lat' dir='ltr'>bus</span> <span class='ocrx_word' id='word_1_448' title='bbox 1219 1543 1371 1577; x_wconf 87' lang='lat' dir='ltr'>canonice</span> <span class='ocrx_word' id='word_1_449' title='bbox 1412 1542 1618 1577; x_wconf 76' lang='lat' dir='ltr'>intrantibus:</span> <span class='ocrx_word' id='word_1_450' title='bbox 1658 1554 1719 1576; x_wconf 88' lang='lat' dir='ltr'>non</span> <span class='ocrx_word' id='word_1_451' title='bbox 1758 1554 1811 1576; x_wconf 83' lang='lat' dir='ltr'>cro</span> <span class='ocrx_word' id='word_1_452' title='bbox 1843 1543 1871 1576; x_wconf 91' lang='lat' dir='ltr'>iu</span> 
     </span>
     <span class='ocr_line' id='line_1_87' title="bbox 1119 1591 1874 1637; baseline -0.003 -10"><span class='ocrx_word' id='word_1_453' title='bbox 1119 1592 1253 1628; x_wconf 89' lang='lat' dir='ltr'>consilio</span> <span class='ocrx_word' id='word_1_454' title='bbox 1280 1604 1338 1626; x_wconf 82' lang='lat' dir='ltr'>nec</span> <span class='ocrx_word' id='word_1_455' title='bbox 1374 1592 1402 1625; x_wconf 88' lang='lat' dir='ltr'>iu</span> <span class='ocrx_word' id='word_1_456' title='bbox 1427 1591 1520 1635; x_wconf 83' lang='lat' dir='ltr'>sacto,</span> <span class='ocrx_word' id='word_1_457' title='bbox 1545 1600 1577 1627; x_wconf 89' lang='lat' dir='ltr'>ut</span> <span class='ocrx_word' id='word_1_458' title='bbox 1615 1593 1707 1626; x_wconf 82' lang='lat' dir='ltr'>vitam</span> <span class='ocrx_word' id='word_1_459' title='bbox 1743 1591 1874 1637; x_wconf 86' lang='lat' dir='ltr'>perdant</span> 
     </span>
     <span class='ocr_line' id='line_1_88' title="bbox 1119 1642 1875 1687; baseline -0.003 -10"><span class='ocrx_word' id='word_1_460' title='bbox 1119 1652 1172 1677; x_wconf 86' lang='lat' dir='ltr'>aut</span> <span class='ocrx_word' id='word_1_461' title='bbox 1206 1642 1398 1684; x_wconf 76' lang='lat' dir='ltr'>membrum,</span> <span class='ocrx_word' id='word_1_462' title='bbox 1430 1642 1476 1676; x_wconf 90' lang='lat' dir='ltr'>vel</span> <span class='ocrx_word' id='word_1_463' title='bbox 1512 1642 1679 1687; x_wconf 77' lang='lat' dir='ltr'>capiantur</span> <span class='ocrx_word' id='word_1_464' title='bbox 1708 1642 1786 1675; x_wconf 87' lang='lat' dir='ltr'>mala</span> <span class='ocrx_word' id='word_1_465' title='bbox 1822 1653 1875 1675; x_wconf 83' lang='lat' dir='ltr'>ca-</span> 
     </span>
     <span class='ocr_line' id='line_1_89' title="bbox 1121 1691 1873 1739; baseline -0.001 -14"><span class='ocrx_word' id='word_1_466' title='bbox 1121 1692 1245 1739; x_wconf 86' lang='lat' dir='ltr'>ptione:</span> <span class='ocrx_word' id='word_1_467' title='bbox 1269 1691 1450 1729; x_wconf 68' lang='lat' dir='ltr'>consitium,</span> <span class='ocrx_word' id='word_1_468' title='bbox 1473 1691 1557 1738; x_wconf 82' lang='lat' dir='ltr'>quod</span> <span class='ocrx_word' id='word_1_469' title='bbox 1583 1692 1657 1725; x_wconf 89' lang='lat' dir='ltr'>milii</span> <span class='ocrx_word' id='word_1_470' title='bbox 1673 1699 1726 1725; x_wconf 89' lang='lat' dir='ltr'>aut</span> <span class='ocrx_word' id='word_1_471' title='bbox 1751 1703 1807 1738; x_wconf 83' lang='lat' dir='ltr'>per</span> <span class='ocrx_word' id='word_1_472' title='bbox 1829 1703 1873 1728; x_wconf 75' lang='lat' dir='ltr'>se.</span> 
     </span>
     <span class='ocr_line' id='line_1_90' title="bbox 1119 1740 1873 1788; baseline -0.004 -12"><span class='ocrx_word' id='word_1_473' title='bbox 1119 1751 1171 1776; x_wconf 88' lang='lat' dir='ltr'>aut</span> <span class='ocrx_word' id='word_1_474' title='bbox 1202 1753 1256 1787; x_wconf 87' lang='lat' dir='ltr'>per</span> <span class='ocrx_word' id='word_1_475' title='bbox 1294 1741 1410 1781; x_wconf 78' lang='lat' dir='ltr'>literas,</span> <span class='ocrx_word' id='word_1_476' title='bbox 1433 1749 1486 1775; x_wconf 83' lang='lat' dir='ltr'>aut</span> <span class='ocrx_word' id='word_1_477' title='bbox 1511 1754 1566 1788; x_wconf 81' lang='lat' dir='ltr'>per</span> <span class='ocrx_word' id='word_1_478' title='bbox 1594 1741 1740 1775; x_wconf 90' lang='lat' dir='ltr'>nuntium</span> <span class='ocrx_word' id='word_1_479' title='bbox 1771 1740 1873 1774; x_wconf 88' lang='lat' dir='ltr'>mani-</span> 
     </span>
     <span class='ocr_line' id='line_1_91' title="bbox 1120 1789 1875 1836; baseline -0.003 -11"><span class='ocrx_word' id='word_1_480' title='bbox 1120 1790 1293 1833; x_wconf 76' lang='lat' dir='ltr'>festabunt,</span> <span class='ocrx_word' id='word_1_481' title='bbox 1316 1789 1353 1824; x_wconf 86' lang='lat' dir='ltr'>ad</span> <span class='ocrx_word' id='word_1_482' title='bbox 1381 1802 1491 1824; x_wconf 88' lang='lat' dir='ltr'>eorum</span> <span class='ocrx_word' id='word_1_483' title='bbox 1516 1790 1666 1824; x_wconf 90' lang='lat' dir='ltr'>damnum</span> <span class='ocrx_word' id='word_1_484' title='bbox 1696 1789 1772 1824; x_wconf 89' lang='lat' dir='ltr'>nulli</span> <span class='ocrx_word' id='word_1_485' title='bbox 1803 1802 1875 1836; x_wconf 79' lang='lat' dir='ltr'>pan-</span> 
     </span>
     <span class='ocr_line' id='line_1_92' title="bbox 1121 1839 1872 1887; baseline -0.004 -13"><span class='ocrx_word' id='word_1_486' title='bbox 1121 1841 1206 1874; x_wconf 87' lang='lat' dir='ltr'>dam:</span> <span class='ocrx_word' id='word_1_487' title='bbox 1245 1848 1371 1874; x_wconf 83' lang='lat' dir='ltr'>vocatus</span> <span class='ocrx_word' id='word_1_488' title='bbox 1395 1840 1433 1874; x_wconf 88' lang='lat' dir='ltr'>ad</span> <span class='ocrx_word' id='word_1_489' title='bbox 1457 1840 1612 1887; x_wconf 84' lang='lat' dir='ltr'>synodum</span> <span class='ocrx_word' id='word_1_490' title='bbox 1650 1841 1787 1881; x_wconf 68' lang='lat' dir='ltr'>veniam,</span> <span class='ocrx_word' id='word_1_491' title='bbox 1817 1839 1872 1872; x_wconf 82' lang='lat' dir='ltr'>nisi</span> 
     </span>
     <span class='ocr_line' id='line_1_93' title="bbox 1120 1888 1868 1936; baseline -0.003 -12"><span class='ocrx_word' id='word_1_492' title='bbox 1120 1890 1208 1925; x_wconf 83' lang='lat' dir='ltr'>fuero</span> <span class='ocrx_word' id='word_1_493' title='bbox 1234 1889 1434 1935; x_wconf 85' lang='lat' dir='ltr'>praepeditus</span> <span class='ocrx_word' id='word_1_494' title='bbox 1450 1890 1598 1924; x_wconf 83' lang='lat' dir='ltr'>canonica</span> <span class='ocrx_word' id='word_1_495' title='bbox 1620 1888 1868 1936; x_wconf 72' lang='lat' dir='ltr'>praepeditione</span> 
     </span>
     <span class='ocr_line' id='line_1_94' title="bbox 1121 1937 1875 1985; baseline -0.004 -12"><span class='ocrx_word' id='word_1_496' title='bbox 1121 1940 1149 1973; x_wconf 89' lang='lat' dir='ltr'>in</span> <span class='ocrx_word' id='word_1_497' title='bbox 1164 1938 1415 1973; x_wconf 82' lang='lat' dir='ltr'>correctionibus</span> <span class='ocrx_word' id='word_1_498' title='bbox 1435 1938 1634 1973; x_wconf 86' lang='lat' dir='ltr'>iudicialibus</span> <span class='ocrx_word' id='word_1_499' title='bbox 1653 1939 1795 1985; x_wconf 75' lang='lat' dir='ltr'>gravium</span> <span class='ocrx_word' id='word_1_500' title='bbox 1813 1937 1875 1972; x_wconf 84' lang='lat' dir='ltr'>cri-</span> 
     </span>
     <span class='ocr_line' id='line_1_95' title="bbox 1121 1987 1873 2034; baseline -0.004 -12"><span class='ocrx_word' id='word_1_501' title='bbox 1121 1990 1255 2026; x_wconf 76' lang='lat' dir='ltr'>minum,</span> <span class='ocrx_word' id='word_1_502' title='bbox 1279 1996 1308 2021; x_wconf 85' lang='lat' dir='ltr'>et</span> <span class='ocrx_word' id='word_1_503' title='bbox 1333 1988 1362 2021; x_wconf 91' lang='lat' dir='ltr'>in</span> <span class='ocrx_word' id='word_1_504' title='bbox 1389 1988 1634 2034; x_wconf 85' lang='lat' dir='ltr'>provisionibus,</span> <span class='ocrx_word' id='word_1_505' title='bbox 1663 1987 1873 2034; x_wconf 83' lang='lat' dir='ltr'>promotioni-</span> 
     </span>
     <span class='ocr_line' id='line_1_96' title="bbox 1121 2037 1871 2080; baseline -0.005 -8"><span class='ocrx_word' id='word_1_506' title='bbox 1121 2038 1191 2080; x_wconf 61' lang='lat' dir='ltr'>bus,</span> <span class='ocrx_word' id='word_1_507' title='bbox 1215 2037 1524 2080; x_wconf 67' lang='lat' dir='ltr'>confirmationibus,</span> <span class='ocrx_word' id='word_1_508' title='bbox 1559 2037 1822 2072; x_wconf 82' lang='lat' dir='ltr'>destitutionibus</span> <span class='ocrx_word' id='word_1_509' title='bbox 1845 2044 1871 2069; x_wconf 83' lang='lat' dir='ltr'>et</span> 
     </span>
     <span class='ocr_line' id='line_1_97' title="bbox 1121 2086 1873 2134; baseline -0.005 -13"><span class='ocrx_word' id='word_1_510' title='bbox 1121 2086 1358 2134; x_wconf 82' lang='lat' dir='ltr'>repulsionibus</span> <span class='ocrx_word' id='word_1_511' title='bbox 1386 2086 1539 2131; x_wconf 80' lang='lat' dir='ltr'>faciendis</span> <span class='ocrx_word' id='word_1_512' title='bbox 1563 2087 1600 2121; x_wconf 87' lang='lat' dir='ltr'>de</span> <span class='ocrx_word' id='word_1_513' title='bbox 1630 2087 1772 2133; x_wconf 80' lang='lat' dir='ltr'>personis</span> <span class='ocrx_word' id='word_1_514' title='bbox 1800 2086 1873 2120; x_wconf 85' lang='lat' dir='ltr'>dicti</span> 
     </span>
     <span class='ocr_line' id='line_1_98' title="bbox 1120 2135 1876 2171; baseline -0.008 0"><span class='ocrx_word' id='word_1_515' title='bbox 1120 2137 1241 2171; x_wconf 87' lang='lat' dir='ltr'>ordinis</span> <span class='ocrx_word' id='word_1_516' title='bbox 1264 2135 1401 2170; x_wconf 87' lang='lat' dir='ltr'>fideliter</span> <span class='ocrx_word' id='word_1_517' title='bbox 1435 2148 1471 2170; x_wconf 86' lang='lat' dir='ltr'>ac</span> <span class='ocrx_word' id='word_1_518' title='bbox 1507 2136 1681 2170; x_wconf 86' lang='lat' dir='ltr'>secundum</span> <span class='ocrx_word' id='word_1_519' title='bbox 1714 2135 1817 2170; x_wconf 87' lang='lat' dir='ltr'>Deum</span> <span class='ocrx_word' id='word_1_520' title='bbox 1845 2142 1876 2167; x_wconf 83' lang='lat' dir='ltr'>et.</span> 
     </span>
     <span class='ocr_line' id='line_1_99' title="bbox 1121 2184 1875 2232; baseline -0.005 -12"><span class='ocrx_word' id='word_1_521' title='bbox 1121 2186 1264 2232; x_wconf 79' lang='lat' dir='ltr'>regulam</span> <span class='ocrx_word' id='word_1_522' title='bbox 1302 2185 1382 2219; x_wconf 85' lang='lat' dir='ltr'>beati</span> <span class='ocrx_word' id='word_1_523' title='bbox 1417 2184 1590 2225; x_wconf 70' lang='lat' dir='ltr'>Francisci„</span> <span class='ocrx_word' id='word_1_524' title='bbox 1635 2197 1811 2232; x_wconf 82' lang='lat' dir='ltr'>puramque</span> <span class='ocrx_word' id='word_1_525' title='bbox 1845 2191 1875 2216; x_wconf 87' lang='lat' dir='ltr'>et</span> 
     </span>
     <span class='ocr_line' id='line_1_100' title="bbox 1122 2234 1875 2274; baseline -0.004 -5"><span class='ocrx_word' id='word_1_526' title='bbox 1122 2243 1236 2269; x_wconf 84' lang='lat' dir='ltr'>rectam</span> <span class='ocrx_word' id='word_1_527' title='bbox 1265 2234 1489 2269; x_wconf 80' lang='lat' dir='ltr'>conscientiam</span> <span class='ocrx_word' id='word_1_528' title='bbox 1514 2246 1564 2268; x_wconf 81' lang='lat' dir='ltr'>rue</span> <span class='ocrx_word' id='word_1_529' title='bbox 1589 2234 1729 2274; x_wconf 81' lang='lat' dir='ltr'>liabebo;</span> <span class='ocrx_word' id='word_1_530' title='bbox 1753 2236 1799 2269; x_wconf 84' lang='lat' dir='ltr'>sic</span> <span class='ocrx_word' id='word_1_531' title='bbox 1825 2246 1875 2267; x_wconf 84' lang='lat' dir='ltr'>me</span> 
     </span>
     <span class='ocr_line' id='line_1_101' title="bbox 1121 2283 1874 2323; baseline -0.004 -4"><span class='ocrx_word' id='word_1_532' title='bbox 1121 2285 1207 2319; x_wconf 90' lang='lat' dir='ltr'>Deus</span> <span class='ocrx_word' id='word_1_533' title='bbox 1230 2285 1412 2323; x_wconf 71' lang='lat' dir='ltr'>adiuvet,et</span> <span class='ocrx_word' id='word_1_534' title='bbox 1441 2284 1516 2319; x_wconf 84' lang='lat' dir='ltr'>baec</span> <span class='ocrx_word' id='word_1_535' title='bbox 1543 2291 1648 2318; x_wconf 84' lang='lat' dir='ltr'>sancta</span> <span class='ocrx_word' id='word_1_536' title='bbox 1677 2283 1733 2318; x_wconf 91' lang='lat' dir='ltr'>Dei</span> <span class='ocrx_word' id='word_1_537' title='bbox 1768 2283 1874 2318; x_wconf 89' lang='lat' dir='ltr'>Evan-</span> 
     </span>
     <span class='ocr_line' id='line_1_102' title="bbox 1119 2332 1872 2381; baseline -0.007 -13"><span class='ocrx_word' id='word_1_538' title='bbox 1119 2334 1211 2381; x_wconf 78' lang='lat' dir='ltr'>gelia.</span> <span class='ocrx_word' id='word_1_539' title='bbox 1253 2333 1362 2367; x_wconf 86' lang='lat' dir='ltr'>Simile</span> <span class='ocrx_word' id='word_1_540' title='bbox 1407 2334 1617 2367; x_wconf 86' lang='lat' dir='ltr'>iuramentum</span> <span class='ocrx_word' id='word_1_541' title='bbox 1673 2332 1872 2379; x_wconf 84' lang='lat' dir='ltr'>praestabunt</span> 
     </span>
     <span class='ocr_line' id='line_1_103' title="bbox 1121 2382 1871 2429; baseline -0.005 -12"><span class='ocrx_word' id='word_1_542' title='bbox 1121 2384 1256 2418; x_wconf 83' lang='lat' dir='ltr'>ministri</span> <span class='ocrx_word' id='word_1_543' title='bbox 1280 2383 1500 2429; x_wconf 74' lang='lat' dir='ltr'>provinciales„</span> <span class='ocrx_word' id='word_1_544' title='bbox 1528 2383 1631 2416; x_wconf 87' lang='lat' dir='ltr'>statim</span> <span class='ocrx_word' id='word_1_545' title='bbox 1658 2395 1730 2416; x_wconf 89' lang='lat' dir='ltr'>cum</span> <span class='ocrx_word' id='word_1_546' title='bbox 1755 2382 1871 2416; x_wconf 81' lang='lat' dir='ltr'>fuerint</span> 
     </span>
     <span class='ocr_line' id='line_1_104' title="bbox 1121 2431 1873 2478; baseline -0.004 -11"><span class='ocrx_word' id='word_1_547' title='bbox 1121 2433 1296 2467; x_wconf 83' lang='lat' dir='ltr'>confirmati</span> <span class='ocrx_word' id='word_1_548' title='bbox 1321 2432 1350 2465; x_wconf 91' lang='lat' dir='ltr'>in</span> <span class='ocrx_word' id='word_1_549' title='bbox 1377 2432 1553 2476; x_wconf 86' lang='lat' dir='ltr'>praesentia</span> <span class='ocrx_word' id='word_1_550' title='bbox 1578 2432 1668 2478; x_wconf 87' lang='lat' dir='ltr'>primi</span> <span class='ocrx_word' id='word_1_551' title='bbox 1696 2431 1873 2478; x_wconf 89' lang='lat' dir='ltr'>provincia—</span> 
     </span>
     <span class='ocr_line' id='line_1_105' title="bbox 1121 2480 1874 2528; baseline -0.005 -12"><span class='ocrx_word' id='word_1_552' title='bbox 1121 2483 1157 2516; x_wconf 90' lang='lat' dir='ltr'>lis</span> <span class='ocrx_word' id='word_1_553' title='bbox 1192 2480 1339 2528; x_wconf 84' lang='lat' dir='ltr'>capituli:</span> <span class='ocrx_word' id='word_1_554' title='bbox 1363 2489 1391 2513; x_wconf 87' lang='lat' dir='ltr'>et</span> <span class='ocrx_word' id='word_1_555' title='bbox 1417 2480 1633 2517; x_wconf 82' lang='lat' dir='ltr'>nibilominus.</span> <span class='ocrx_word' id='word_1_556' title='bbox 1661 2480 1745 2527; x_wconf 88' lang='lat' dir='ltr'>quod</span> <span class='ocrx_word' id='word_1_557' title='bbox 1769 2480 1874 2514; x_wconf 85' lang='lat' dir='ltr'>subie-</span> 
     </span>
     <span class='ocr_line' id='line_1_106' title="bbox 1119 2529 1872 2566; baseline -0.003 -1"><span class='ocrx_word' id='word_1_558' title='bbox 1119 2532 1257 2566; x_wconf 84' lang='lat' dir='ltr'>ctionem</span> <span class='ocrx_word' id='word_1_559' title='bbox 1286 2538 1315 2565; x_wconf 90' lang='lat' dir='ltr'>et</span> <span class='ocrx_word' id='word_1_560' title='bbox 1355 2530 1560 2564; x_wconf 87' lang='lat' dir='ltr'>reverentiam</span> <span class='ocrx_word' id='word_1_561' title='bbox 1597 2537 1627 2563; x_wconf 88' lang='lat' dir='ltr'>et</span> <span class='ocrx_word' id='word_1_562' title='bbox 1661 2529 1872 2564; x_wconf 84' lang='lat' dir='ltr'>obedientiam</span> 
     </span>
     <span class='ocr_line' id='line_1_107' title="bbox 1120 2578 1871 2615; baseline -0.004 0"><span class='ocrx_word' id='word_1_563' title='bbox 1120 2593 1135 2615; x_wconf 88' lang='lat' dir='ltr'>a</span> <span class='ocrx_word' id='word_1_564' title='bbox 1163 2580 1280 2615; x_wconf 82' lang='lat' dir='ltr'>sanctis</span> <span class='ocrx_word' id='word_1_565' title='bbox 1302 2578 1448 2613; x_wconf 85' lang='lat' dir='ltr'>Patribus</span> <span class='ocrx_word' id='word_1_566' title='bbox 1471 2579 1672 2613; x_wconf 80' lang='lat' dir='ltr'>constitutam</span> <span class='ocrx_word' id='word_1_567' title='bbox 1696 2578 1871 2613; x_wconf 89' lang='lat' dir='ltr'>secundum</span> 
     </span>
     <span class='ocr_line' id='line_1_108' title="bbox 1121 2628 1874 2676; baseline -0.001 -12"><span class='ocrx_word' id='word_1_568' title='bbox 1121 2630 1258 2676; x_wconf 77' lang='lat' dir='ltr'>regulam</span> <span class='ocrx_word' id='word_1_569' title='bbox 1286 2628 1364 2663; x_wconf 88' lang='lat' dir='ltr'>beati</span> <span class='ocrx_word' id='word_1_570' title='bbox 1382 2628 1540 2663; x_wconf 86' lang='lat' dir='ltr'>Francisci</span> <span class='ocrx_word' id='word_1_571' title='bbox 1557 2629 1694 2675; x_wconf 84' lang='lat' dir='ltr'>generali</span> <span class='ocrx_word' id='word_1_572' title='bbox 1721 2628 1874 2663; x_wconf 74' lang='lat' dir='ltr'>ministro.</span> 
     </span>
    </p>
   </div>
   <div class='ocr_carea' id='block_1_11' title="bbox 1894 255 2071 281">
    <p class='ocr_par' dir='ltr' id='par_1_15' title="bbox 1894 255 2071 281">
     <span class='ocr_line' id='line_1_109' title="bbox 1894 255 2071 281; baseline -0.006 -1"><span class='ocrx_word' id='word_1_573' title='bbox 1894 256 1938 281; x_wconf 51' lang='lat' dir='ltr'>ln.</span> <span class='ocrx_word' id='word_1_574' title='bbox 1958 256 1984 279; x_wconf 52' lang='lat'>⁸2.</span> <span class='ocrx_word' id='word_1_575' title='bbox 2008 255 2071 280; x_wconf 61' lang='lat' dir='ltr'>l330</span> 
     </span>
    </p>
   </div>
  </div>
 </body>
</html>
