2274 3265
213 292 261 316 Αη.
285 290 313 316 (Τ.
330 289 393 315 13011

237 977 368 998 Prooemtum.

222 1718 321 1737 ωᾱῑιιειι.
348 1720 392 1735 runi

209 1747 326 1773 dependet).
356 1746 393 1765 snb

209 1777 325 1804 apostolica
356 1782 393 1796 eu-

210 1810 270 1835 {cipit
280 1809 394 1834 protectio-

209 1844 234 1859 ΠΒ

220 2298 317 2325 ruffiniani
328 2306 394 2321 inan*

207 2341 214 2353 ρ
230 2333 234 2348 ¹.
278 2330 394 2349 ibserrsiu-

467 273 530 309 ¹78
995 279 1181 305 nummum
1205 279 1366 302 ltoMANttot

456 342 495 369 iz).
527 339 688 368 l'roliibitio
716 338 838 373 rog-:nili
863 336 1024 366 monachos
1052 336 1085 364 :ul
1118 344 1162 373 :³5—
1205 336 1238 369 5,
1262 335 1408 380 Spiritus,
1431 341 1461 366 ct
1488 331 1546 366 alia
1574 330 1774 373 monasteria,
1798 329 1952 376 prioratus

451 384 551 419 ¹¹⁰1¹⁰S‚
583 388 631 410 etc.
657 399 696 404 ·-
730 381 773 410 ¹3·
806 380 948 409 Ex‘ffinlt‘ss
980 389 994 408 ³
1018 379 1161 417 religione
1205 392 1235 417 ot
1270 382 1409 417 membra
1446 380 1602 428 praedicta
1638 379 1666 413 in
1702 379 1950 425 praesentiarum

452 429 502 455 bac
522 428 549 455 in
562 426 629 455 aliis
641 435 697 454 non
713 424 982 463 recipiendi.-1t-.
994 423 1161 454 Clausulac.

410 507 567 534 Benedictus
586 505 728 540 episcopus
756 511 851 533 servus
875 510 1015 533 servorum
1038 503 1094 535 bet.
1122 504 1161 531 di-

454 556 537 583 lectis
560 554 626 583 filiis
644 555 760 583 Berardo
780 553 856 590 patri
885 553 976 581 abbati
1002 552 1163 581 monasterii

455 604 546 632 sancti
562 604 681 640 Spiritus
693 603 724 631 do
737 603 871 634 sulmone.
891 602 1001 630 vatum.
1022 602 1161 633 dioecesis,

454 653 564 688 eiusque
587 652 764 680 coabbatibus
794 652 824 679 ot
851 650 1024 679 conventibus
1048 650 1163 678 aliorum

453 701 683 729 monasteriorum
710 702 739 729 et
757 700 937 728 membrorum
961 699 1047 726 eidem
1071 705 1161 726 moria·

454 750 538 779 sterio
570 750 660 778 Sancti
689 750 808 785 Spiritus
837 748 1031 779 subiectorum.
1060 747 1163 775 ordinis

454 799 545 828 Sancti
568 799 704 827 Benedicti
730 797 920 833 praesentibus
948 798 975 825 et
999 795 1115 828 suturis,
1135 796 1162 824 in

453 849 621 885 perpetuum.

462 927 491 959 1.
508 924 699 970 Religiosam
718 923 809 957 vitam
825 922 1024 968 eligentibus,
1039 928 1161 968 aposto-

410 973 504 1008 licum
541 973 683 1008 convenit
720 971 831 1006 adesse
869 971 1083 1017 praesidium,
1122 982 1159 1004 ne

411 1023 487 1056 forti·
514 1021 680 1056 cuiuslibet
713 1021 895 1056 temeritatis
927 1020 1084 1058 incursus,
1107 1027 1160 1053 aut

410 1084 463 1105 eos
485 1084 499 1105 a
526 1071 683 1117 proposito
706 1077 842 1113 revocet,
864 1077 915 1103 aut
940 1069 1046 1110 robur,
1073 1068 1157 1115 quod

409 1121 512 1163 absit,
545 1131 653 1155 sacrae
694 1119 852 1164 religionis
887 1117 1044 1164 infringat.
1076 1117 1157 1151 Cum

411 1171 515 1215 itaquo
546 1168 626 1214 Regi
663 1180 771 1214 regum
796 1167 957 1202 mentibus
984 1166 1159 1200 humilibus

408 1227 436 1251 et
465 1218 586 1252 ‹lexotis
609 1217 782 1252 exhibeatis
807 1216 951 1261 religiose
979 1228 1014 1250 ac
1044 1215 1159 1261 iugiter

409 1267 606 1310 tantularum,
630 1279 687 1300 nos
714 1265 754 1300 ob
778 1274 896 1300 vestrae
920 1265 1081 1310 religionis
1105 1277 1157 1298 ze-

408 1318 483 1355 lum,
507 1328 601 1361 quem
631 1315 746 1349 babere
778 1314 931 1356 dicimini,
958 1322 984 1347 et
1014 1322 1157 1347 contem-

409 1366 543 1409 platione
583 1364 681 1398 felicis
723 1363 950 1397 recordationis
985 1362 1156 1397 Coelestini

406 1413 511 1460 Papae
535 1413 644 1454 Quinti
671 1413 923 1459 praedecessoris
951 1411 1059 1451 nostri,
1085 1423 1156 1458 prae-

407 1463 479 1495 dicti
502 1462 622 1496 ordinis
645 1462 840 1507 professoris,
857 1461 893 1495 ad
919 1473 984 1503 vos,
1009 1469 1157 1494 vestrum-

407 1524 467 1557 que
496 1511 637 1544 ordinem
673 1510 815 1545 sincerae
847 1519 992 1556 gerentes
1022 1509 1158 1543 caritatis

407 1559 565 1598 affec-tum,
604 1560 632 1592 in
673 1559 722 1593 his
756 1571 836 1605 qnae
871 1559 970 1605 ipsius
998 1558 1158 1604 religionis

408 1616 611 1653 angina-utum
643 1615 672 1641 et
701 1620 885 1655 prosperum
914 1616 1027 1641 statum
1058 1607 1158 1653 respi-

408 1657 505 1691 ciunt.
529 1665 683 1703 quantum
707 1669 779 1691 cum
808 1656 875 1691 Deo
904 1668 1072 1703 possumus
1102 1667 1158 1689 nos

409 1706 593 1740 favorabiles
614 1706 842 1740 exhibebimus.
866 1705 910 1740 Ea
941 1713 1077 1751 propter,
1108 1704 1158 1737 ‹li-

409 1756 478 1789 lerti
505 1756 533 1788 in
558 1753 695 1788 Domino
711 1755 776 1797 lilii,
801 1755 911 1788 restris
935 1755 1024 1787 iustis
1048 1761 1158 1799 postu-

408 1803 575 1838 lationibus
594 1803 765 1838 clementer
791 1804 973 1846 annuimus,
996 1811 1026 1836 et
1049 1814 1157 1837 mona-

407 1854 535 1887 sterium
550 1850 659 1887 Sancti
678 1852 817 1899 Spiritus
834 1864 869 1886 ac
883 1853 938 1886 alia
956 1852 1157 1894 monasteria,

409 1903 587 1948 prioratus,
614 1901 774 1945 ecclesias,
803 1901 944 1936 membra
973 1909 1002 1935 et
1030 1901 1094 1935 loca
1118 1900 1159 1934 ei-

407 1952 478 1986 dem
504 1951 692 1985 monasterio
714 1951 822 1985 Sancti
845 1950 982 1997 Spiritus
1004 1949 1157 1993 subiecta,

406 2012 485 2046 quae
509 2011 564 2044 per
585 1999 721 2046 speciale
745 1999 941 2046 privilegium
967 1998 1059 2033 Sedis
1079 1999 1156 2044 Apo-

406 2050 534 2083 <tatione
558 2049 703 2083 novimus
725 2049 762 2083 ad
784 2047 961 2082 Romanam
978 2047 1155 2082 Ecclesiam

407 2098 492 2132 nullo
526 2097 630 2131 medio
669 2099 840 2144 pertinere,
872 2097 931 2132 sub
966 2096 1045 2131 beati
1076 2096 1156 2131 Petri

406 2156 435 2180 et
459 2154 561 2181 nostra
582 2147 777 2192 protectione
800 2146 1003 2192 suscipimus,
1027 2153 1056 2180 et
1075 2158 1156 2192 prze—

408 2197 504 2229 sentis
532 2195 637 2242 scripti
663 2196 826 2242 privilegio
847 2195 1093 2230 communimus.

457 2244 476 2291 g
498 2247 530 2278 2.
555 2244 588 2278 In
612 2245 721 2291 primis
744 2244 897 2291 siqnidem
921 2252 1104 2288 statuentes,
1125 2250 1156 2276 ut

410 2295 485 2327 ordo
522 2294 724 2333 monasticus,
752 2295 804 2340 qui
836 2293 1011 2328 secundum
1041 2292 1157 2331 Dcum,

411 2351 440 2376 ct
454 2343 534 2377 beati
550 2342 712 2377 Benedicti
729 2343 879 2389 regulam,
902 2343 930 2376 in
948 2342 1156 2385 monasteriis,

414 2391 613 2437 prioratibus,
632 2400 661 2426 et
681 2392 829 2427 membris
852 2400 881 2427 et
903 2391 972 2426 aliis
988 2392 1065 2426 locis
1085 2403 1158 2437 prae-

412 2441 503 2475 dictis
527 2442 691 2476 institutus
713 2453 783 2475 osse
804 2442 1009 2488 dignoscitur,
1046 2452 1158 2487 perpe-

413 2491 472 2524 tuis
496 2490 611 2525 ibidem
637 2490 834 2537 temporibus
856 2490 1076 2524 iuviolabiliter
1103 2489 1158 2523 ob-

412 2548 560 2573 servetur.

460 2587 537 2634 {³5-
575 2587 738 2624 Praeterea
774 2600 992 2635 quascumque
1031 2599 1158 2635 posses-

411 2637 527 2679 stenes,
561 2649 779 2684 quaecumque
814 2637 893 2672 bona
933 2637 1157 2672 monasterium

1206 431 1430 466 rationabiliter
1464 428 1642 476 possident,
1676 435 1727 461 aut
1755 428 1786 461 in
1809 426 1950 462 futurum

1206 482 1367 527 largitione
1405 491 1512 525 regum
1552 477 1597 510 vel
1633 477 1833 523 principum,
1863 475 1953 511 obla-

1205 532 1288 565 tionc
1327 530 1465 563 lidclinm
1505 541 1558 561 scu
1600 526 1668 560 aliis
1704 526 1796 560 iustis
1830 525 1952 566 modis,

1206 586 1380 624 praestante
1417 577 1575 619 Domino,
1615 582 1759 622 poterunt
1799 573 1953 619 adipisci,

1206 629 1292 662 lirma
1320 627 1408 662 vobis
1444 626 1618 672 rostrisque
1646 623 1896 665 successoribus,
1923 631 1953 657 et

1205 676 1318 711 illibata
1348 683 1562 721 permancant.

1252 726 1272 771 g
1294 727 1325 758 4.
1350 725 1383 759 ln
1407 724 1523 772 quibus
1546 725 1622 758 baec
1645 722 1782 770 propriis
1804 721 1953 756 duximus

1204 774 1408 821 exprimenda
1445 773 1629 812 vocabulis,
1668 771 1815 806 videlicet
1847 770 1951 805 locum

1204 824 1324 868 ipsum,
1353 823 1382 856 in
1418 834 1480 869 quo
1520 821 1691 869 praefatum
1728 820 1952 855 monasterium

1202 872 1235 906 S.
1259 872 1398 918 Spiritus
1425 872 1520 905 sitnm
1556 883 1624 905 esse
1657 869 1854 916 dignoscitur
1880 881 1952 904 cum

1202 921 1350 955 omnibus
1383 919 1580 966 pertinentiis
1613 920 1698 963 suis,
1727 919 1952 953 monasterium

1201 970 1234 1005 S.
1258 969 1383 1004 loannis
1418 969 1446 1003 in
1479 968 1574 1002 l'lano
1601 968 1750 1002 Lucerin.
1787 967 1952 1009 dioecesis,

1201 1019 1233 1054 S.
1266 1018 1495 1053 Bartholomaei
1527 1017 1566 1051 de
1594 1016 1727 1051 Civitate
1762 1015 1796 1051 S.
1824 1017 1951 1056 Mariae,

1201 1068 1274 1103 olim
1302 1076 1407 1102 vocata
1435 1066 1577 1106 Luceria,
1599 1066 1633 1101 S.
1657 1065 1795 1111 Spiritus
1822 1065 1860 1099 de
1885 1066 1952 1100 Ma-

1199 1117 1290 1164 gella,
1314 1116 1420 1151 Sancti
1441 1115 1584 1161 Gregorii
1608 1116 1646 1148 ‹le
1667 1114 1777 1148 Rocba
1797 1114 1951 1157 Manricii,

1200 1168 1234 1200 S.
1263 1166 1346 1199 Petri
1376 1165 1593 1205 vallisbonae,
1620 1163 1653 1198 S.
1682 1163 1767 1197 Petri
1787 1163 1826 1197 de
1844 1163 1952 1199 Monte

1201 1215 1311 1257 Plano,
1333 1214 1366 1249 S.
1391 1214 1540 1260 Spiritus,
1563 1222 1591 1247 et
1622 1212 1776 1259 hospitale
1804 1225 1876 1246 cum
1900 1224 1953 1247 ec-

1199 1265 1291 1299 clesia
1312 1263 1345 1297 S.
1380 1263 1513 1298 Andrea‘
1537 1263 1575 1296 de
1601 1262 1773 1301 BucclanO,
1796 1261 1829 1295 S.
1850 1261 1952 1296 Mariae

1200 1314 1239 1347 de
1261 1313 1415 1347 Cir-itellis
1437 1313 1475 1346 de
1503 1313 1625 1346 civitate
1648 1310 1792 1345 Theatin.
1821 1310 1855 1345 S.
1878 1310 1954 1358 Spi-

1201 1364 1278 1396 ritus
1306 1362 1344 1395 de
1372 1362 1526 1401 Orthona,
1555 1360 1588 1395 S.
1622 1360 1764 1406 Spiritus
1797 1360 1836 1394 (le
1863 1359 1952 1395 Lon-

1200 1424 1288 1454 zano,
1322 1411 1356 1445 S.
1386 1410 1500 1445 Mariae
1537 1411 1617 1444 inter
1652 1409 1777 1444 Montes
1804 1408 1950 1444 Theatin.

1199 1460 1372 1500 dioecesis,
1406 1459 1512 1495 Sancti
1548 1459 1679 1494 Eusebii
1715 1458 1753 1493 de
1780 1457 1884 1498 Urbe,
1916 1457 1949 1492 S.

1199 1509 1314 1543 Mariae
1349 1510 1378 1542 in
1408 1509 1583 1552 Pinezano,
1607 1508 1747 1542 Pennen.
1782 1507 1951 1551 dioecesis,

1200 1557 1304 1592 Sancti
1341 1557 1512 1592 Salvatoris
1547 1557 1585 1591 ‹te
1616 1557 1740 1591 civitate
1773 1556 1949 1596 Pennensi,

1199 1606 1333 1641 Sanctae
1354 1606 1469 1641 Mariae
1484 1607 1522 1641 de
1542 1605 1740 1641 Collemadio
1757 1605 1840 1640 iuxta
1855 1605 1952 1653 Aqui-

1200 1655 1274 1700 lam,
1300 1656 1332 1690 S.
1365 1655 1485 1690 Cocidii
1514 1655 1553 1689 de
1589 1654 1804 1701 Caporciano‚
1842 1653 1949 1689 Sancti

1198 1705 1336 1751 Spiritus
1371 1705 1409 1739 (le
1439 1704 1584 1745 lssernia,
1615 1704 1748 1739 Sanctae
1775 1704 1889 1738 Mariae
1913 1703 1952 1738 de

1198 1754 1359 1792 Trivento,
1387 1753 1420 1789 S.
1445 1754 1561 1788 Mariae
1588 1753 1627 1788 de
1650 1754 1797 1799 Anglono
1818 1753 1952 1787 Triven-

1200 1804 1253 1837 tin.
1294 1804 1466 1845 dioecesis,
1493 1803 1599 1837 Sancti
1622 1801 1760 1849 Spiritus
1783 1802 1866 1836 iuxta
1895 1801 1951 1837 Ve-

1200 1851 1338 1897 nafrum,
1366 1852 1400 1886 S.
1428 1852 1565 1899 Spiritus
1588 1851 1792 1891 AlisanensiS,
1821 1850 1853 1885 S.
1878 1851 1953 1886 An-

1200 1901 1276 1935 tonii
1300 1901 1338 1936 de
1357 1901 1529 1948 Campania
1554 1900 1762 1935 Ferentinatis
1788 1900 1952 1941 dioecesis,

1201 1950 1356 1996 prioratus
1383 1950 1417 1984 S.
1442 1950 1571 1984 Antonii
1600 1958 1629 1984 et
1659 1949 1767 1984 Sancti
1796 1949 1950 1984 Leonardi

1201 2011 1298 2046 prope
1327 1999 1489 2034 Snlculam
1514 1999 1700 2046 Anagninae
1728 1999 1894 2042 dioecesis,
1917 1997 1950 2033 S.

1200 2048 1327 2082 Ioannis
1362 2049 1400 2083 ‹le
1436 2048 1527 2095 Aqua
1555 2048 1683 2087 Sancta,
1711 2047 1745 2082 S.
1779 2047 1874 2082 Marci
1911 2047 1951 2082 de

1198 2096 1295 2131 Fucis
1317 2098 1482 2132 Marsican.
1507 2097 1672 2138 dioecesis,
1699 2096 1806 2131 Sancti
1831 2096 1949 2131 Nicolai

1200 2146 1238 2181 ile
1261 2147 1406 2191 Civitate,
1428 2146 1535 2181 Sancti
1559 2146 1682 2180 Martini
1706 2145 1746 2179 de
1764 2145 1897 2186 Boiano,
1920 2154 1950 2180 et

1199 2195 1231 2230 S.
1260 2195 1386 2230 Ioannis
1412 2196 1450 2229 de
1477 2195 1590 2230 Rodio.

1967 272 2017 299 An.
2035 272 2065 299 C.
2085 272 2153 298 {504

1979 332 2035 353 Bona
2045 333 2115 353 omniu
2132 334 2151 353 ol

1967 363 2083 384 confirmat.

1249 2245 1268 2291 S
1291 2249 1321 2278 5.
1339 2245 1378 2279 Et
1397 2245 1467 2290 quia
1492 2245 1572 2279 inter
1594 2244 1663 2282 alia,
1687 2256 1767 2291 quae
1789 2244 1948 2280 salubrem
1977 2256 2046 2277 anna·
2063 2262 2150 2283 genem-

1199 2302 1227 2328 et
1251 2295 1390 2339 quietum
1425 2302 1540 2328 statum
1570 2301 1706 2327 vestrum
1738 2294 1875 2340 sapiunt,
1908 2294 1947 2329 de

1963 2287 1989 2308 tt·
2004 2287 2098 2314 quolibet
2115 2289 2150 2308 tri—

1963 2320 2027 2339 ennio
2066 2319 2149 2344 eligen-

1201 2343 1376 2389 praocipnis
1403 2343 1528 2377 casibus
1557 2343 1615 2377 lioc
1638 2355 1707 2376 esse
1736 2343 1947 2378 necessarium
1963 2348 2014 2368 ὀνκ

1199 2392 1398 2431 arbitramur,
1422 2400 1451 2425 ut
1475 2392 1513 2426 <le
1541 2391 1764 2427 substitutione
1788 2391 1881 2426 futuri
1897 2393 1950 2427 ab-

1201 2441 1281 2474 batis
1312 2442 1504 2475 successoris
1527 2441 1602 2484 tibi,
1625 2440 1665 2475 fili
1693 2441 1788 2475 abbas
1817 2440 1849 2476 S.
1874 2440 1951 2489 Spi-

1202 2490 1289 2530 ritus,
1312 2502 1405 2536 qucin
1426 2498 1543 2536 patroni
1568 2490 1712 2524 abbatem
1735 2491 1865 2525 caeteris
1888 2491 1950 2525 tuis

1200 2539 1423 2579 coabbatibus,
1466 2540 1611 2586 praelatis
1645 2547 1675 2573 et
1709 2539 1858 2574 fratribus
1895 2539 1950 2574 tibi

1201 2588 1363 2629 subiectis,
1382 2589 1598 2635 praesentibus
1618 2596 1648 2623 et
1669 2588 1782 2623 futuris
1801 2598 1951 2635 perpetuo

1200 2636 1390 2682 stabilimus,
1420 2638 1586 2685 praecipue
1616 2637 1812 2679 ordinamus,
1845 2646 1876 2673 et
1903 2638 1952 2672 di-
