2274 3265
119 281 167 305 Αιι.
185 280 213 306 C.
235 279 301 305 1525

128 685 197 705 intans
219 685 269 704 hatto
260 691 297 704 mi

115 723 134 736 ιιι
151 721 211 736 [rure
229 719 297 735 turso*

115 753 157 767 ram
168 748 250 766 sanitati
263 753 297 767 te-

113 780 188 799 sumti.

117 1775 142 1795 Ex
167 1781 192 1794 its
217 1778 286 1801 itaque

103 1807 230 1827 eredendum
266 1805 285 1825 B.

106 1837 198 1857 rhomam
211 1838 230 1856 in
243 1843 285 1857 cv}-

104 1870 129 1889 tis
144 1873 199 1888 esse:

818 276 954 298 rotimus
977 276 1031 297 xxi
1053 265 1159 306 (dictus
1182 275 1261 306 xxti)
1284 275 1331 296 νι.
1725 263 1792 295 507
1860 271 1908 297 An.
1926 270 1956 297 C.
1977 270 2042 295 ¹525

314 332 476 380 pendenti
498 340 668 368 extractum
691 332 729 367 ab
756 343 795 367 eo
818 332 943 376 reperit,
972 331 1056 366 exci-
1099 330 1144 364 (lit
1175 329 1219 364 illi
1247 330 1333 364 Deus
1354 341 1408 362 cor
1429 329 1466 363 ad
1491 337 1653 375 praecepta
1683 337 1714 363 et
1741 328 1842 374 legem

313 390 511 429 tatorumqne
543 394 557 416 a
586 394 698 417 somno
721 394 818 424 more,
845 381 920 416 dnm
948 380 1056 415 ambas

312 444 424 467 manus
457 433 549 478 capiti
578 445 657 475 suo,
688 440 720 465 ut
749 433 853 477 ipsum
891 430 1055 475 scalperet,

311 481 528 528 apposuisset,
569 494 602 516 se
638 481 799 515 liberatum
837 479 997 519 intellexit,
1020 492 1055 513 ac

311 531 496 571 astantibus,
531 531 615 578 quod
649 538 755 564 notum
779 529 888 572 fuerat,
917 529 1054 563 miracu-

312 581 375 614 lum
401 581 557 615 ιθιεΙιιι-ιι.

359 634 374 673 g
404 632 455 665 t8.
479 630 584 664 Infans
605 628 730 676 quidam
751 635 884 682 quatuor
899 639 1053 661 annorum

312 688 464 714 tumorem
500 688 530 714 et
558 678 700 713 ruborem
730 691 759 711 ιιι
791 677 886 712 costis
911 685 941 710 et
963 690 1053 711 crure

311 742 412 777 usque
446 730 483 763 ad
509 728 620 775 pedem
654 727 846 774 patie,l›atur
875 726 954 761 adeo
975 726 1054 761 al'ssi-

310 780 443 819 etivum,
471 787 503 812 ut
526 790 583 812 nec
604 791 619 811 a
647 786 744 810 nn‘itie
763 790 817 811 sua
841 777 886 810 rel
906 777 966 810 alio
985 777 1053 811 sine

310 828 446 863 laesione
473 836 503 862 et
524 827 659 861 clamore
681 839 738 861 suo
760 827 955 873 iliqnatenus
971 827 1051 873 tangi

311 879 471 924 potuisset.
509 877 633 911 Movere
665 889 697 911 se
734 890 794 911 nou
832 884 961 922 poterat,
996 890 1053 923 per

309 940 447 962 mensem
473 927 502 960 ιιι
527 935 612 961 tanto
640 926 748 960 dolore
775 935 805 960 et
837 926 866 960 in
898 927 1052 960 anxietate

307 977 381 1018 fnit3
403 989 419 1011 a
448 976 579 1011 medicis
601 988 674 1022 spes
697 976 868 1010 curationis
894 976 962 1011 eius
985 977 1051 1010 sine

308 1026 461 1061 incisione
485 1025 606 1073 pueruli
631 1038 690 1060 non
721 1025 950 1065 inveniebatur,
983 1026 1051 1060 illa—

307 1089 368 1123 que
395 1076 432 1119 (si
457 1076 560 1119 fieret)
589 1084 737 1122 perpetuo
765 1088 835 1109 enm
865 1077 894 1110 in
920 1088 1050 1122 persona

308 1126 446 1160 futurum
477 1125 660 1171 impeditum
686 1125 815 1159 moestis
841 1124 1051 1160 amaritudine

308 1175 467 1211 mentibus
496 1174 672 1209 nunciabat.
712 1174 884 1208 Deficiente
921 1182 1050 1214 natura,

307 1226 442 1271 artisque
465 1224 613 1270 suffragio
641 1236 700 1258 non
727 1224 862 1264 invento,
887 1236 1049 1257 recursum

307 1284 351 1308 est
374 1274 410 1308 ad
436 1274 550 1316 Deum,
572 1273 624 1319 qni
639 1273 793 1318 gloriosus
808 1282 853 1307 est
874 1274 902 1306 in
926 1273 1050 1308 Sanctis

306 1324 381 1364 suis,
405 1323 521 1357 taciens
545 1322 695 1368 prodigia.
724 1321 801 1356 Nam
831 1331 927 1356 mater
955 1322 1051 1356 infan-

306 1373 371 1413 tuli,
390 1385 471 1420 quae
493 1373 597 1419 ipsum
618 1371 768 1418 diligebat
789 1380 819 1406 ut
845 1381 954 1412 mater,
977 1385 1048 1406 etun

305 1423 340 1457 B.
373 1422 514 1457 Tliomae
539 1421 683 1457 devotius
706 1422 950 1464 commendavit,
979 1430 1012 1456 ut
1033 1436 1048 1455 a

304 1473 386 1508 dicta
413 1472 592 1506 infirmitate
625 1473 692 1506 sine
717 1472 868 1506 incisione
891 1473 957 1506 suis
981 1485 1048 1507 me-

305 1524 371 1558 ritis
399 1523 553 1557 liberaret.
589 1521 718 1556 Delatus
740 1531 788 1556 est
815 1535 893 1569 puer
914 1522 952 1556 ad
981 1536 1050 1556 mo-

305 1573 486 1612 nasterium,
513 1571 634 1619 positus
656 1585 752 1618 super
780 1572 937 1606 tumulum
969 1571 1049 1607 San-

303 1623 362 1666 cti,
386 1631 456 1669 post
478 1621 702 1669 aliquantulam
723 1635 841 1657 moram
861 1635 956 1656 sanus
976 1622 1048 1657 inde

302 1681 446 1707 surrexit.

350 1727 366 1766 §
394 1726 450 1758 19.
480 1721 563 1757 Haec
585 1730 659 1756 snut
676 1722 770 1767 igitur
793 1722 970 1757 testimonia
987 1730 1048 1766 tua,

303 1773 400 1816 Deus,
427 1785 508 1819 quae
534 1772 573 1806 de
597 1772 654 1806 lioc
680 1771 743 1806 tiro
771 1773 852 1806 iusto
875 1771 966 1806 nobis
988 1786 1049 1806 cre-

302 1822 409 1858 dibilia
431 1823 508 1857 facta
530 1830 603 1856 sunt
625 1822 730 1856 nimis.
756 1821 833 1856 Nam
857 1823 882 1857 si
907 1823 1049 1856 testimo-

302 1873 388 1907 uium
430 1872 567 1907 hominis
597 1872 792 1919 accipimus,
833 1872 1046 1907 testimonium

302 1922 357 1957 Dei
394 1923 494 1956 maius
520 1930 577 1961 est,
606 1934 670 1968 quo
696 1923 831 1956 animam
860 1923 941 1956 enim
974 1935 1049 1956 coe-

302 1973 365 2006 lum
390 1972 549 2018 possidere
577 1974 636 2006 iam
659 1973 836 2011 credimus,
861 1972 1049 2006 intercesso-

303 2035 366 2056 rem
395 2023 495 2067 ipsum
518 2030 736 2068 expectamus,
761 2034 795 2055 ac
816 2022 895 2055 inter
929 2031 1049 2056 saneto-

303 2084 371 2106 rum
406 2072 548 2116 agmina,
580 2072 667 2117 qnasi
696 2071 815 2105 stellam
846 2071 1048 2112 matutinam,

301 2134 372 2156 eum
397 2121 523 2155 fidimus
550 2133 619 2156 esse
650 2121 799 2155 locatum.
838 2120 928 2155 Unde
953 2121 1045 2155 fidem

302 2182 387 2205 tuam
416 2172 446 2205 in
473 2170 575 2211 nobis,
603 2170 684 2205 bone
708 2170 792 2214 lesu,
821 2171 934 2213 nutris,
958 2184 1046 2216 spem

302 2220 407 2266 erigis,
422 2220 600 2255 dilectionis
620 2222 777 2255 caritatem
797 2220 953 2254 accendis.
974 2220 1047 2255 Lae-

302 2278 382 2305 tetur
399 2271 501 2316 itaque
527 2278 624 2304 mater
638 2269 792 2313 Ecclesia,
814 2271 931 2305 exultet
952 2269 1046 2310 ltalia,

303 2332 415 2366 parens
436 2319 608 2366 Campania
636 2320 845 2359 iucundetnr,
881 2319 1047 2354 Praedica-

302 2378 403 2404 torum
427 2382 514 2404 sacer
540 2369 616 2404 ordo
647 2370 705 2403 iam
730 2369 849 2413 iubilet,
878 2369 1047 2416 religioso-

302 2431 369 2454 rum
403 2419 527 2453 devotio
554 2428 738 2465 concrepet,
765 2419 926 2453 doctorum
957 2419 1046 2454 turba

301 2468 511 2515 complaudat,
533 2469 713 2503 animentur
731 2467 769 2502 ad
788 2469 890 2503 studia
907 2469 1046 2509 iuvenes,

303 2518 439 2563 provecti
463 2531 524 2552 non
554 2526 713 2564 torpeant,
737 2530 830 2552 senes
851 2517 1047 2553 delectentur

302 2569 332 2601 in
361 2567 432 2611 illis,
459 2579 571 2602 omnes
593 2568 621 2601 in
651 2567 826 2602 humilitate
862 2568 1053 2614 proficiant,

304 2617 440 2663 provecti
477 2617 773 2663 contemplationem
798 2629 859 2651 uon
883 2616 1046 2658 deserant,

304 2666 446 2702 mandata
469 2666 525 2701 Dei
541 2666 641 2701 seduli
664 2674 870 2714 exequantur.
894 2666 972 2702 Nam
990 2667 1048 2702 de-

1099 381 1178 414 vitae
1206 387 1235 413 et
1269 378 1473 425 disciplin:;ie
1501 386 1531 411 ct
1557 379 1709 424 sapitntia
1740 378 1843 412 linmi-

1098 429 1159 464 liati
1183 428 1331 463 exaltabit
1353 436 1442 473 caput
1468 427 1558 461 illins.
1588 427 1621 461 ln
1649 428 1752 462 medio
1779 427 1843 463 Ec-

1097 479 1209 513 clesiae
1244 478 1368 524 aperuit
1395 488 1430 511 os
1456 477 1538 510 cius:
1567 486 1597 511 et
1616 477 1841 523 impleriteum

1097 528 1251 562 Dominus
1273 527 1385 573 spiritu
1413 526 1582 571 sapientiae
1599 535 1628 560 et
1653 526 1842 566 inteltectus2

1096 577 1206 612 stolam
1228 577 1343 623 gloriae
1375 575 1475 609 induit
1503 587 1586 609 eum.
1617 575 1692 609 Nam
1732 578 1843 611 veritas

1096 633 1191 674 (quae
1213 635 1261 661 est
1282 626 1444 669 Christus)
1469 625 1532 671 ipsa
1558 625 1648 663 reris,
1678 637 1738 660 non
1764 625 1843 661 lictis

1096 676 1278 712 doctoribus
1302 675 1482 722 pollicetur:
1512 673 1574 716 Qui
1597 674 1752 709 elucidant
1783 688 1842 719 me,

1098 727 1188 761 vitam
1217 734 1374 760 aeternam
1407 722 1576 758 habebunt.
1604 723 1755 766 Quamvis
1772 724 1841 772 lpse

1097 788 1187 810 verus
1213 775 1349 810 institiae
1376 773 1429 809 Sol
1453 774 1610 807 stellarum
1636 774 1842 809 illustratione

1096 839 1157 859 non
1181 833 1281 871 egeat,
1307 837 1363 859 nec
1386 824 1507 858 illarum
1533 823 1744 862 irradiatione,
1770 836 1841 859 cum

1096 876 1314 910 illuminentur
1341 874 1378 908 ali
1414 874 1497 920 ipso,
1525 874 1685 907 clarescat.
1716 873 1842 910 Habitat

1094 926 1178 960 enim
1195 925 1295 959 lucem
1313 923 1572 963 inaccessibilem,
1591 923 1653 966 Qui
1676 932 1721 958 est
1740 925 1843 971 splen-

1094 975 1150 1009 dor
1183 975 1302 1021 gloriae
1329 983 1358 1008 et
1391 972 1487 1019 figura
1523 973 1715 1008 substantiae
1750 975 1840 1017 eins,

1095 1025 1210 1059 idcirco
1233 1023 1370 1058 tenebris
1399 1035 1459 1056 non
1490 1021 1689 1062 obscuratur,
1719 1032 1751 1058 ut
1777 1024 1840 1059 de—

1094 1074 1187 1117 ficiat,
1207 1082 1258 1108 aut
1282 1073 1404 1108 nebulis
1426 1072 1607 1112 offuscatur,
1632 1082 1663 1107 ut
1684 1085 1758 1108 suae
1774 1074 1839 1108 cla-

1094 1124 1190 1158 ritatis
1213 1124 1316 1158 radios
1338 1135 1399 1156 non
1424 1121 1591 1156 diffundat.

1141 1175 1229 1217 §⁵2st
1249 1172 1428 1211 Caeterum,
1451 1172 1523 1218 quia
1544 1171 1672 1206 rationis
1693 1172 1770 1206 ordo
1787 1173 1840 1207 de·
1870 1186 2016 1214 »muniisque

1095 1223 1240 1268 postulat,
1269 1231 1300 1255 ut
1324 1221 1568 1276 triumphantem
1597 1221 1627 1255 in
1651 1221 1748 1255 coelis
1776 1221 1837 1257 Ec-
1852 1219 1904 1241 ‘³¹¹⁵'
1921 1220 2036 1238 omnen<

1875 1252 1878 1267 ι
1924 1250 1928 1253 .
2003 1251 2005 1253 .

1092 1271 1216 1307 clesiam
1250 1271 1359 1305 detota
1394 1284 1424 1305 ιιι
1448 1270 1537 1304 terris
1565 1270 1701 1305 ιιιιΙιιιιιε
1724 1249 2036 1306 5ιι1ι59-ιιῖιιιιιῖιιιιιι-

1092 1330 1221 1367 quatur,
1250 1320 1335 1355 illuni
1361 1320 1557 1354 tener-atione
1582 1320 1748 1366 piaccipua
1773 1333 1839 1366 [ιιι-ι
1851 1312 1896 1362 {¹⁵¹⁵
1921 1313 2037 1362 ρὀῗιᾞιζῗξ

1092 1370 1187 1410 colat,
1224 1383 1318 1417 quem
1359 1371 1387 1404 ιιι
1434 1368 1623 1404 coehstibus
1660 1370 1994 1427 ιιὲιιιιιιιὺιιεὶᾖωὼθάΰέ
1998 1379 2036 1393 ¹¹

1094 1422 1242 1468 positum,
1264 1420 1365 1455 Deum
1382 1419 1553 1467 glorificare
1576 1429 1787 1466 cognoscitur.
1868 1410 1907 1424 ¹⁰

1140 1475 1155 1515 g
1182 1473 1238 1505 021.
1263 1470 1327 1505 Nos
1350 1448 1400 1504 deo
1411 1470 1573 1504 sanctitate
1599 1470 1689 1514 vitae,
1712 1483 1746 1504 ac
1775 1471 1838 1505 mi-

1093 1521 1270 1556 raculorum
1309 1521 1435 1555 veritate
1470 1519 1660 1555 confessoris
1697 1520 1837 1555 eiusdem

1093 1584 1153 1605 non
1178 1571 1273 1605 semel
1305 1578 1441 1611 tantum,
1469 1570 1523 1604 sed
1545 1571 1646 1617 primo
1669 1578 1699 1604 et
1721 1583 1838 1605 secun-

1092 1621 1149 1661 d0;
1179 1634 1239 1655 non
1269 1621 1392 1661 festiue,
1415 1620 1469 1655 sed
1494 1628 1614 1655 mature
1643 1620 1755 1668 inquiri
1786 1620 1838 1655 fe-

1092 1671 1208 1712 cimus;
1237 1679 1267 1705 et
1297 1682 1350 1718 per
1373 1683 1430 1706 nos
1452 1670 1543 1705 etiam
1572 1679 1600 1704 et
1633 1670 1743 1705 fratres
1774 1682 1838 1705 no-

1091 1729 1183 1762 sti-OS,
1206 1729 1332 1755 sanctae
1360 1720 1519 1755 Romanae
1547 1719 1708 1756 Ecclesiae
1735 1719 1839 1755 cardi-

1093 1771 1189 1810 nales,
1229 1770 1463 1817 inquisitionem
1504 1770 1686 1804 huiusmodi
1729 1775 1839 1806 exacta

1091 1821 1287 1855 discussione
1317 1821 1566 1856 examinavimus
1589 1820 1775 1865 diligenter,
1804 1828 1837 1855 ut

1093 1880 1177 1906 tanto
1214 1871 1355 1914 titinius,
1387 1879 1503 1917 quanto
1538 1870 1716 1913 maturius,
1753 1878 1838 1905 tanto

1092 1920 1222 1960 certius,
1262 1929 1379 1967 quanto
1418 1920 1617 1967 disquisitius
1657 1920 1837 1968 inquisitum

1091 1979 1121 2004 et
1143 1971 1355 2005 examinatum
1392 1970 1560 2012 existeret,
1596 1970 1625 2005 in
1661 1983 1707 2004 sic
1734 1969 1838 2006 arduo

1091 2020 1273 2067 difficilique
1300 2020 1424 2066 negotio
1453 2021 1622 2066 pr0tetlere
1650 2019 1836 2055 xateremus

1092 2070 1223 2105 Difficile
1276 2083 1412 2117 namque
1449 2070 1637 2105 extimanius
1685 2083 1764 2117 qnae
1805 2071 1835 2105 in

1092 2129 1170 2155 terra
1199 2128 1290 2164 sunt,
1326 2129 1356 2154 et
1382 2131 1463 2166 qnae
1492 2120 1521 2153 iu
1559 2128 1727 2166 prospectu
1764 2128 1837 2155 sunt

1091 2169 1269 2204 invenimus
1297 2182 1367 2204 cum
1399 2169 1520 2209 labore,
1557 2181 1636 2216 qnae
1669 2178 1773 2204 autem
1807 2169 1836 2204 in

1090 2219 1186 2254 coelis
1221 2227 1312 2257 sunt,
1341 2219 1411 2266 qnis
1444 2218 1660 2265 investigabit?
1692 2217 1836 2265 Cumque

1092 2282 1146 2315 per
1183 2269 1362 2304 huiusmodi
1405 2277 1541 2304 nostram
1582 2276 1612 2302 et
1652 2268 1834 2303 eorumdem

1090 2319 1218 2354 fratrum
1257 2327 1431 2353 nostrornm
1469 2318 1728 2353 examinationem
1765 2319 1836 2353 soli-

1089 2370 1182 2404 citam
1206 2378 1235 2403 et
1267 2367 1498 2403 solicitudinem
1527 2369 1754 2409 examinatam,
1791 2369 1835 2402 vi-

1090 2427 1150 2453 tam
1175 2419 1241 2453 eius
1268 2426 1405 2452 sanctam
1434 2426 1464 2452 et
1493 2418 1640 2452 miracula
1673 2430 1743 2452 vera
1767 2418 1835 2452 eius

1091 2469 1211 2503 meritis
1244 2468 1334 2510 facta,
1371 2467 1497 2513 probata
1537 2480 1605 2501 esse
1638 2467 1832 2508 coustitei·it;

1089 2527 1119 2552 et
1138 2517 1388 2564 supplicantibus
1407 2516 1496 2551 nobis
1516 2515 1654 2562 idipsum
1676 2517 1834 2552 humiliter

1089 2577 1117 2602 et
1137 2568 1247 2602 devote
1274 2567 1380 2600 multis
1402 2575 1476 2601 tunc
1499 2566 1642 2613 praelatis
1664 2568 1746 2612 apud
1772 2565 1834 2601 Se-

1089 2617 1159 2652 dem
1188 2616 1401 2664 Apostolicam
1431 2615 1650 2656 existentibus,
1676 2616 1715 2651 de
1737 2615 1834 2652 dicto-

1090 2680 1158 2702 rum
1189 2667 1315 2701 lratrum
1355 2674 1531 2701 nostrorum
1565 2666 1698 2701 consilio
1731 2676 1760 2701 et
1788 2678 1833 2701 as-
