2274 3265
196 279 377 308 Ao.c.ttts

249 1682 366 1702 Exordium.

232 2478 332 2498 Praedec.
358 2476 413 2496 Pon*

233 2510 310 2529 titlcum
348 2509 414 2528 editas

233 2541 270 2559 tiat-
288 2541 312 2559 de
329 2545 350 2559 rc
363 2544 415 2558 con-

234 2571 354 2589 stituttoncs
367 2575 416 2589 con-

234 2604 299 2620 minat

441 267 511 300 680

434 340 495 360 runi
515 330 610 359 oflicio
629 334 656 358 ct
681 327 882 366 qualitatibus.
900 343 939 348 -
958 326 1001 356 1-2.
1019 326 1055 354 lle
1077 326 1143 354 bnl-

434 374 586 404 tatoribus:
611 389 650 395 -—
674 372 719 401 13.
743 370 1003 408 Registratoribus.
1029 387 1068 392 —
1098 370 1143 398 tt.

433 418 471 447 lle
494 418 661 447 auditorum
690 424 847 444 causarum
881 414 1085 453 qualitatibuS,
1107 430 1145 435 --

438 463 480 491 15.
491 461 524 491 Et
540 460 710 491 huiusmodi
728 459 901 498 qualitatum
923 458 1144 496 perquisitione.

432 522 472 527 —
503 506 547 535 16.
570 504 732 543 Disputatio
757 502 872 542 publica
897 501 1030 531 habenda
1059 505 1144 530 ante-

434 558 520 588 quam
540 548 649 587 aliquis
674 548 700 577 in
724 547 887 576 auditorem
908 545 1087 575 admittatur.
1110 561 1148 567 -

973 272 1157 295 nUtLAtttt'M

440 595 482 628 Π,
506 594 549 622 t8.
573 592 747 622 Auditorum
768 599 887 625 tnnnus,
906 598 1062 628 moresque
1082 598 1148 618 esse

436 637 533 676 qualia
558 636 692 666 debeant.
714 652 754 658 —
785 635 828 664 to.
852 634 890 663 lle
912 633 1012 663 causis
1036 643 1147 670 cogno-

438 681 554 716 scendi,
585 685 613 710 et
640 680 736 710 iudice
765 679 952 718 competenti.
982 695 1021 700 —
1049 678 1096 708 ⁶20.
1120 676 1148 705 lu

438 724 654 754 cohabitatione
683 723 787 753 notarii
821 732 886 752 cum
915 722 1048 752 auditore
1080 720 1149 759 quid

438 769 611 798 cavendum.
633 785 672 790 —
699 768 747 798 ΕΗ.
770 767 808 796 De
838 766 1032 806 qualitatibus
1055 765 1151 794 adsci-

439 813 617 842 scendorum
642 812 670 841 iu
690 811 829 841 notarios.
851 827 890 832 —
916 810 963 839 ⁶2⁵2.
983 810 1004 839 Α
1028 809 1151 838 notariis

440 857 635 886 exercendum
655 857 783 886 officinm
802 865 852 894 per
869 865 910 884 se.
928 871 967 877 —
984 854 1031 883 ⁶23.
1048 853 1086 882 De
1104 862 1153 882 no-

441 901 579 930 tariorum
605 900 747 929 moribus.
779 916 818 920 —
846 899 893 928 24.
916 898 945 927 Si
975 897 1151 926 beneficium

442 943 560 983 aliquod
572 943 741 982 acquisierit
755 943 898 975 notarius,
909 941 1037 971 officium
1050 940 1153 969 dimit-

443 992 490 1017 tat.
521 1004 561 1010 —
578 987 624 1017 ⁶25.
644 987 682 1016 De
702 986 872 1016 excessibus
895 985 1076 1014 notariorum
1097 993 1154 1022 pu-

443 1031 567 1061 niendis.
589 1048 629 1053 —
650 1031 697 1060 ⁶26.
716 1030 792 1060 Taxa
815 1030 850 1059 ab
871 1030 915 1059 eis
938 1028 1092 1058 servanda.
1118 1043 1156 1048 —

444 1075 490 1105 27.
506 1074 636 1105 Notanda
654 1075 731 1104 circa
751 1074 921 1104 huiusmodi
940 1078 1043 1102 taxant.
1056 1088 1095 1094 —-
1108 1071 1155 1100 028.

444 1118 658 1148 Advocatorum
678 1118 931 1148 consistorialiuui
955 1115 1155 1146 admittendo—

445 1171 509 1192 rum
533 1162 698 1201 qualitates.
714 1179 752 1184 —-
767 1162 816 1192 ⁶29.
836 1161 866 1191 ln
883 1161 1062 1191 consistorio
1082 1159 1158 1189 male

446 1216 476 1235 se
495 1207 658 1244 gerentium
680 1216 783 1245 poena.
803 1222 842 1228 —
864 1205 911 1235 30.
930 1204 1157 1234 Procuratorum

448 1252 536 1280 llotae
554 1251 721 1289 qualitates.
737 1267 776 1272 —
792 1250 838 1279 31.
856 1249 960 1278 Munus
977 1247 1158 1277 eorumdem.

448 1312 486 1317 —
507 1295 553 1324 32.
575 1294 647 1330 Vita,
670 1303 836 1333 moresque.
858 1309 897 1315 —
916 1292 963 1321 33.
985 1291 1160 1321 Sacerdotes

450 1349 506 1368 non
536 1339 595 1368 sint
618 1339 661 1368 vel
685 1337 864 1367 beneficiati.
886 1353 925 1358 -
948 1336 994 1364 34.
1014 1334 1160 1363 Salarium

450 1384 655 1412 advocatorum
675 1387 703 1411 et
732 1386 966 1420 procuratorum.
992 1395 1029 1400 —
1055 1378 1103 1407 35.
1124 1376 1162 1405 lle

453 1427 532 1456 bisce
551 1426 666 1463 legibus
686 1424 884 1464 publicandis.

457 1500 594 1529 martinus
612 1499 754 1535 episcopus
777 1504 874 1526 servus
898 1502 1039 1526 servorum
1062 1495 1119 1528 Dei.

549 1544 582 1572 ad
613 1544 775 1579 perpetuam
799 1542 840 1571 rei
861 1542 1029 1570 memoriam.

464 1617 498 1651 Iu
520 1615 711 1664 apostolicae
734 1614 895 1661 dignitatis
917 1613 1043 1659 specula
1071 1624 1166 1659 super

416 1678 543 1712 gregem
571 1664 779 1703 dominicum,
803 1664 873 1697 licet
901 1661 1061 1701 immeriti,
1089 1674 1167 1695 con-

414 1716 525 1758 stituti,
549 1714 721 1748 iniunctum
757 1712 847 1747 nobis
869 1712 1007 1758 desuper
1033 1720 1167 1757 aposto—

417 1766 496 1799 latus
510 1763 659 1806 officium,
673 1762 792 1803 debite,
816 1770 847 1795 nt
865 1771 1021 1805 tenemur,
1040 1761 1167 1807 exequi,

417 1814 623 1848 coadinrante
658 1812 817 1850 Domino,
845 1811 1031 1857 cupientes,
1062 1810 1099 1844 ad
1134 1822 1168 1843 ea

419 1863 553 1897 ibenter
576 1870 700 1896 nostrae
722 1861 888 1906 dirigimus
907 1859 1169 1894 considerationis

422 1913 583 1954 intuitum,
604 1919 636 1944 ut
657 1910 823 1956 diligenter
838 1909 1072 1955 conspiciamus
1090 1920 1170 1954 quae

422 1960 612 2007 reipublicae
640 1959 802 1994 utilitatem
833 1959 1007 2005 respiciunt
1030 1966 1059 1992 et
1081 1970 1172 1991 com—

423 2009 569 2048 modum,
594 2018 636 2049 ut,
667 2021 720 2055 per
744 2017 867 2042 nostrae
904 2007 1092 2054 provisionis
1115 2019 1172 2040 au-

423 2059 544 2099 xilinm,
557 2058 729 2092 evellantur
741 2059 824 2096 vitia,
838 2057 1017 2103 plantentur
1031 2057 1172 2094 virtutes,

424 2109 451 2141 d«
465 2116 626 2142 struantur
653 2108 773 2153 iniqua,
801 2115 829 2140 et
858 2105 1087 2140 rvaedit‘ieeutur
1113 2105 1173 2139 lio-

424 2166 524 2200 nesta,
548 2169 582 2190 ac
613 2169 703 2202 prava
735 2163 893 2190 transeant
925 2155 954 2189 in
980 2155 1110 2198 directa,
1132 2163 1173 2192 et,

424 2206 555 2240 sublatis
577 2205 783 2245 deformibus,
808 2205 967 2239 reluceant
985 2204 1110 2238 debitae
1132 2216 1176 2237 re-

425 2255 622 2290 formationis
644 2254 741 2288 decor
757 2263 785 2288 et
800 2253 1016 2301 pulchritudo,
1034 2261 1065 2287 ut
1079 2254 1176 2287 totins

425 2309 589 2356 aequitatis
614 2316 643 2342 et
675 2308 810 2342 iustitiae
845 2306 959 2341 exinde
991 2307 1175 2354 proveniant

427 2365 633 2397 incrementa.

476 2421 491 2459 ξ
520 2419 547 2451 l.
574 2416 682 2458 Sane,
710 2416 780 2450 licet
817 2415 914 2449 felicis
951 2414 1177 2449 recordationis

430 2471 553 2505 loannis
574 2470 679 2512 XXll,
702 2469 895 2504 Benedictus
923 2469 978 2503 Xll
1005 2477 1033 2502 et
1057 2468 1179 2513 Grego-

431 2525 494 2558 rius
510 2523 563 2561 Xl,
580 2523 715 2558 Romani
734 2523 904 2557 Pontitices
921 2522 1180 2568 praedecessores

431 2578 538 2614 nostri,
582 2590 704 2610 necnon
749 2577 788 2610 de
828 2576 975 2610 mamiato
1009 2576 1181 2622 apostolico

432 2631 575 2665 nonnulli
606 2631 766 2664 auditores
803 2630 981 2663 audientiae
1019 2628 1181 2663 contradi-

1184 269 1342 293 notttANvM

1183 334 1304 359 ctarum
1321 322 1480 356 literarum
1494 318 1751 365 apostolicarum,
1761 325 1792 351 et
1806 316 1934 351 demum

1186 374 1285 406 bonae
1309 370 1478 405 memoriae
1496 366 1668 401 Ganl'ridus
1691 366 1862 412 episcopus
1874 365 1937 400 Ca-

1187 420 1381 458 billonensis,
1410 426 1438 451 ct
1461 417 1575 451 Petrus
1604 424 1679 449 tunc
1702 415 1821 449 electus
1842 413 1937 448 Viva-

1188 470 1310 512 riensis,
1330 468 1431 501 dictae
1458 465 1636 500 audientiae
1658 463 1835 507 auditores,
1859 475 1940 497 non-

1189 518 1290 553 nullas
1312 515 1555 551 constitutiones
1578 521 1607 546 et
1626 512 1839 547 ordinationes
1862 512 1941 557 regi-

1189 581 1259 602 men
1284 575 1311 600 et
1335 564 1596 611 gubernationem
1620 562 1800 596 ollicialiutn
1823 573 1859 595 ac
1878 560 1941 594 osli-

1189 618 1310 652 ciorum
1329 613 1531 649 Cancellariae
1545 619 1576 646 et
1599 610 1855 646 Paenitentiarite
1872 622 1942 656 apo-

1190 665 1384 703 stolicarum,
1407 673 1530 696 necnon
1560 660 1790 707 praedictarum
1815 668 1943 694 contra-

1191 715 1344 748 dictarum
1368 720 1397 746 et
1420 723 1586 746 causarum
1622 709 1732 743 Palatii
1767 707 1942 755 Apostolici

1192 762 1422 798 audientiarum
1440 768 1469 794 et
1485 759 1617 794 aliorum
1642 758 1671 792 in
1692 757 1835 792 Romana
1851 756 1944 791 Curia

1194 811 1336 846 iudicum
1365 822 1419 844 scu
1442 807 1747 847 commissariorum,
1770 818 1946 852 eorumque

1195 861 1400 903 notariorum,
1412 870 1533 892 necnon
1549 856 1770 891 advocatorum
1791 856 1949 889 consisto-

1196 910 1319 944 r'ralinni
1335 918 1363 942 et
1381 914 1618 955 procuratorum
1636 905 1665 938 iu
1681 904 1838 939 audientia
1857 916 1949 951 prae-

1195 959 1288 993 dictis
1309 964 1539 992 concernentes
1563 953 1761 989 laudabiliter
1781 953 1949 993 c‹lideriut;

1196 1008 1268 1055 quia
1293 1014 1409 1046 tamen,
1432 1003 1614 1040 huiusmodi
1635 1010 1796 1037 crescente
1820 1003 1950 1041 malitia,

1198 1055 1400 1104 postmodum
1424 1062 1477 1089 aut
1499 1052 1603 1088 debite
1622 1064 1683 1086 non
1703 1051 1886 1086 observatae
1899 1059 1951 1085 aut

1198 1105 1412 1140 additionibus
1442 1102 1571 1138 utilibus
1599 1100 1739 1146 indigere
1763 1109 1951 1140 noscuntur;

1200 1168 1256 1190 nos
1288 1155 1383 1200 igitur
1408 1164 1506 1200 super
1529 1152 1588 1185 ltoc
1620 1149 1834 1193 intendentes⁷
1859 1158 1951 1196 prout

1200 1217 1235 1239 ex
1259 1204 1365 1238 debito
1389 1201 1554 1248 pastoralis
1576 1199 1669 1233 officii
1694 1198 1785 1233 nobis
1809 1199 1953 1241 iniuncti,

1202 1255 1275 1288 licet
1298 1251 1458 1290 immeriti,
1481 1250 1672 1297 obligamur,
1707 1247 1903 1282 laudabiliter
1925 1257 1955 1282 et

1202 1303 1322 1337 utiliter
1355 1301 1542 1348 providere,
1575 1306 1683 1332 tenore
1719 1297 1955 1343 praesentium,

1204 1352 1355 1398 praefatas
1390 1348 1632 1384 constitutiones
1670 1354 1701 1380 et
1740 1346 1957 1381 ordinationes

1204 1405 1299 1448 (quas
1322 1401 1371 1434 bic
1394 1399 1500 1433 baberi
1527 1397 1671 1432 volumus
1695 1407 1750 1442 pro
1769 1396 1957 1442 expressis),

1204 1449 1389 1484 auctoritate
1404 1447 1588 1495 apostolica,
1603 1453 1712 1479 tenore
1730 1446 1957 1490 praesentiunt,

1206 1500 1402 1537 innovantes,
1430 1509 1466 1531 ac
1495 1508 1548 1530 eas
1569 1506 1642 1529 cnm
1666 1493 1881 1529 additionibus
1909 1494 1958 1527 in-

1207 1547 1377 1594 frascriptis
1393 1545 1622 1593 praecipientes
1639 1542 1770 1576 firmiter
1786 1543 1957 1583 observari,

1206 1597 1315 1631 eadem
1338 1595 1523 1630 auctoritate
1545 1592 1714 1628 statuimus
1736 1600 1763 1625 et
1784 1594 1878 1628 enain
1907 1604 1960 1627 or-

1207 1646 1367 1680 dinamus.

1257 1699 1320 1738 §2
1337 1693 1428 1736 Quod
1445 1694 1470 1728 si
1487 1692 1598 1727 notarii
1618 1692 1783 1740 apostolici
1801 1704 1835 1726 ac
1851 1704 1959 1725 eorum

1208 1745 1443 1779 abbreviatores
1471 1751 1502 1776 et
1529 1743 1578 1777 alii
1612 1743 1642 1777 in
1675 1743 1792 1778 iustitia
1816 1751 1844 1776 et
1867 1741 1960 1775 etiam

1211 1852 1294 1877 tores
1335 1851 1435 1877 taxant
1477 1841 1606 1875 nimian]
1642 1854 1698 1887 pro
1733 1841 1864 1875 minutis
1897 1840 1964 1873 suis

1213 1892 1374 1939 petierint,
1397 1903 1432 1925 ac
1454 1891 1548 1925 etiam
1580 1891 1605 1924 si
1636 1891 1742 1925 literae
1775 1888 1965 1936 apostolicae

1211 1941 1372 1975 excessire
1392 1948 1510 1974 taxatae
1527 1940 1655 1979 fuerint,
1671 1951 1768 1986 super
1782 1938 1966 1973 excessibus

1214 1989 1395 2025 liuiusmodi
1422 2002 1475 2036 per
1499 1998 1601 2036 partes
1619 1990 1656 2023 ad
1676 1987 1965 2030 vicecancellarium

1213 2048 1264 2074 aut
1292 2040 1330 2073 de
1351 2038 1497 2073 mandato
1520 2051 1588 2082 sno,
1612 2038 1670 2077 vel,
1694 2037 1912 2084 ipsoabseute,
1929 2035 1966 2070 ad

1214 2090 1285 2123 eius
1309 2090 1575 2123 locumtenentem
1599 2099 1653 2121 seu
1681 2087 1910 2133 praesidentem
1937 2087 1968 2118 in

1214 2138 1409 2173 Caticellaria
1439 2137 1594 2183 praedicta
1624 2136 1776 2170 habeatur
1811 2147 1968 2175 recnrsus;

1215 2188 1282 2235 qui,
1304 2186 1532 2221 deliberatione
1556 2186 1659 2220 habita
1684 2198 1756 2220 cum
1773 2185 1971 2219 abbreviato-

1218 2238 1304 2271 ribus
1327 2235 1552 2270 assistentibus
1580 2235 1681 2270 eidem
1714 2233 1970 2268 vicecancellario

1218 2288 1246 2320 in
1271 2285 1471 2333 expeditione,
1495 2285 1652 2319 literarum
1676 2284 1920 2331 apostolicarum
1941 2283 1971 2316 in

1217 2335 1424 2378 Cancellaria⁷
1446 2343 1474 2368 et
1494 2334 1562 2368 aliis
1588 2334 1627 2367 de
1654 2334 1771 2381 quibus
1796 2332 1855 2367 sibi
1886 2332 1973 2366 ride—

1220 2386 1303 2420 bitur
1326 2386 1355 2418 in
1381 2385 1440 2418 boc
1469 2384 1591 2430 perum,
1619 2395 1768 2417 excessus
1796 2381 1972 2429 praedictos

1219 2435 1255 2469 ad
1272 2434 1408 2468 debitam
1425 2433 1572 2467 reducant
1590 2432 1848 2473 moderationem,
1861 2443 1896 2466 ac
1913 2443 1971 2465 me-

1221 2484 1366 2517 dietatem
1398 2483 1494 2516 liuius
1519 2482 1603 2529 qnod
1629 2481 1792 2516 excessive
1813 2480 1973 2527 petierint,

1221 2546 1236 2566 a
1265 2533 1468 2579 scriptoribus
1505 2533 1549 2565 rel
1582 2530 1881 2568 abbreviatoribus,
1920 2531 1972 2576 qui

1223 2581 1298 2615 illud
1325 2582 1482 2628 petierint,
1510 2593 1632 2615 necnon
1653 2579 1846 2615 taxatoribus
1869 2579 1975 2614 litera-

1224 2643 1291 2664 rum
1320 2643 1440 2669 earnm,
1467 2631 1518 2676 qui
1543 2629 1610 2663 illas
1633 2630 1677 2663 sic
1705 2630 1864 2664 excessive
1889 2638 1975 2663 taxa—

1951 260 2132 289 An.c.tatss

1989 1701 2017 1722 De
2046 1707 2087 1721 non
2113 1700 2161 1720 exi-

1975 1733 2043 1759 gendo
2059 1732 2114 1752 ultra
2129 1734 2163 1750 ta-

1976 1770 2030 1784 ΧΒΙῊ.

1209 1794 1305 1839 gratia
1335 1793 1494 1827 literarum
1524 1792 1767 1839 apostolicarum
1801 1791 1977 1825 abbrevia*

2000 2444 2072 2464 Poena
2087 2445 2172 2469 praeter

1987 2479 2055 2495 laxant
2084 2479 2173 2497 exigen-

1987 2506 2043 2527 tibus
2052 2504 2173 2530 infligenda,
