2274 3265
238 267 284 293 An.
302 265 329 291 C.
352 266 416 293 two

487 258 495 289 1
513 257 552 289 16
1027 262 1212 286 ammanium
1236 261 1398 283 {tOMANUM
1984 255 2031 281 An.
2050 256 2076 281 (j.
2097 255 2162 281 two

433 395 622 440 Approbatio
649 399 832 426 statutorum
853 393 1095 436 congregationis
1117 402 1178 423 mo-

481 455 627 478 nacorum
657 443 890 476 coelestim-um
918 442 1035 475 ordinis
1058 442 1092 474 S.
1125 441 1178 473 Be-

481 494 600 531 nedicti,
639 505 706 526 cum
733 493 920 526 indultorum
952 499 978 524 et
1003 491 1177 535 gratiarum

480 544 674 577 concessione.

697 619 911 651 §ommutuit

432 693 582 724 Pontificis
597 692 726 722 studium
739 691 909 727 crgaoulss.
922 689 1082 718 tionem-t
1093 689 1179 718 ,Gou-

471 738 595 768 firmatio
618 741 790 766 statutorum
808 735 920 764 ordinis
938 734 1178 763 Coelostinorum.

470 799 508 804 —
529 782 557 811 2.
577 781 726 819 Exemptio
753 780 788 809 ab
815 779 944 808 omnium
976 777 1179 807 iurisdictione

472 836 522 865 pro
539 825 716 855 monasterio
735 824 762 853 S.
783 824 909 862 Spiritus
932 823 966 851 de
987 821 1137 856 Sulmone,
1154 825 1181 850 et

472 871 536 900 eius
566 869 717 899 membris.
750 885 787 889 —
819 868 845 896 3.
868 866 1032 895 Celebratio
1060 865 1178 903 capituli

473 914 618 953 generalis
641 917 666 942 ct
690 912 794 942 electio
813 910 936 939 abbatis.
955 926 993 931 —-
1009 910 1038 938 lt.
1058 908 1180 938 Abbatis

473 957 646 988 benedictio.
662 973 699 977 -—
715 956 742 985 5.
763 954 936 992 Subrogatio
952 953 1076 983 alterius
1093 953 1180 992 priori

473 1002 618 1037 defuncto,
649 1000 771 1030 durante
803 1000 909 1028 officio.
939 1014 977 1019 —
1005 997 1031 1026 6.
1064 995 1182 1026 Ordinis

473 1046 623 1086 protectio,
643 1044 697 1074 sub
717 1044 790 1073 Sede
812 1042 987 1081 Apostolica.
1007 1059 1045 1063 —-
1065 1042 1090 1070 7.
1106 1040 1182 1070 Ordo

474 1091 651 1130 approbatur
668 1090 698 1118 in
718 1088 744 1117 d.
764 1087 944 1117 monasterio
964 1091 991 1115 et
1007 1086 1082 1115 aliis.
1101 1103 1138 1108 —
1157 1086 1182 1115 8.

474 1134 620 1172 Exemptio
640 1143 653 1162 a
677 1132 812 1162 decimis,
834 1148 873 1153 —
894 1132 921 1160 o.
945 1130 1079 1159 Facultas
1109 1130 1184 1159 reci-

475 1179 572 1218 piendi
603 1185 805 1216 quoscumque
837 1177 923 1205 etiam
956 1174 1078 1203 alterius
1110 1175 1182 1203 reli—

474 1223 581 1261 gionis.
610 1239 649 1243 -
684 1221 727 1251 10.
750 1219 913 1249 l‘roliibitio
946 1218 1117 1248 discedendi
1148 1217 1184 1247 ab

474 1268 586 1298 ordine.
602 1283 639 1288 -—
655 1265 701 1295 11.
719 1264 882 1294 Proliibitio
901 1262 1049 1292 alienandi
1067 1261 1184 1291 stabilia

475 1312 584 1351 absque
605 1318 752 1341 consensu
781 1307 913 1347 capituli.
932 1323 971 1328 —
994 1305 1039 1335 ta.
1068 1304 1186 1335 Fideiu-

476 1356 563 1386 bendi
582 1360 610 1385 et
629 1358 730 1384 mutuo
747 1351 917 1391 recipiendi.
935 1367 973 1372 —-
993 1349 1035 1379 13.
1052 1348 1184 1378 Monaclii

475 1401 539 1439 cogi
562 1404 709 1439 nequeant
728 1399 763 1428 ad
783 1397 920 1437 synodos,
941 1400 991 1425 ele.
1007 1412 1045 1416 —
1068 1394 1110 1423 14.
1133 1394 1187 1423 Fa-

476 1445 569 1475 cultas
592 1444 647 1474 alia
669 1442 844 1473 monasteria
864 1439 1065 1470 construendi.
1084 1456 1121 1460 ——
1141 1440 1185 1469 15.

476 1490 610 1519 Priorum
640 1488 751 1518 liberae
780 1485 946 1516 consulitur
968 1484 1115 1513 electioni.
1148 1501 1188 1506 —

480 1535 524 1564 16.
542 1534 662 1563 Abbatis
682 1532 805 1562 facultas
824 1529 1018 1560 benedicendi
1035 1528 1187 1567 populum,

478 1587 604 1618 vasaque
623 1583 651 1607 et
669 1581 837 1617 paramenta
858 1574 1068 1604 Ecclesiarum:
1087 1590 1125 1594 —
1144 1574 1187 1602 17.

477 1623 667 1661 Primumque
695 1621 820 1660 lapidem
845 1619 971 1659 ponendi
994 1619 1023 1647 in
1046 1617 1187 1647 Ecclesiis

479 1667 681 1697 aedificandis:
693 1683 732 1688 —
748 1666 792 1695 18.
807 1665 932 1694 Minores
951 1663 1069 1693 ordines
1088 1663 1189 1692 conse-

478 1712 569 1741 rendi.
578 1728 616 1732 —
632 1710 856 1742 19.0rdinarius
866 1708 940 1738 nihil
951 1708 1046 1747 capiat
1057 1717 1108 1746 pro
1120 1717 1188 1737 con-

478 1766 558 1786 secra
567 1756 643 1786 tione
669 1755 880 1791 Ecclesiarum,
896 1759 955 1784 ela:
974 1771 1013 1776 —
1028 1753 1074 1784 20.
1090 1752 1188 1783 Mona-

478 1801 525 1831 chi
542 1809 608 1831 vero
622 1800 656 1830 ad
678 1801 797 1830 ordines
822 1799 1088 1836 conserendos‚etc.
1101 1808 1188 1838 quem

478 1846 598 1876 libuerit
621 1844 791 1886 episcopum
813 1855 915 1875 vocare
939 1845 1066 1885 possint:
1088 1862 1126 1866 —
1142 1844 1188 1874 21.

478 1892 512 1922 Et
528 1892 678 1922 celebrare
698 1896 827 1930 tempore
843 1891 1002 1921 interdicti:
1019 1908 1057 1913 -—-
1075 1891 1121 1920 22.
1140 1891 1190 1921 Sa-

478 1945 625 1970 cramenta
646 1940 824 1974 ministrare,
843 1942 1034 1976 mortuosque
1054 1936 1188 1975 sepelire:

478 2006 516 2011 —-
531 1988 579 2018 23.
598 1987 756 2017 Absolverc
776 1985 862 2014 etiam
882 1985 1024 2014 intrantes
1047 1985 1189 2014 ordinem.

478 2052 517 2057 -
533 2034 581 2064 24.
601 2034 746 2063 Personae
770 2031 881 2061 ordinis
904 2040 961 2060 non
986 2036 1121 2061 tenentur
1139 2042 1190 2071 pu-

480 2079 590 2109 blicare
606 2079 805 2113 interdictum,
823 2082 935 2106 etc.:—
948 2076 994 2106 25.
1012 2075 1111 2114 ‘Neque
1129 2086 1190 2106 mo-

480 2125 602 2154 nialium
623 2133 723 2154 curam
742 2122 902 2161 suscipere.
924 2138 963 2142 —
987 2120 1033 2150 26.
1055 2120 1190 2151 Facultas

481 2169 524 2199 eis
547 2169 632 2198 datur
649 2167 762 2197 ordinis
782 2170 928 2205 apostatas
948 2167 1084 2196 censuris
1101 2167 1191 2205 impe-

483 2214 570 2244 tendi.
592 2230 630 2235 —
652 2212 698 2241 27.
727 2210 850 2241 Habitus
876 2210 1039 2240 consimilis
1069 2211 1191 2241 caeteris

483 2257 665 2297 prohibetur.
702 2274 739 2278 —
768 2256 814 2286 28.
848 2255 987 2285 Ordinem
1021 2255 1191 2294 profitentes

482 2303 628 2343 quomodo
660 2303 695 2332 de
722 2301 840 2332 incertis
860 2300 985 2331 debeant
1013 2300 1191 2330 satisfacere.

481 2366 519 2372 —
536 2348 583 2379 29.
602 2346 774 2377 Omnimoda
794 2346 994 2376 Ecclesiarum
1015 2345 1126 2375 ordinis
1153 2345 1191 2374 li-

483 2394 589 2424 bertas.
612 2409 650 2414 —
668 2392 714 2423 30.
734 2391 880 2421 Personae
903 2390 1015 2420 ordinis
1038 2391 1102 2420 eius
1120 2399 1193 2430 prae-

484 2439 549 2468 latis
576 2438 780 2468 confiteantur.
812 2454 851 2459 --
879 2437 924 2467 31.
947 2436 986 2466 De
1015 2435 1120 2466 oblatis
1150 2435 1193 2465 vel

484 2485 586 2518 legatis
609 2484 681 2514 nihil
705 2483 771 2512 aliis
791 2483 911 2512 solvant.
928 2498 965 2503 —
984 2481 1029 2511 32.
1043 2480 1193 2519 Exemptio

485 2539 498 2557 a
512 2529 716 2559 iurisdictione
735 2527 960 2557 ordinariorum.
974 2543 1010 2548 —
1027 2526 1073 2556 33.
1089 2525 1195 2555 Praedi-

485 2573 569 2603 candi
588 2573 720 2603 facultas:
737 2589 774 2594 —-
791 2572 837 2603 34.
856 2571 1123 2609 confessionesque
1142 2579 1194 2599 au-

486 2618 594 2647 diendi:
610 2634 648 2639 —-
665 2617 711 2647 35.
730 2617 905 2655 Campanam
925 2615 1071 2655 pulsandi:
1089 2632 1127 2636 —
1146 2615 1193 2645 36.

488 2661 679 2700 Dispensandi
704 2671 768 2691 cum
795 2660 970 2691 intrantibus
994 2660 1135 2690 ordinem.
1159 2676 1196 2681 —

1258 316 1305 345 37.
1341 313 1511 344 Oblationes
1550 311 1730 351 recipiendi,
1762 311 1877 341 etiamsi
1913 311 1969 341 sint

1258 359 1332 389 bona
1357 357 1498 388 feudalia:
1522 373 1559 379 —
1575 356 1622 385 38.
1641 355 1673 385 Et
1696 355 1886 395 praecipuum
1906 366 1968 386 mo-

1259 403 1417 434 nasterium
1455 402 1490 432 ad
1523 400 1639 430 libitum
1670 400 1812 430 mutandi.
1847 417 1885 422 —
1920 401 1968 431 30.

1259 447 1384 477 lrritatio
1414 447 1544 476 omnium
1574 454 1648 484 quae
1677 448 1775 474 contra
1806 444 1967 482 praemissa

1258 496 1395 521 attentata
1415 490 1532 520 suerint.
1553 489 1650 519 -40,
1679 489 1781 517 Annua
1807 488 1969 526 recognitio

1259 536 1354 566 debita
1373 535 1441 565 Sedi
1466 535 1567 574 Apost.

1220 599 1388 627 coelestinus
1407 597 1548 634 episcopus
1568 602 1662 625 servus
1694 601 1834 623 servorum
1851 593 1908 628 Dei,
1932 595 1970 623 di-

1264 648 1346 677 lectis
1363 648 1430 676 tiliis
1447 645 1577 675 Honufrio
1596 644 1672 680 patri
1692 643 1785 671 abbati
1815 643 1973 672 monasterii

1265 698 1290 724 S.
1311 697 1430 732 Spiritus
1442 696 1474 724 de
1490 695 1614 723 Sulmone
1625 693 1734 722 valven.
1747 692 1886 725 dioecesis.
1904 693 1973 722 eius·

1265 753 1316 782 que
1347 744 1522 774 coabbatibus
1559 750 1589 771 ao
1624 742 1761 778 prioribus
1785 742 1813 770 et
1841 742 1976 777 praelatis

1265 795 1509 827 monasteriorum,
1547 793 1724 829 prioratuum
1733 813 1740 824 ,
1780 790 1957 820 ecclesiarum
1966 813 1972 825 .

1265 844 1455 875 membrorum.
1477 843 1507 871 et
1526 843 1645 871 locorum
1664 841 1748 870 eidem
1767 841 1937 870 monasterio
1950 843 1974 870 S.

1267 892 1385 928 spiritus
1405 891 1596 923 subiectorum,
1625 897 1770 926 corumque
1789 890 1975 923 conventibus.

1267 941 1390 976 collegiis
1413 941 1442 968 et
1480 940 1620 968 fratribus
1643 939 1746 967 ordinis
1779 940 1805 967 8.
1829 939 1976 972 Benedicti,

1267 990 1457 1027 praesentibus
1475 990 1505 1017 et
1524 988 1630 1017 futuris
1647 988 1675 1016 iu
1691 990 1863 1024 perpetuum.

1272 1048 1339 1083 Etsi
1363 1055 1495 1083 cunctos
1516 1047 1646 1082 ordines
1668 1046 1824 1094 plantatos
1849 1046 1878 1080 in
1901 1057 1976 1094 agro
2003 1058 2111 1079 Pontiam
2127 1061 2173 1078 sm-

1225 1105 1442 1134 sacrosanctae
1484 1109 1520 1132 ac
1562 1095 1748 1131 universalis
1790 1089 2171 1140 Ecclesiae,2{¹¹ss¹e„⁰e‘}f¹⁰“¹·

1227 1148 1364 1196 paternis
1392 1159 1623 1195 prosequamur
1649 1144 1840 1185 affectibus,
1875 1155 1903 1179 ct
1939 1145 1975 1179 ad

1226 1207 1340 1234 statum
1375 1199 1513 1245 ipsorum
1551 1195 1754 1244 tranquillum
1787 1203 1817 1229 et
1846 1206 1979 1242 prospe-

1227 1261 1295 1282 rum
1325 1247 1458 1283 sollicite
1497 1246 1714 1283 intendamus2
1751 1244 1838 1279 Beati
1874 1252 1977 1279 tamen

1226 1298 1389 1333 Benedicti
1413 1295 1556 1331 ordinem
1587 1295 1639 1339 (in
1666 1306 1741 1342 qu0,
1764 1293 1841 1329 dum
1865 1293 1978 1329 iuven-

1228 1347 1302 1382 tutis
1336 1354 1460 1382 nostrae
1487 1345 1667 1393 progressio
1694 1343 1869 1383 ordiretur,
1904 1356 1980 1391 pro-

1229 1397 1373 1433 fessionis
1397 1403 1520 1431 nostrae
1552 1403 1619 1429 vota
1647 1392 1851 1437 devovimus)
1878 1393 1978 1440 singu-

1229 1447 1283 1482 lari
1306 1455 1335 1482 et
1364 1445 1530 1493 praecipua
1552 1443 1720 1480 affectione
1742 1442 1916 1489 diligimus,
1949 1451 1979 1477 et

1229 1497 1294 1532 zelo
1322 1495 1501 1532 sincerioris
1522 1503 1553 1529 et
1579 1493 1746 1528 strictioris
1774 1492 1913 1527 caritatis
1939 1493 1981 1526 af-

1230 1547 1354 1581 ficimur
1375 1546 1457 1580 circa
1482 1545 1599 1592 ipsum.
1627 1543 1667 1577 Et
1693 1542 1731 1577 ad
1760 1554 1837 1577 suae
1864 1541 1981 1577 stabili-

1229 1597 1300 1631 tatis
1329 1603 1359 1630 et
1394 1593 1604 1643 promotionis
1638 1593 1830 1627 incrementa
1861 1591 1981 1632 felicia,

1229 1658 1334 1693 opem,
1362 1656 1556 1692 operamque
1573 1643 1728 1678 solicitam
1749 1641 1981 1688 impendentes,

1229 1708 1395 1743 speramus
1423 1695 1452 1728 in
1475 1693 1634 1735 Domino,
1672 1691 1757 1739 quod
1792 1692 1875 1725 idern
1905 1690 1982 1726 ordo

1229 1747 1268 1781 ab
1290 1744 1429 1793 antiquis
1459 1743 1551 1779 annis
1573 1743 1604 1777 in
1627 1742 1750 1777 divinae
1772 1740 1876 1775 laudis
1902 1741 1983 1776 cari-

1230 1804 1292 1830 tate
1331 1794 1493 1835 fnndatus,
1533 1801 1587 1840 per
1623 1799 1743 1827 vestrae
1770 1789 1984 1826 solicitudinis

1230 1845 1394 1886 studium,
1423 1843 1559 1878 servabit
1593 1856 1629 1878 eo
1669 1841 1838 1890 perfectius
1860 1841 1983 1877 fructus

1230 1909 1318 1941 suos,
1340 1909 1439 1944 quo...
1464 1908 1518 1943 per
1546 1904 1665 1931 vestrae
1687 1893 1899 1930 solicitudinis
1921 1901 1984 1928 stu·

1231 1948 1331 1993 dium,
1354 1955 1507 1995 quantum
1532 1946 1619 1982 vobis
1642 1958 1680 1981 ex
1707 1945 1768 1981 alto
1790 1946 1982 1994 permissum

1233 1999 1325 2034 fuerit
1361 2005 1570 2041 restauratus,
1610 1997 1716 2032 amissi
1743 1997 1872 2032 luminis
1908 2009 1983 2044 pro-

1233 2049 1329 2096 priam
1378 2060 1574 2084 reassumere
1612 2047 1727 2094 poterit
1767 2047 1797 2081 in
1839 2058 1983 2082 summae

1232 2100 1329 2144 lucis,
1361 2111 1440 2146 quae
1468 2096 1614 2132 Christus
1641 2105 1703 2138 est,
1743 2097 1881 2144 potentia
1918 2095 1984 2130 cla-

1233 2157 1366 2184 ritatem.

1281 2199 1301 2246 g
1330 2201 1359 2232 i.
1383 2197 1558 2246 Cupientes
1585 2196 1692 2242 igitur,
1727 2204 1760 2231 ut
1794 2196 1875 2231 circa
1900 2207 1982 2243 prae-
2023 2200 2157 2222 eoum-mm

1234 2250 1330 2284 fatum
1358 2247 1521 2287 ordinem,
1550 2246 1732 2282 huiusmodi
1756 2254 1881 2282 nostrae
1906 2233 2181 2285 cari-{ississmssffieffiss

1233 2299 1304 2334 tatis
1326 2297 1458 2333 affectus
1484 2296 1599 2332 eniteat
1621 2297 1727 2344 operis
1747 2309 1800 2343 per
1822 2297 1983 2340 effectum,
1998 2299 2079 2314 ¹¹⁰¹“'¹·

1234 2356 1364 2388 statuta,
1393 2347 1652 2389 constitutiones,
1686 2347 1824 2382 instituta
1847 2354 1877 2381 et
1905 2346 1983 2381 ordi-

1236 2406 1379 2434 namenta
1408 2399 1437 2433 in
1458 2397 1567 2432 eodem
1596 2398 1706 2434 ordine
1728 2409 1784 2444 pro
1805 2396 1906 2432 salute
1937 2408 1984 2431 vc-

1235 2459 1294 2485 stra
1319 2449 1410 2493 facta,
1432 2448 1616 2484 auctoritate
1630 2446 1802 2496 apostolica
1816 2448 1983 2482 confirma·
2272 2452 2274 2489 t

1236 2513 1327 2541 mus,
1363 2508 1391 2534 ct
1419 2498 1572 2534 canonice
1602 2499 1632 2532 in
1657 2506 1817 2546 posterum
1842 2496 1983 2531 facienda
2273 2500 2274 2537 i

1237 2550 1382 2584 volumus
1409 2557 1438 2584 et
1467 2549 1653 2584 mandamus
1687 2560 1723 2583 ex
1751 2557 1825 2583 tunc
1859 2546 1986 2581 inviola-
2273 2540 2274 2592 ζ

1238 2600 1338 2635 biliter
1367 2599 1539 2635 observari.

1286 2650 1363 2695 32.
1402 2649 1445 2684 Ac
1482 2648 1626 2683 eumdem
1662 2647 1825 2687 ordinem,
1861 2658 1984 2683 necnon
