2274 3265
234 304 282 329 Au.
301 302 328 325 C.
347 299 412 324 t'tlss

476 288 546 317 676

478 354 497 397 ᾗ)
531 355 581 385 17,
612 352 648 384 Et
679 350 885 383 nibilominus
912 355 1019 382 contra
1047 347 1174 382 eosdem

241 411 540 436 n⁴·r⁰¹··¹·⁵⁴⁰¹¹>omncs
562 408 588 433 rt
618 399 763 443 singulos
790 399 953 444 utriusque.
981 409 1078 430 sexus
1118 397 1177 430 lm-

233 446 263 461 trn
300 442 332 459 liut

337 438 416 489 ''ssffi'l
432 450 564 485 iustnodi
600 460 724 482 errores·
751 456 893 480 tenentes
909 474 917 487 ,
945 445 1177 492 approbantes,

357 508 387 520 ''¹''
407 499 655 540 ‘delentlenteffi
690 496 946 539 dogmatizantes,
974 507 1010 528 ac
1044 494 1178 527 fautores

430 558 457 583 et
489 556 697 593 receptatores
724 554 751 579 ct
780 545 961 579 ‹t‹›fe·1s02·cs
993 543 1177 577 corumdem

430 606 595 644 exemptos
616 604 644 630 et
674 608 734 629 non
759 602 923 640 exemptos
951 602 979 627 ot
1006 591 1177 639 quemlibet

432 649 584 694 ipsorum,
608 645 841 690 cuiuscumque
867 642 1040 688 dignitatis,
1063 648 1178 679 status,

433 694 702 743 praecniineutiae,
724 693 851 737 gradus,
880 691 1001 725 ordinis
1029 691 1073 724 vel
1102 702 1179 723 con-

432 745 560 779 ditionis
582 747 631 786 (ut
656 742 845 788 praefertur)
874 741 1020 782 existant,
1042 738 1180 773 auctori-

434 802 493 828 tate
517 801 620 827 nostra
644 792 809 836 diligenter
832 790 988 835 inquirere
1019 786 1180 828 studeatis,

434 852 462 876 et
490 854 560 879 eos,
592 853 672 887 quos
704 853 757 886 per
788 839 1024 885 inquisitionem
1063 836 1182 869 liuius—

436 891 519 925 modi
556 890 742 929 diffamatos,
768 888 811 921 tel
856 899 910 932 per
948 886 1179 920 consessionem

435 951 624 981 eorum,seu
645 950 699 983 per
722 938 791 971 farti
817 935 1004 969 evidentiam
1034 934 1081 967 vel
1108 934 1184 967 alias

437 987 616 1022 huiusmodi
647 986 783 1020 haeresis
814 993 843 1018 vt
871 984 987 1018 erroris
1015 982 1083 1016 labe
1112 994 1184 1015 res-

439 1049 546 1083 persos
587 1035 767 1082 reperit-tis,
802 1033 985 1067 auctoritate
1027 1030 1184 1077 praedicta

438 1087 530 1119 etiam
571 1097 626 1131 per
664 1081 1020 1124 excomnuinicationis,
1047 1092 1186 1125 suspen—

438 1135 536 1168 sionis
558 1143 585 1167 et
607 1132 782 1171 interdicti,
801 1143 923 1166 necnon
942 1129 1124 1175 privationis
1143 1128 1186 1162 di-

440 1184 607 1228 guitatum,
624 1190 848 1229 personatuum
866 1188 896 1214 et
911 1179 1086 1213 olliciorum
1110 1177 1188 1212 alio-

441 1244 572 1278 rumque
597 1231 820 1265 beneficiorum
845 1228 1129 1264 ecclesiasticorum
1154 1239 1188 1260 ac

442 1281 624 1320 feudorum,
652 1292 732 1326 quae
759 1292 773 1313 a
800 1278 1056 1325 quibuscumque
1083 1276 1189 1310 Eccle-

442 1330 513 1368 siis,
542 1329 740 1364 monasteriis
767 1340 801 1362 ac
833 1327 900 1361 aliis
933 1326 1010 1360 locis
1040 1325 1189 1359 ecclesia-

443 1379 531 1413 sticis
551 1378 707 1421 obtinent,
729 1389 764 1411 ac
790 1378 883 1410 etiam
913 1375 1067 1409 bonorum
1090 1382 1120 1408 et
1141 1374 1190 1407 di-

444 1428 596 1473 gnitatum
621 1426 826 1460 saecularium
850 1438 884 1458 ac
912 1423 1066 1470 graduum
1089 1423 1192 1457 scieu-

445 1478 558 1511 tiarum
581 1486 855 1522 quarumcumque
878 1472 1059 1507 facultatum
1088 1480 1116 1506 et
1138 1483 1193 1519 per

444 1525 521 1560 alias
550 1536 680 1571 poenas,
705 1523 875 1557 sententias
905 1529 935 1555 et
962 1533 1111 1555 censuras
1138 1533 1193 1555 ec-

446 1574 636 1609 clesiasticas
670 1585 707 1607 ac
741 1572 804 1606 vias
831 1579 861 1605 et
888 1570 1016 1610 modos,
1050 1581 1130 1616 quos
1156 1570 1192 1603 ad

447 1624 505 1657 boc
533 1622 682 1668 expedire
704 1633 760 1655 seu
788 1627 987 1667 opportunos
1013 1631 1082 1653 esse
1110 1618 1195 1652 vide-

447 1672 523 1713 ritis,
556 1671 649 1704 etiam
679 1682 735 1716 per
768 1669 930 1715 captiones
956 1675 985 1701 et
1018 1668 1194 1701 incarcera—

447 1721 548 1754 tiones
572 1730 775 1765 personarum
799 1726 829 1752 et
851 1717 926 1751 alias
946 1728 1064 1763 poenas
1082 1719 1196 1762 corpo-

448 1769 552 1811 rales,
590 1768 707 1813 quibus
748 1766 895 1801 baeretici
931 1765 1106 1812 puniuntur
1141 1777 1194 1799 seu

449 1817 551 1864 puniri
570 1817 716 1850 iubentur
735 1824 787 1849 aut
809 1815 910 1850 solent
930 1815 1015 1848 iuxta
1031 1814 1197 1848 canonicas

449 1866 637 1900 sanctiones.
675 1865 828 1900 Similiter
860 1864 906 1898 vel
941 1863 1073 1898 clericos
1113 1863 1197 1909 ipsos

449 1924 477 1949 et
500 1915 729 1949 ecclesiasticas
751 1925 918 1961 personas,
943 1924 1042 1959 usque
1069 1912 1106 1946 ad
1140 1911 1198 1946 de-

450 1965 660 2010 gradationem
686 1964 850 2007 inclusive,
872 1963 896 1997 si
919 1975 1027 1997 eorum
1051 1962 1141 2008 culpa
1163 1973 1199 1995 ac

452 2014 619 2060 pertinacia
643 2014 688 2049 vel
718 2013 845 2048 rebellio
874 2012 903 2046 id
932 2012 1036 2057 exigat
1066 2019 1118 2045 aut
1146 2023 1198 2044 re-

451 2065 565 2111 quirat,
583 2064 744 2110 corrigatis
767 2071 797 2097 et
817 2063 956 2108 puniatis
978 2073 1012 2096 ac
1035 2061 1200 2107 diligenter

451 2115 564 2160 corrigi
593 2122 622 2148 et
651 2114 752 2160 puniri
777 2112 905 2147 faciatis.
935 2111 1065 2145 Necnon
1092 2118 1199 2145 contra

452 2163 578 2198 eosdem
614 2171 644 2197 et
680 2163 839 2209 ipsorum,
867 2162 1083 2206 laicorumque
1119 2160 1199 2194 bona

452 2212 626 2247 secuudum
654 2212 822 2246 canonicas
847 2209 1026 2244 sanctiones
1053 2217 1083 2242 et
1115 2209 1201 2254 lega-

455 2263 498 2295 les
524 2270 630 2296 contra
654 2261 828 2295 haereticos
856 2268 886 2293 et
913 2270 1021 2293 eorum
1049 2270 1201 2304 sequaces

454 2310 565 2352 editas,
588 2310 702 2357 quibus
724 2310 851 2344 eosdem
872 2316 1041 2342 sectatores
1063 2308 1128 2341 sive
1151 2319 1202 2341 se-

455 2372 570 2406 quaces
606 2360 767 2394 subiacere
801 2359 1024 2397 decernimus,
1063 2357 1202 2391 animose

456 2411 659 2456 consurgatis
675 2410 759 2443 iuxta
783 2408 912 2442 modum
941 2415 970 2441 et
993 2407 1124 2441 formam
1148 2419 1203 2440 su-

458 2459 623 2505 pradictos.
655 2459 692 2493 Ei
721 2458 834 2504 quide
863 2457 1044 2503 praemissis
1072 2456 1204 2490 haeresi-

459 2510 517 2543 bus
541 2509 584 2543 vel
599 2509 748 2543 varticulis
770 2507 815 2541 vel
840 2507 943 2554 aliquo
959 2506 1202 2552 praemissorum

460 2559 596 2593 infamati
636 2558 767 2594 luerint,
796 2557 832 2591 ad
872 2556 1036 2590 arbitrium
1067 2561 1202 2588 vestrum

459 2620 492 2641 se
521 2620 653 2654 purgare
677 2613 850 2640 teneantur.
875 2605 935 2639 Alii
961 2617 1044 2647 vero,
1072 2603 1126 2649 qui
1151 2614 1206 2648 per

463 2665 556 2691 testes
578 2669 631 2690 seu
650 2657 805 2703 propriam
824 2655 1054 2689 confessionem
1070 2652 1117 2686 vel
1133 2652 1207 2686 alias

1002 292 1188 315 uttrmtttttnt
1218 290 1377 313 ttoatarwm

1219 345 1374 391 legitimas
1408 342 1610 389 probationes
1632 341 1764 375 convicti
1793 340 1907 374 suerint
1929 341 1966 372 dc

1220 393 1401 440 praemissis
1436 390 1623 425 haeresibus
1662 390 1707 423 vcl
1743 388 1884 423 articulis
1920 390 1965 423 vel

1219 444 1326 489 aliquo
1363 440 1625 488 praemissorum,
1657 438 1784 473 cosdem
1819 438 1967 472 articulos

1220 501 1249 525 et
1271 504 1393 525 errores
1415 489 1597 523 solemniter
1613 497 1640 522 et
1662 487 1787 534 publice
1812 498 1967 528 revocare,

1220 541 1374 579 abiurare,
1399 538 1625 585 poenitentiam
1648 536 1852 582 condignam,
1874 536 1967 570 etiam

1220 591 1257 624 ad
1284 588 1537 623 immutationem
1570 587 1608 630 (si
1637 585 1787 620 delictum
1815 585 1969 631 exegerit)

1221 639 1327 673 subire
1354 645 1515 683 cogantur.
1533 636 1662 670 Necnon
1691 634 1774 681 quod
1796 646 1920 668 errores
1941 642 1967 667 ct

1223 688 1368 721 haereses
1387 685 1583 725 huiusmodi,
1604 684 1835 730 cuiuscumque
1849 684 1972 729 generis

1224 736 1268 769 rel
1292 735 1407 782 spccici
1431 742 1636 774 censeantur,
1659 733 1697 766 dc
1719 740 1842 767 caetero
1865 732 1972 774 verbo,

1224 793 1299 819 nutu
1329 785 1374 818 vel
1404 784 1485 818 l‘acto
1515 796 1575 817 non
1609 781 1777 819 fovebunt,
1805 793 1860 814 sen
1897 781 1973 815 alios

1224 834 1259 867 ad
1288 833 1482 867 credendum
1515 832 1575 866 illis
1602 831 1714 874 verbo,
1736 831 1775 864 dc
1797 829 1889 873 sacto,
1910 843 1974 876 pu-

1226 882 1305 916 blice
1321 883 1366 916 vel
1390 882 1525 920 occulte,
1548 882 1667 915 directe
1683 879 1729 913 vel
1753 879 1905 913 indirecte
1923 887 1975 913 ant

1225 931 1286 965 alio
1309 931 1423 977 quovis
1452 930 1546 965 modo
1574 929 1738 968 inducent,
1766 928 1974 963 sufficientem

1226 988 1255 1013 et
1271 980 1414 1014 idoneam
1432 980 1609 1014 cautionem
1626 986 1782 1025 praestare
1800 984 1975 1012 teneantur.

1227 1029 1320 1070 Quod
1351 1029 1376 1063 si
1406 1029 1509 1063 forsan
1533 1028 1660 1062 eosdem
1684 1026 1835 1061 articulos
1862 1026 1979 1061 solem-

1229 1078 1308 1112 nitcr
1331 1087 1361 1113 et
1395 1077 1520 1124 publice
1551 1088 1696 1111 revocare
1725 1083 1755 1109 ct
1777 1075 1934 1117 abiurare,
1949 1083 1979 1108 ct

1230 1127 1456 1174 poenitentiam
1491 1126 1695 1172 condignam,
1723 1125 1817 1159 etiam
1853 1124 1890 1158 ad
1920 1125 1980 1158 ini-

1231 1177 1442 1211 murationem
1481 1184 1663 1222 perpetuam
1693 1173 1739 1208 vel
1774 1173 1979 1220 temporalem

1232 1226 1314 1259 iuxta
1341 1234 1463 1259 vestrae
1488 1223 1689 1259 discretionis
1718 1223 1882 1257 arbitrium
1914 1222 1982 1256 sine

1231 1275 1380 1309 dilatione
1404 1273 1530 1312 subire,
1557 1286 1592 1307 ac
1619 1272 1827 1307 sufficientem
1863 1272 1984 1306 cautio-

1234 1335 1318 1363 nem,
1341 1323 1425 1370 quod
1457 1335 1579 1357 errores
1606 1330 1636 1356 et
1664 1321 1811 1356 haereses
1833 1322 1917 1368 ipsas
1946 1320 1984 1353 de

1232 1381 1357 1407 caetero
1385 1384 1446 1406 non
1471 1371 1634 1411 tenebunt,
1662 1383 1720 1404 nec
1742 1369 1903 1409 fovebunt,
1928 1381 1985 1403 nec

1233 1422 1312 1456 alios
1333 1421 1370 1456 ad
1396 1420 1590 1456 credendum
1619 1419 1666 1454 vel
1690 1419 1785 1454 verbo
1808 1419 1854 1453 vel
1884 1418 1985 1461 facto,

1236 1469 1361 1517 publice
1385 1470 1431 1505 vel
1459 1470 1594 1514 occulte,
1622 1469 1741 1503 directe
1763 1469 1807 1502 vel
1833 1467 1986 1502 indirecte

1236 1519 1281 1554 vel
1305 1520 1415 1566 quoxis
1439 1519 1582 1566 quaesito
1605 1518 1709 1552 colore
1729 1517 1893 1560 inducent,
1913 1529 1988 1562 prze-

1236 1581 1329 1616 stare,
1356 1585 1410 1607 seu
1448 1572 1575 1619 aliquod
1611 1570 1856 1618 praemissorum
1885 1570 1988 1604 facere

1238 1625 1408 1666 noluerint,
1431 1638 1466 1660 ex
1486 1634 1560 1660 tunc
1582 1634 1688 1659 contra
1708 1625 1796 1670 ipsos
1813 1624 1895 1658 iuxta
1914 1636 1990 1669 qua-

1238 1679 1356 1712 litatem
1391 1691 1533 1714 crrorum
1567 1679 1604 1713 ad
1628 1677 1816 1712 delictorum
1845 1688 1990 1719 suorum,

1237 1732 1331 1766 etiam
1355 1733 1394 1775 (si
1414 1732 1576 1778 expediat)
1600 1740 1758 1778 tamquam
1781 1738 1889 1764 contra
1912 1729 1989 1763 bae-

1240 1788 1354 1821 reticos
1381 1795 1434 1821 aut
1458 1787 1612 1821 haeretica
1637 1786 1707 1820 labe
1731 1797 1912 1832 respersos,
1939 1796 1993 1818 au-

1239 1841 1380 1876 ctoritate
1402 1849 1506 1875 nostra
1531 1841 1611 1874 iuxta
1635 1839 1804 1873 canonicas
1826 1846 1856 1872 et
1875 1837 1992 1884 legales

1240 1895 1419 1930 sanctiones
1441 1894 1614 1929 summarie
1636 1901 1665 1928 et
1685 1893 1874 1940 simpliciter
1896 1904 1932 1926 ac
1954 1892 1992 1927 de

1242 1950 1335 1997 plano
1365 1949 1433 1983 sine
1464 1949 1597 1996 strepitu
1629 1956 1657 1982 et
1687 1948 1784 1993 figura
1821 1946 1927 1981 iudicii
1963 1955 1993 1982 et

1241 2007 1333 2039 etiam
1361 2016 1398 2037 ex
1421 2003 1537 2046 officio,
1559 2001 1770 2049 appellatione
1797 2013 1855 2035 seu
1882 2001 1993 2048 appel-

1243 2058 1410 2093 lationibus
1425 2057 1682 2105 quibuscumque
1695 2054 1908 2095 cessantibus,
1923 2067 1995 2101 pro-

1242 2112 1371 2156 cedatis,
1393 2123 1430 2146 ac
1452 2112 1537 2158 ipsos
1559 2110 1644 2144 iuxta
1671 2108 1798 2144 easdem
1827 2109 1996 2143 canonicas

1243 2166 1426 2201 traditiones·
1450 2164 1598 2212 puniatis,
1625 2163 1718 2198 etiam
1732 2190 1739 2203 ,
1757 2162 1782 2197 si
1795 2175 1876 2209 opus
1892 2162 1996 2203 fuerit,

1243 2220 1359 2255 Curiae
1383 2218 1534 2254 saeculari
1570 2216 1802 2264 relinquendo,
1839 2216 1997 2250 contradi-

1244 2283 1346 2309 ctores
1374 2286 1428 2320 per
1450 2284 1616 2308 censuram
1648 2270 1914 2311 eeclesiasticam,
1941 2282 1998 2316 ap-

1246 2328 1413 2375 pellatione
1434 2327 1618 2374 postposita,
1638 2323 1883 2370 compescendo,
1908 2323 1998 2357 invo—

1244 2390 1313 2417 cato
1335 2381 1372 2416 ad
1398 2381 1456 2415 hoc
1476 2380 1521 2424 (si
1545 2392 1626 2426 opus
1649 2378 1755 2421 suerit)
1777 2376 1892 2410 auxilio
1912 2377 1999 2410 eius-

1246 2436 1317 2470 dem
1348 2435 1466 2470 bracliii
1495 2433 1676 2469 saecularis.

1295 2496 1310 2532 ξς
1338 2492 1389 2523 18.
1419 2489 1487 2523 Non
1517 2486 1718 2522 obstantibus
1749 2492 1810 2519 tam
1840 2484 1922 2519 felic.
1948 2496 1998 2517 re-

1247 2543 1334 2577 cord.
1365 2543 1516 2577 Boiiisacii
1545 2542 1648 2588 Papae
1675 2540 1784 2574 Octavi
1809 2538 2000 2585 praedeces·

1248 2597 1329 2631 soris
1358 2597 1468 2640 nostri,
1496 2608 1557 2643 qua
1581 2603 1720 2633 cavetur,
1747 2606 1787 2628 ne
1814 2593 1887 2640 quis
1914 2600 1999 2626 extra

1249 2651 1405 2685 civitatem
1444 2657 1473 2684 et
1509 2649 1678 2684 dioecesim
1718 2660 1806 2682 suam
1825 2674 1832 2687 ,
1871 2646 1930 2680 nisi
1969 2646 1998 2679 in

1987 286 2035 312 An.
2054 285 2164 311 (Ll‘llss

1997 351 2023 370 tn·
2046 352 2105 370 modo
2128 351 2166 369 ah-

1982 382 2070 401 iurnnrlt,

2040 2493 2177 2514 Obstat-itibus

2024 2525 2189 2551 quibust-umque

2048 2557 2167 2581 derogatur:
