2274 3265
231 256 279 282 An<
299 255 327 283 C.
349 257 412 283 ¹:5¹7

240 1056 348 1077 itiittieneu
356 1072 358 1075 .
365 1057 413 1076 dim-

231 1089 286 1109 eesis
302 1088 376 1107 divisio
393 1088 412 1107 iu

231 1120 282 1139 duas

248 1556 361 1576 *abrensis
371 1556 417 1581 epi·

235 1591 333 1614 §topatus
368 1591 418 1606 ere—

235 1621 284 1641 etin,
297 1620 330 1645 qui
345 1623 419 1638 ueni·

234 1653 281 1675 pius
305 1650 389 1668 omnino
408 1655 419 1668 n

235 1685 279 1699 iuro
295 1681 417 1699 monasterii

236 1710 373 1731 himiliet-sis
383 1711 417 1730 de-

236 1742 333 1762 duratur.

477 245 547 277 ⁶250

429 309 633 345 revolventes,
648 306 732 353 quod
756 306 785 340 iu
804 313 886 341 tauta
906 305 1107 340 multitudine
1127 317 1178 351 po-

429 357 490 404 puli
521 364 636 404 quanta
664 355 861 390 foecundavit
886 355 1070 389 Altissimus
1106 355 1178 388 civi-

428 417 520 441 tatem
544 415 572 441 et
602 405 771 439 dioecesim
805 404 942 439 Rutlien.
981 404 1175 450 singulorum

428 456 530 489 vultus
558 455 716 502 nequibat,
740 462 773 489 ut.
800 453 967 494 coudecet,
991 455 1101 488 unicus
1121 466 1175 499 pa-

426 513 490 540 stor
513 505 679 552 inspicere,
694 515 746 540 aut
760 504 834 539 alias
858 513 961 551 partes
976 503 1049 538 boni
1067 511 1177 549 pasto—

428 555 468 589 ris
492 555 641 601 implere:
669 567 725 588 uos
751 553 869 588 cultum
898 565 1012 597 augere
1035 552 1176 586 divinum

427 613 455 637 et
482 604 676 651 spiritualem
693 604 867 638 animarum
883 603 1068 649 profectum,
1083 613 1177 647 quein

427 667 463 688 ex
495 654 680 701 subscriptis
707 653 836 688 indubie
873 652 1035 698 provenire
1071 662 1179 697 spera-

428 716 517 743 mus,
541 715 723 750 promovere
760 702 927 737 salubriter
956 699 1154 734 intendentes
1170 726 1179 741 ,

430 753 613 800 praemissis
628 761 657 787 et
679 752 750 787 aliis
771 750 978 786 suadentibus
998 749 1088 784 iustis
1103 761 1180 783 cau-

426 804 486 848 sis,
502 803 682 850 praehabito
695 815 788 849 super
801 801 859 834 linc
872 799 1011 845 diligenti
1036 806 1179 837 tractatu,

427 866 464 888 ex
489 861 571 888 certa
598 852 727 887 scientia
745 879 752 892 ,
788 850 827 885 de
850 849 977 884 fratrum
1001 856 1178 883 nostrorum

427 903 575 938 concordi
591 902 721 936 consilio
737 909 766 934 et
780 898 969 946 apostolicae
986 897 1181 946 plenitudine

429 952 603 998 potestatis,
619 950 656 985 ad
681 951 805 984 laudem
828 948 886 983 Dei
911 956 940 982 et
959 949 1179 984 exaltationem

427 1002 605 1044 Ecclesiae,
639 1000 845 1046 lideliunique
873 998 1026 1037 salutem,
1056 997 1181 1044 episco-

430 1062 535 1099 patum
559 1050 812 1092 Ruthenensem,
835 1061 988 1094 suamque
1011 1046 1180 1081 dioecesim

428 1101 611 1137 anctoritate
646 1100 815 1147 apostolica
845 1098 1017 1132 dividimus
1046 1097 1075 1130 in
1104 1096 1182 1130 duas

429 1152 695 1197 ‹lioeceses,quas
723 1162 776 1196 per
803 1157 905 1183 certos
924 1147 1074 1193 distingui
1105 1145 1183 1180 limi-

430 1211 475 1237 tes
499 1201 661 1238 saciemus,
680 1199 821 1234 volentes
843 1210 879 1232 ac
901 1198 1109 1232 decernentes
1130 1208 1184 1230 au-

429 1252 570 1286 ctoritate
585 1248 800 1297 praedicta,de
818 1247 944 1282 fratrum
956 1247 1095 1294 ipsorum
1112 1258 1182 1279 con-

429 1301 498 1335 silio
525 1310 555 1336 et
588 1299 765 1347 praedictae
789 1296 983 1344 plenitudiue
1011 1295 1184 1342 potestatis,

430 1350 514 1397 quod
531 1358 653 1397 praeter
666 1349 820 1384 civitatem
836 1346 1089 1388 Rutlieuensem,
1102 1357 1184 1391 quae

431 1413 517 1434 suam
533 1399 689 1447 propriam
705 1407 735 1432 et
751 1397 930 1431 distinctam
955 1395 1081 1430 babebit
1096 1395 1184 1428 dioe-

432 1450 545 1489 cesim,
568 1450 661 1484 certis
683 1447 800 1482 finibus
822 1446 1028 1485 limitandam,
1053 1444 1123 1478 villa
1146 1444 1184 1478 de

433 1499 536 1534 Vabro
564 1499 665 1533 dictae
698 1497 857 1545 quondam
886 1495 1062 1535 dioecesis,
1089 1505 1183 1540 quam

434 1548 526 1584 veluti
543 1548 579 1583 ad
601 1549 659 1583 lioc
674 1547 913 1582 convenientem
933 1543 1185 1583 etcommodam‚

433 1599 541 1633 eadem
575 1598 756 1632 auctoritate
790 1604 821 1631 et
859 1595 1015 1629 dictorum
1055 1592 1184 1627 fratrum

433 1649 576 1688 consilio,
597 1648 626 1681 in
640 1647 793 1681 civitatem
813 1645 974 1690 erigimus,
990 1643 1185 1689 civitatisque

433 1698 523 1732 titulo
559 1697 771 1743 insignimus,
806 1702 981 1742 separatam
1017 1693 1184 1727 dioecesim

434 1747 543 1782 lrabeat
566 1748 659 1781 certis
683 1745 837 1780 limitibus
858 1757 874 1778 a
898 1743 1035 1778 dioecesi
1061 1754 1188 1776 reman-

431 1810 502 1831 sura
546 1796 742 1831 Riitlienensi
782 1807 817 1829 ac
845 1794 1003 1828 civitatem
1027 1791 1120 1826 dictis
1149 1791 1188 1824 li-

433 1847 562 1881 mitibus
584 1845 857 1892 distinguendam:
875 1843 1024 1890 quodque
1050 1841 1186 1875 Ecclesia

434 1896 614 1931 monasterii
638 1895 744 1930 Sancti
769 1893 940 1928 Salvatoris
956 1892 1086 1926 civitatis
1100 1891 1188 1925 eius-

433 1948 503 1980 dem
527 1946 646 1980 ordinis
668 1945 774 1979 Sancti
801 1943 960 1977 Benedicti
985 1942 1025 1976 sit
1053 1941 1092 1975 de
1115 1952 1188 1974 cae-

434 2007 500 2030 tero
522 2004 551 2029 et
581 1995 732 2029 habeatur
757 2001 907 2041 perpetuo
922 1991 1063 2026 Ecclesia
1081 1990 1188 2024 cathe-

435 2045 540 2089 dralis,
563 2045 627 2091 ipsa
651 2052 680 2079 et
703 2044 825 2079 civitate
849 2042 1005 2089 praedicta
1029 2053 1101 2074 cum
1122 2041 1189 2074 suis

435 2095 585 2142 capitulo,
613 2094 696 2128 «lero
724 2104 750 2128 et
777 2093 895 2140 populo
924 2104 958 2125 ac
987 2091 1122 2124 dioecesi
1149 2089 1188 2123 ab

436 2145 521 2179 omni
551 2144 766 2179 iurisdictione
795 2152 822 2176 et
853 2149 1004 2189 potestate
1033 2152 1067 2174 ac
1091 2151 1188 2185 supe-

438 2196 575 2229 rioritate
597 2193 815 2228 Rutlienensis
841 2191 980 2239 episcopi
1008 2198 1038 2224 et
1060 2189 1187 2236 capituli

437 2245 576 2279 eiusdem
615 2242 830 2277 Ruthenensis
859 2241 1018 2276 Ecclesiae
1034 2267 1043 2283 ,
1066 2250 1188 2274 necnon

437 2295 557 2329 abbatis
584 2302 612 2327 et
636 2301 809 2328 conventus
832 2300 859 2325 et
885 2290 1076 2325 monasteriii
1105 2289 1190 2323 Mas—

438 2345 597 2383 siliensis,
619 2357 634 2378 a
664 2356 726 2391 quo
755 2341 933 2377 huiusmodi
963 2340 1188 2374 monasterium

437 2393 543 2429 Sancti
567 2393 738 2428 Salvatoris
759 2391 967 2438 dependebat,
991 2389 1190 2424 remanenti-

439 2445 497 2478 bus
518 2444 650 2479 omnino
667 2443 772 2477 liberis
787 2450 816 2476 et
831 2440 997 2488 exemptis.
1012 2438 1077 2473 Nos
1092 2439 1190 2478 enim,

440 2494 510 2529 licet
533 2493 615 2528 idem
643 2493 802 2540 quondam
830 2490 1054 2526 monasterium
1082 2488 1189 2522 Sancti

438 2543 608 2578 Salvatoris
642 2542 814 2577 Vabrensis
840 2554 912 2576 cum
948 2539 1098 2575 membris
1126 2538 1192 2572 suis

439 2606 455 2627 a
484 2594 644 2641 praedicto
658 2593 838 2640 dependere
854 2591 1007 2626 hactenus
1030 2596 1191 2623 monaste-

441 2644 487 2677 rio
514 2643 699 2678 Massiliensi
727 2641 1101 2687 nosceretur,ipsumque
1121 2649 1191 2672 mo-

1003 252 1040 273 nt
1046 251 1102 273 Lm
1108 251 1190 274 uitta!

1220 250 1380 272 itOMAM'M

1221 304 1390 339 nasterium
1414 302 1625 344 Massiliense,
1642 301 1686 334 vel
1707 300 1803 335 abbas
1827 300 1969 335 eiusdem

1220 354 1285 387 iura
1309 351 1461 400 quaedam
1485 358 1514 384 et
1541 350 1792 396 superioritatem
1822 349 1851 384 in
1882 361 1971 396 prae-

1220 403 1301 437 dicta
1330 401 1461 436 ecclesia
1489 399 1596 434 Sancti
1625 398 1793 434 Salvatoris
1820 398 1972 433 hactenus

1220 452 1394 494 obtineret,
1417 450 1456 484 de
1482 449 1632 488 consilio,
1656 449 1838 484 auctoritate
1861 455 1890 482 et
1914 460 1972 494 po-

1220 509 1328 536 testate
1348 500 1532 547 praedictis,
1559 498 1724 533 ecclesiam
1761 507 1791 532 et
1817 497 1970 532 civitatem

1220 551 1344 585 easdem
1364 550 1401 584 ad
1418 562 1547 584 censum
1563 548 1712 595 aliquem,
1733 547 1866 581 ullamve
1881 558 1972 593 prae-

1220 601 1384 634 stationem
1416 599 1459 633 vel
1488 598 1716 633 subiectionem
1737 607 1972 643 quamcumque

1222 651 1402 684 memoratis
1423 648 1540 687 abbati,
1567 647 1736 683 conventui
1762 655 1793 681 et
1816 653 1974 680 monaste-

1222 699 1266 733 rio
1289 698 1477 733 Massiliensi
1502 698 1647 732 volumus
1674 706 1705 731 et
1723 696 1923 731 decernimus
1943 696 1973 729 in

1222 756 1311 782 antea
1329 760 1389 782 non
1410 748 1522 788 teneri,
1536 747 1679 794 quinimo
1695 747 1793 794 ipsam
1817 745 1855 780 ab
1870 745 1974 779 omni—

1224 796 1282 831 bus
1310 797 1478 843 praedictis
1501 797 1692 831 absolvimus
1718 805 1748 831 et
1776 795 1910 830 totaliter
1931 794 1977 828 li-

1225 846 1381 881 beramus.
1406 846 1475 881 lura
1491 859 1570 892 quae
1594 847 1623 880 in
1653 845 1786 880 ecclesia
1819 843 1974 892 praedicta

1222 895 1329 931 Sancti
1352 896 1535 934 Salvatoris,
1563 895 1687 930 civitate
1704 923 1714 939 .,
1735 895 1862 935 incolis,
1879 893 1978 941 perti-

1224 946 1338 980 uentiis
1359 958 1395 980 ac
1419 944 1615 979 districtibus
1638 945 1780 979 eiusdem
1803 943 1975 990 praefatum

1225 996 1452 1030 monasterium
1472 994 1682 1035 Massiliense,
1698 1003 1751 1028 aut
1766 993 1863 1028 abbas
1878 993 1976 1034 illius,

1225 1045 1359 1080 mediate
1402 1044 1448 1080 vel
1482 1045 1663 1079 immediate
1694 1043 1768 1077 olim
1798 1043 1977 1090 quomodo-

1224 1107 1361 1142 cumque
1385 1094 1529 1133 liabebat,
1545 1106 1764 1141 quaecumque
1781 1101 1811 1127 et
1833 1093 1979 1140 qualiter—

1224 1157 1361 1192 cumque
1385 1144 1433 1178 illa
1457 1145 1538 1187 sint,
1562 1153 1591 1178 et
1619 1154 1823 1190 quocumque
1851 1141 1979 1176 nomine

1225 1204 1425 1233 censeantur,
1450 1194 1610 1228 indictam
1639 1193 1816 1227 Ecclesiam
1842 1191 1980 1226 Vabren-

1225 1257 1291 1279 sem
1316 1244 1540 1279 transferentes
1566 1252 1596 1278 et
1618 1242 1669 1276 illa
1693 1254 1789 1289 penes
1802 1253 1870 1276 eam
1889 1241 1979 1288 plene

1225 1303 1254 1328 et
1270 1294 1461 1340 integraliter
1482 1293 1622 1328 volentes
1638 1300 1790 1340 perpetuo
1806 1301 1979 1325 remanere.

1227 1343 1311 1378 Haec
1339 1344 1451 1389 igitur,
1474 1351 1526 1377 etc.
1680 1381 1683 1383 ,

1274 1393 1390 1427 Datum
1415 1394 1577 1427 Avenione
1601 1392 1705 1426 idibus
1730 1390 1870 1437 augusti,
1897 1401 1980 1437 pon-

1227 1442 1362 1478 tificatus
1390 1443 1486 1477 nostri
1509 1454 1591 1477 anno
1619 1442 1732 1488 primo.

1390 1504 1449 1535 Dat.
1469 1505 1516 1534 die
1539 1513 1676 1543 annoque
1695 1503 1812 1533 eodem.

1584 1677 1623 1711 X.

1233 1759 1347 1793 Contra
1361 1759 1540 1797 haereticos,
1562 1759 1609 1791 vel
1635 1759 1670 1790 de
1696 1758 1813 1790 haeresi
1832 1763 1981 1801 suspectos

1280 1818 1305 1842 et
1328 1811 1452 1843 iudaeos
1474 1810 1516 1842 ad
1536 1809 1627 1854 fidem
1653 1808 1834 1840 catholicam
1858 1816 1983 1839 conver-

1279 1871 1338 1897 sos,
1370 1860 1408 1892 ab
1434 1870 1527 1903 eaque
1548 1864 1767 1902 apostatantes,
1783 1856 1923 1900 quamvis
1942 1855 1983 1888 ad

1282 1910 1450 1942 Ecclesiam
1465 1909 1657 1952 confugiant,
1676 1918 1734 1939 esse
1746 1905 1982 1950 procedendum.

1503 1984 1717 2016 SUMMARtUM

1232 2057 1273 2086 Ab
1301 2056 1447 2095 apostasia
1480 2054 1654 2086 redeuntes,
1685 2057 1749 2088 etc„
1779 2052 1814 2081 ad
1842 2051 1984 2080 ecclesias

1271 2100 1491 2138 confugiebant,
1513 2108 1549 2128 ne
1573 2102 1756 2136 caperentur.
1774 2113 1814 2118 —
1832 2097 1859 2125 1.
1879 2094 1983 2125 Contra

1272 2155 1321 2174 eos
1341 2145 1459 2184 procedi
1480 2152 1566 2183 posse
1585 2142 1620 2172 ab
1644 2141 1871 2180 inquisitoribus
1889 2140 1983 2170 decla—

1272 2195 1315 2219 rat
1344 2189 1486 2219 Pontil'ex.
1512 2206 1549 2209 —
1576 2187 1604 2217 ’2.
1622 2186 1775 2226 Episcopis
1799 2186 1926 2221 mandat,
1949 2194 1984 2214 ne

1273 2244 1323 2264 eos
1348 2234 1519 2273 impediant.

1253 2312 1363 2340 loannes
1380 2312 1451 2347 Papa
1469 2310 1549 2343 mi,
1581 2309 1791 2346 inquisitoribus
1808 2307 1963 2336 haereticae

1275 2361 1428 2398 pravitatis
1439 2368 1487 2397 pei·
1500 2366 1614 2395 regnum
1625 2359 1752 2388 Franciao
1766 2356 1941 2386 constitutis.

1282 2434 1327 2469 Ex
1351 2442 1436 2482 parte
1466 2441 1564 2468 vestra
1587 2432 1645 2468 fuit
1665 2443 1764 2478 nuper
1788 2427 1983 2477 propositum

1985 246 2032 272 An.
2051 246 2079 272 C.
2103 245 2166 272 1517

2013 2433 2043 2454 Ab
2076 2434 2183 2460 apostasia

2000 2466 2120 2488 redeuntes,
2132 2466 2182 2485 etc.

1233 2497 1336 2519 coram
1361 2484 1463 2528 nobis,
1485 2483 1568 2530 quod
1599 2480 1740 2517 nonnulli
1768 2480 1806 2515 de
1828 2477 1983 2514 haeretica
1999 2497 2023 2516 „d
2045 2495 2183 2516 cecinam-

1235 2535 1383 2582 pravitate
1414 2533 1587 2581 culpabiles
1615 2532 1659 2567 vel
1683 2529 1821 2578 suspecti
1857 2536 1910 2563 aut
1932 2539 1985 2562 ac—

1233 2584 1345 2627 cusati,
1363 2596 1417 2619 seu
1435 2583 1576 2619 conversi
1592 2582 1631 2617 de
1646 2580 1768 2616 iudaica
1781 2579 1930 2614 caecitate
1946 2576 1985 2611 ad

1236 2633 1329 2669 iidem
1360 2633 1561 2673 catholicam,
1588 2629 1789 2679 postmodum
1813 2635 1986 2676 apostatan-

2000 2527 2119 2554 rugiebant.
2157 2532 2183 2547 ne

2002 2561 2136 2585 caperentur.
