2274 3265
443 275 511 307 5156

391 339 599 375 communiter
626 337 668 371 iil
688 337 826 379 divisim,
852 335 911 369 suh
936 344 1134 380 quacumque

393 390 489 423 fornia
522 397 552 422 et
579 387 780 434 expressione
809 384 991 425 verborum,
1013 396 1028 417 a
1051 382 1133 416 dicta

392 438 474 474 Sede
485 437 644 472 concessis
656 436 727 470 etin
742 443 900 482 posterum
912 430 1134 470 concedendis,

392 489 484 522 etiam
512 486 536 520 si
559 485 597 519 de
613 485 673 520 illis
696 485 786 531 plena
805 493 833 519 et
856 494 1002 530 expressa
1019 480 1136 515 mentio

391 537 430 572 de
457 536 552 571 verbo
570 535 607 569 ad
637 535 765 569 verbum
795 535 825 568 in
856 531 1074 580 praesentibus
1096 530 1136 564 sit

392 586 546 624 habenda,
569 597 649 631 quae
671 584 774 631 quoad
799 584 857 618 hoc
877 581 968 616 alicui
1004 581 1033 614 in
1051 579 1136 613 nullo

392 636 539 670 volumus
561 634 737 681 suffragari.
765 632 850 668 Nulli
871 644 957 676 ergo,
992 638 1045 664 etc.
1078 641 1136 662 uo-

391 693 472 720 strae
494 683 745 722 constitutionis„
769 682 935 718 voluntatis
957 688 986 714 et
1009 678 1137 713 ordina-

392 735 485 769 tionis
508 734 688 780 infringere,
715 741 768 766 etc.

440 784 554 819 Datum
579 783 724 817 Avinioni
739 809 748 826 ‚
770 782 880 828 quinto
908 779 978 814 idus
1001 789 1137 811 novem-

391 833 466 877 bris,
495 833 695 880 pontificatus
719 831 813 866 nostri
836 842 919 864 anno
937 828 1037 863 tertio.

415 895 477 924 Dat.
495 895 541 924 die
558 895 575 924 9
595 893 762 923 novembris
784 892 866 928 1373,
885 896 963 930 pont.
981 900 1057 919 anno
1074 898 1114 918 itt.

201 287 248 313 Λη.
267 286 295 312 C.
312 288 378 313 t575

713 1050 809 1086 xvtt.

392 1137 483 1176 Quod
524 1135 727 1168 Ecclesiarum
759 1132 895 1176 praelati
921 1143 972 1164 seu
1005 1132 1139 1164 Iocorum

441 1185 608 1218 Ordi'narii
635 1183 791 1216 occasione
818 1182 1096 1226 praesentationum
1114 1188 1140 1214 et

437 1235 660 1268 institutionum
684 1244 738 1276 per
765 1232 946 1275 nmqistrum
973 1238 999 1263 et
1031 1231 1141 1274 fratres

438 1286 472 1318 S.
498 1284 622 1317 loannis
651 1282 926 1325 Hierosolymitani
946 1282 982 1313 de
1005 1281 1141 1324 personis

437 1335 552 1367 idoneis
585 1334 626 1365 ad
653 1332 795 1376 beneficia
828 1342 935 1364 curam
965 1330 1141 1363 animarum

438 1384 580 1417 habentia
600 1383 755 1425 factarum
777 1381 815 1413 ab
835 1382 944 1413 eisdem
964 1380 1007 1412 m't
1023 1380 1141 1423 penitus

438 1434 565 1477 exiyant
592 1433 638 1465 vel
663 1432 797 1464 audeant
824 1437 1004 1474 eaetorquem
1030 1431 1087 1472 (1).

662 1508 876 1539 SUMMARtmt

390 1584 555 1613 Exordium.
578 1599 617 1604 -
643 1582 664 1611 l.
697 1580 874 1610 Praesentati
910 1581 955 1617 (de
988 1580 1081 1618 quibus
1113 1580 1141 1608 in

429 1627 550 1664 rubrica)
571 1626 605 1655 ab
623 1625 771 1664 episcopis
788 1626 906 1662 gravati.
925 1642 963 1646 —
981 1625 1007 1653 2.
1023 1624 1142 1653 Sanctio

427 1673 462 1701 ad
486 1670 655 1701 eorumdem
680 1670 912 1699 indemnitatem.
944 1686 981 1690 —
1005 1669 1031 1698 3.
1056 1668 1141 1698 Clau-

430 1717 522 1746 sulae.

433 1793 579 1828 Gregorius
602 1793 745 1828 episcopus
767 1797 862 1820 servus
880 1797 1020 1818 servorum
1041 1789 1097 1822 Dei,

542 1843 576 1870 ad
609 1842 735 1870 futuram
754 1841 796 1870 rei
822 1839 990 1869 memoriam.

441 1915 532 1949 Iustis
556 1913 727 1961 petentium
756 1912 844 1952 votis,
862 1912 921 1946 illis
947 1911 1144 1958 praesertim,

395 1977 450 2012 per
472 1977 551 2011 quae
574 1963 718 2010 religiosa
741 1971 770 1996 et
786 1962 843 1997 aha
869 1962 917 2008 pia
934 1962 999 1996 loca
1020 1974 1056 1996 ac
1073 1974 1145 2008 per—

395 2027 489 2049 sonae
512 2014 664 2059 degentes
688 2013 716 2047 in
741 2013 787 2047 eis
802 2026 817 2046 a
837 2011 1073 2058 gravaminibus
1097 2024 1146 2045 re-

396 2064 548 2104 leventur,
567 2063 698 2098 libenter
713 2063 896 2102 annuimus,
913 2061 1026 2108 illaque
1042 2062 1145 2096 favore

398 2113 620 2161 prosequimur
642 2121 832 2160 opportuno.

445 2163 465 2210 S
489 2166 519 2198 1.
543 2163 689 2198 Exhibita
705 2161 860 2209 siquidem
879 2161 970 2195 nobis
989 2173 1044 2208 pro
1060 2168 1146 2207 parte

202 2218 382 2269 ‘'reg“nlffiv'st
399 2213 584 2248 dilectorum
619 2212 752 2246 liliorum
788 2211 925 2257 magistri
957 2219 986 2245 et
1018 2210 1145 2245 fratrum

202 2255 274 2302 33:12⁸?
298 2255 322 2299 ἐξ
339 2255 387 2305 ρ’,ἷῖἶ
400 2262 563 2308 hospitalis
598 2262 704 2297 Sancti
744 2261 869 2295 Ioannis
900 2260 1147 2308 lerosolymitani

204 2319 273 2339 “⁶⁹¹⁵
298 2312 384 2337 g'fflu'
401 2312 508 2359 petitio
535 2311 729 2354 continebat,
756 2311 839 2358 quod
868 2311 939 2345 licet
961 2311 1005 2344 eis
1027 2323 1043 2344 a
1066 2309 1149 2344 Sede

400 2362 579 2409 Apostolica
605 2360 761 2395 indultum
790 2361 912 2404 existat,
942 2369 974 2394 ut
1000 2359 1057 2406 ipsi
1086 2359 1150 2393 fra-

402 2420 463 2446 tres
508 2412 705 2459 presbyteros
740 2410 902 2457 hospitalis
929 2409 1073 2445 eiusdem
1104 2410 1149 2442 vel

403 2461 577 2496 saeculares
600 2460 729 2495 clericos
751 2460 788 2493 ad
813 2460 951 2506 regimen
983 2459 1152 2506 parochia-

405 2510 481 2545 lium
510 2510 720 2545 Ecclesiarum
758 2510 887 2544 idoncos
909 2509 946 2543 ad
971 2508 1151 2542 huiusmodi

406 2560 599 2605 parochiales
627 2560 797 2599 Ecclesiam,
832 2572 911 2606 quae
944 2558 981 2593 ad
1011 2558 1151 2605 ipsorum

408 2610 689 2655 praesentationem
728 2610 896 2657 pertinent,
932 2621 1003 2643 cum
1035 2615 1153 2651 vacant,

442 2676 479 2711 (l)
497 2677 534 2702 Ex
554 2677 659 2712 Regest.
680 2677 704 2703 in
723 2676 831 2703 Archiv.
851 2677 933 2703 Vatic.

227 1978 344 1999 Exordium,

989 279 1087 300 uetat).
1095 277 1174 299 ΙΗΙΣΜ
1204 274 1330 297 ΙΗΡΜΛΝΚ
1342 274 1363 295 Μ

1180 331 1318 364 locorum
1355 325 1554 361 dioecesanis
1582 337 1636 359 seu
1665 324 1734 358 aliis
1763 323 1930 358 ordinariis

1179 392 1233 424 pro
1270 377 1394 411 vicariis
1422 374 1580 422 perpetuis
1604 373 1680 407 inibi
1715 372 1929 412 instituendis,

1180 427 1297 461 valeant
1320 433 1535 472 pt·acsctttat·c;
1559 423 1684 469 ipsique
1706 422 1884 456 dioecesan.
1900 431 1931 456 et

1178 476 1326 511 ordinarii
1364 473 1561 521 presbyteros
1594 481 1623 506 et
1656 472 1788 506 clericos
1828 471 1930 517 ipsos,

1178 526 1223 560 sic
1241 526 1285 559 eis
1313 537 1367 571 per
1389 523 1517 558 cosdem
1548 522 1730 567 magistrum
1763 529 1792 554 ct
1821 520 1931 554 fratres

1180 575 1319 620 legitime
1343 580 1566 620 praesentatos,
1591 571 1620 605 iu
1650 571 1781 605 vicarios
1815 581 1933 616 perpe—-

1180 633 1249 658 tuos
1272 624 1409 669 ipsarum
1434 621 1646 656 Ecclesiat·um
1663 620 1731 654 sine
1751 618 1932 653 difficultate

1179 672 1318 720 qualibet
1341 672 1503 706 instituere
1529 678 1558 704 et
1583 670 1729 705 investire
1754 676 1932 709 teneantur;

1180 732 1282 757 tamen
1311 721 1405 756 iidem
1435 720 1613 755 dioecesani
1636 719 1736 754 dictos
1769 717 1932 765 presbyte-

1181 785 1231 806 ros
1253 779 1283 806 et
1298 771 1375 806 alios
1406 770 1538 805 clericos
1573 770 1704 803 idoneos
1727 781 1798 803 cuin
1823 767 1869 802 eis
1895 767 1932 802 ad

1180 821 1304 856 easdem
1323 819 1517 867 parochiales
1535 819 1708 858 Ecclesiam,
1723 830 1796 853 cum
1814 825 1935 859 vacant,

1182 883 1236 918 per
1254 871 1339 918 ipsos
1356 870 1538 916 magistrum
1555 877 1584 904 et
1601 869 1709 904 fratres
1732 875 1936 915 praesentan-

1182 930 1247 963 tur,
1275 920 1394 967 absque
1422 919 1544 965 magnis
1573 918 1776 966 pecuniarum
1803 917 1935 964 quanti-

1182 970 1299 1005 tatibus
1321 971 1390 1004 sine
1413 981 1506 1004 causa
1530 968 1706 1003 rationabili
1728 967 1892 1002 instituere
1907 976 1935 1001 et

1183 1020 1330 1054 investire
1360 1018 1522 1063 differunt,
1544 1026 1574 1052 ct
1601 1018 1693 1052 etiam
1717 1016 1937 1051 contradicunt

1183 1071 1212 1104 in
1236 1069 1412 1104 animarum
1441 1067 1628 1116 periculum,
1650 1067 1746 1101 divini
1767 1066 1871 1100 cultus
1886 1066 1935 1100 di-

1184 1120 1454 1158 minutionem,ac
1477 1117 1614 1164 magistri
1643 1125 1671 1151 et
1699 1116 1827 1150 fratrum
1853 1128 1939 1162 prae-

1185 1169 1341 1203 dictorum
1361 1168 1589 1216 praeiudicium
1602 1174 1631 1201 et
1645 1177 1825 1212 gravamen,
1839 1177 1936 1211 quare

1184 1232 1239 1266 pro
1263 1227 1350 1266 parte
1379 1218 1516 1263 magistri
1541 1225 1571 1250 ct
1600 1216 1727 1250 l'ratrum
1752 1214 1935 1250 eorumdem

1184 1269 1273 1303 nobis
1309 1268 1412 1302 extitit
1448 1266 1609 1301 humiliter
1641 1265 1864 1312 supplicatum,
1906 1273 1937 1299 ut

1185 1318 1349 1365 providere
1370 1318 1416 1351 eis
1438 1329 1533 1364 super
1556 1316 1614 1350 hoc
1636 1315 1674 1350 de
1695 1322 1875 1362 opportuno
1896 1326 1939 1349 re-

1185 1367 1289 1402 medio
1316 1367 1532 1412 dignaremur.

1233 1423 1248 1460 g*
1277 1421 1309 1451 2.
1333 1417 1398 1451 Nos
1427 1416 1594 1463 cupientes
1618 1415 1646 1448 in
1673 1413 1854 1461 praemissis
1877 1426 1937 1460 pa—

1185 1475 1270 1502 terna
1305 1465 1506 1501 solicitudine
1540 1465 1718 1511 providere,
1755 1463 1936 1498 huiusmodi

1184 1516 1469 1563 supplicationibus
1489 1515 1642 1558 inclinati,
1660 1513 1814 1548 universis
1831 1522 1861 1547 et
1876 1513 1940 1547 sin-

1184 1567 1265 1614 gulis
1281 1567 1420 1601 locorum
1441 1564 1620 1604 ordinariis,
1643 1564 1694 1610 qui
1712 1570 1787 1597 sunt
1801 1570 1831 1597 et
1846 1570 1939 1597 erunt

1187 1629 1242 1662 pro
1271 1624 1424 1662 tempore,
1452 1614 1640 1649 auctoritate
1658 1612 1828 1660 apostolica
1854 1624 1940 1658 prae-

1185 1665 1332 1713 cipiendo
1357 1664 1555 1704 mandamus,
1578 1671 1735 1711 quatenus
1757 1662 1937 1696 huiusmodi

1187 1716 1308 1755 fratres,
1333 1715 1533 1762 presbyteros
1545 1722 1575 1748 et
1596 1713 1673 1747 alios
1687 1712 1832 1755 clericos,
1860 1724 1941 1758 quos

1187 1778 1242 1812 per
1270 1766 1374 1813 ipsum
1403 1764 1588 1810 magistrum
1611 1772 1641 1798 et
1668 1762 1780 1796 fratres
1806 1761 1842 1796 ad
1870 1774 1940 1796 eas-

1186 1815 1257 1849 dem
1283 1814 1477 1862 parochiales
1500 1813 1668 1853 Ecelesias,
1691 1824 1771 1859 quae
1794 1811 1830 1846 ad
1854 1811 1939 1859 ipso-

1188 1877 1255 1899 rum
1286 1864 1571 1912 praesentationem
1602 1862 1772 1910 pertinent,
1801 1869 1833 1896 ut
1856 1873 1942 1908 prae—

1187 1915 1296 1959 fertur,
1323 1916 1368 1949 eis
1390 1913 1559 1960 contigerit
1581 1912 1721 1960 legitime
1737 1911 1940 1958 praesentari,

1188 1965 1363 1999 dummodo
1390 1964 1485 1998 iidem
1515 1962 1687 2010 presbyteri
1716 1971 1745 1996 et
1773 1960 1878 1996 clerici
1903 1961 1940 1996 ad

1189 2015 1328 2060 regimen
1347 2013 1564 2048 Ecclesiarum
1581 2013 1718 2059 ipsarum
1740 2011 1855 2046 fuerint
1871 2011 1943 2045 ido-

1190 2065 1252 2108 nei,
1281 2063 1310 2098 in
1343 2072 1512 2111 perpetuos
1552 2062 1684 2097 vicarios
1727 2061 1940 2096 Ecclesiarum

1189 2119 1383 2161 earumdem,
1418 2118 1455 2153 ad
1490 2130 1566 2165 quas
1602 2115 1789 2164 praesentati
1817 2115 1942 2154 fuerint,

1191 2182 1221 2208 ut
1241 2173 1427 2221 praefertur,
1442 2171 1540 2206 libore
1557 2171 1675 2218 absque
1691 2182 1798 2205 morae
1814 2170 1944 2217 dispeu-

1191 2228 1241 2263 dio
1270 2228 1434 2262 instituere
1462 2235 1493 2262 et
1521 2225 1667 2260 investire
1691 2233 1873 2272 procurent:
1900 2225 1945 2259 di-

1191 2282 1330 2329 strictius
1359 2281 1537 2316 inhibentes
1559 2280 1676 2315 eisdem
1700 2279 1896 2313 dioecesanis
1915 2288 1943 2313 et

1192 2336 1371 2376 ordinariis,
1396 2349 1434 2370 nc
1461 2335 1614 2381 deinceps
1640 2333 1679 2368 ab
1702 2333 1821 2368 eisdem
1849 2334 1946 2379 magi-

1193 2399 1257 2424 stro
1283 2398 1314 2425 et
1338 2390 1485 2425 fratribus
1507 2402 1542 2424 ac
1566 2388 1753 2436 presbyteris
1780 2400 1834 2422 seu
1858 2387 1946 2422 cleri-

1193 2446 1238 2479 cis
1260 2444 1304 2479 eis
1332 2444 1433 2480 taliter
1456 2443 1703 2492 praesentandiS,
1726 2455 1780 2477 seu
1796 2442 1865 2476 aliis
1880 2442 1946 2489 qui-

1196 2499 1391 2546 buscumque
1416 2498 1572 2546 personiS,
1587 2497 1750 2532 occasione
1773 2496 1946 2531 institutio-

1197 2566 1270 2587 num
1294 2566 1348 2588 scu
1378 2553 1629 2589 investiturarum
1659 2551 1838 2587 huiusmodi
1867 2563 1946 2598 quo-

1197 2620 1333 2655 cumque
1355 2607 1458 2643 colorc
1473 2620 1527 2642 seu
1545 2607 1638 2642 modo
1660 2606 1813 2654 quaesitu,
1828 2605 1944 2653 aliquid

1197 2674 1320 2709 exigere
1346 2675 1399 2697 seu
1426 2670 1612 2709 extorquere
1635 2669 1845 2708 praesumant.

1945 267 1991 292 An.
2013 265 2039 291 C.
2064 266 2127 292 15713

1966 1418 2051 1438 Sanctio
2067 1420 2090 1438 ad
2102 1423 2137 1438 eo-

1954 1451 2045 1470 rumdem
2058 1450 2138 1469 indem-

1953 1482 2047 1500 nitatem.
