2274 3265
56 277 105 304 An.
123 276 151 302 C.
167 275 233 302 1275

63 2018 84 2039 Et
94 2018 188 2040 caiolum
201 2020 231 2040 St-

49 2050 111 2070 ciliae
160 2056 228 2077 regem

48 2086 88 2101 non
102 2081 227 2102 offendendi.

858 273 1001 295 GREGOttt
1008 273 1043 295 Us
1071 274 1090 295 Χ
1120 273 1165 295 Pe.

249 330 394 377 ptiucipi,
417 329 544 369 cititati,
568 329 771 373 universitati,
799 337 850 362 aut
879 341 993 375 perso-

247 391 305 415 nae
325 379 489 435 singulari,
512 379 563 426 qui
595 387 669 414 sunt
703 378 820 413 inimici
855 378 900 412 vel
935 378 993 413 ad-

248 429 375 464 weisarii
394 429 535 464 eiusdem
559 428 728 469 Ecclesiae,
750 440 806 463 seu
831 428 991 462 memorati

248 480 330 526 regis
363 479 502 518 Siciliae,
525 486 577 513 aut
608 477 743 524 suspecti
777 477 815 511 ab
846 478 923 525 ipsis
955 490 992 512 ex

247 529 350 564 causis
373 528 584 576 probabilibus
608 526 786 561 notabiliter
809 527 992 567 habeantur,

247 578 469 626 quoquomodo
505 578 704 620 adhaereant,
739 589 796 611 nec
832 577 916 624 ipsos
945 577 993 611 iu—

250 636 332 668 vent,
360 640 417 663 nec
447 640 518 662 cum
555 626 629 674 ipsis
665 626 711 661 tel
746 639 854 661 eorum
888 627 993 673 aliquo

249 686 372 725 pactum
417 677 463 712 vel
503 677 684 711 societatem
727 684 781 711 aut
822 676 991 723 quamlibet

249 726 550 762 confoederationem
571 726 649 761 inirc
672 735 887 772 praesumant:
912 734 942 761 et
969 726 992 760 si

248 777 351 824 aliquo
382 785 524 823 tempore
556 775 736 822 ignoranter
771 776 911 817 inierint,
947 776 991 810 vel

247 826 383 861 scienter
398 833 452 860 aut
473 826 653 872 ignoranter
671 825 823 860 hactenus
846 825 993 869 inierunt,

247 875 283 910 ad
320 873 499 910 mandatum
537 875 581 909 vel
618 875 854 921 requisitionem
895 875 994 922 ipsius

247 924 405 960 Ecclesiae
428 925 476 959 illa
496 932 527 960 et
548 936 656 959 eorum
680 924 840 972 quodlibet
865 925 994 959 omnino

247 974 429 1014 dissolvant,
455 982 484 1009 et
511 974 549 1008 ab
572 974 633 1008 illis
655 974 722 1008 sine
745 974 847 1021 aliqua
870 982 994 1008 contra-

247 1023 383 1059 dictione
417 1024 563 1059 recedant
591 1024 667 1058 iusra
697 1031 821 1070 tempus
850 1024 926 1069 ipsis
956 1023 994 1058 ab

247 1073 354 1108 eadem
391 1072 533 1108 Romana
570 1072 711 1108 Ecclesia
746 1073 993 1119 praesigendum.

248 1122 285 1157 Et
307 1123 331 1157 si
358 1135 416 1170 qua
442 1123 545 1158 forsan
573 1135 629 1169 pro
656 1122 912 1157 corroboratione
941 1135 994 1169 pa-

247 1180 386 1216 ctorum,
421 1172 606 1207 societatum
630 1179 660 1207 et
685 1172 993 1207 confoederationum

247 1221 428 1256 huiusmodi
468 1222 612 1268 praestita
654 1221 768 1255 fuerint
807 1221 992 1259 iuramenta,

248 1271 310 1318 ipsa
334 1271 373 1305 de
396 1271 555 1318 potestatis
583 1271 778 1317 plenitudine
808 1271 992 1305 relaxamus.

245 1320 307 1362 Qui
335 1327 439 1355 autem
469 1320 530 1354 sint
553 1320 669 1354 inimici
692 1320 794 1354 eidem
824 1320 994 1364 Ecclesiae,

246 1370 291 1403 vel
322 1370 473 1416 suspecti,
502 1368 633 1404 stabitur
662 1370 826 1403 assertioni
853 1377 992 1404 nostrae.

244 1418 304 1460 Qui
329 1431 399 1454 vero
426 1419 487 1453 sint
515 1418 633 1454 inimici
664 1419 710 1452 vel
745 1420 880 1465 suspecti
910 1420 994 1453 (licto

245 1468 319 1515 regi,
342 1468 474 1503 stabitur
500 1469 665 1503 assertioni
696 1469 778 1515 regis
801 1469 912 1515 ipsius.
931 1469 995 1504 Nec

243 1517 378 1564 aliquem
404 1530 458 1566 pro
478 1517 622 1552 Romano
646 1518 833 1565 imperatore
853 1518 898 1553 vel
922 1532 994 1565 rege

245 1568 396 1614 recipiant
418 1575 469 1602 aut
493 1567 639 1612 habeant,
666 1576 773 1603 contra
803 1568 992 1603 voluntatem

244 1617 344 1664 ipsius
368 1617 539 1661 Ecclesiae,
570 1617 615 1652 rel
641 1617 836 1662 mandatum,
871 1618 925 1653 sed
955 1618 995 1652 il-

244 1666 319 1707 lum,
343 1680 438 1714 quem
466 1666 576 1702 eadem
600 1666 743 1702 Ecclesia
768 1680 823 1714 pro
851 1668 994 1702 Romano

244 1716 430 1762 imperatore
471 1729 528 1751 seu
557 1729 630 1762 rege
660 1717 836 1764 acceptabit
870 1727 899 1753 et
936 1717 993 1752 lia-

245 1764 346 1806 bebit,
372 1779 427 1801 seu
463 1767 492 1801 in
521 1766 742 1813 imperatorem
776 1767 937 1802 coronabit
964 1775 994 1801 et

245 1815 389 1862 inunget,
424 1825 453 1852 et
480 1828 543 1850 nou
570 1816 665 1850 alium
696 1829 750 1863 pro
773 1829 845 1863 rege
872 1829 907 1851 ac
935 1817 995 1850 im-

245 1873 386 1911 peratore
417 1866 549 1901 habeant
579 1867 710 1900 comites
739 1879 773 1901 ac
796 1866 845 1901 alii
875 1879 993 1901 memo-

245 1916 313 1949 rati

293 1968 366 2012 55.
396 1966 470 2000 Item
501 1966 712 2014 praecipimus
739 1974 769 2001 et
797 1968 993 2009 mandamus

244 2015 326 2062 quod
350 2024 556 2050 memoratum
585 2029 691 2063 regem
719 2017 857 2058 Siciliae
887 2027 994 2066 postc-

245 2077 305 2104 ros,
330 2066 374 2099 vel
398 2065 556 2100 adiutores
574 2079 649 2101 suos
668 2068 698 2101 in
720 2076 908 2115 perpetuum
931 2082 991 2104 non

244 2119 414 2163 offendant,
442 2132 499 2155 nec
522 2121 708 2168 impugnent
735 2122 764 2156 in
788 2122 889 2170 aliqua
914 2131 992 2159 terra

243 2186 310 2218 sua,
337 2175 453 2210 scilicet
481 2176 512 2209 in
541 2189 638 2222 regno
666 2176 802 2221 Siciliae,
835 2178 991 2225 provincia

245 2227 441 2274 Andegavia,
477 2229 521 2263 vel
561 2230 617 2264 alia
658 2243 858 2278 quacumque
899 2239 991 2276 terra,

244 2293 337 2328 quam
378 2281 472 2316 habet
508 2283 589 2317 idem
629 2296 703 2325 rex,
744 2286 792 2320 vel
833 2286 897 2333 ipse
938 2295 991 2321 aut

243 2335 359 2382 posteri
394 2335 461 2370 eius
482 2337 525 2370 'in
560 2337 700 2372 futurum
736 2338 871 2374 habituri
907 2350 990 2385 sunt,

244 2389 290 2424 vel
324 2390 353 2423 iu
390 2389 451 2424 alio
485 2402 685 2439 quocumque
718 2392 804 2435 loco3
839 2394 894 2429 sed
931 2395 989 2442 ipsi

243 2457 305 2490 regi
331 2451 488 2491 tamquam
514 2446 627 2480 vicario
650 2446 771 2494 imperii
806 2461 860 2496 per
885 2450 990 2484 onmia

241 2506 270 2532 et
299 2498 329 2533 in
362 2498 511 2533 omnibus
548 2499 706 2541 obediant,
740 2510 770 2536 et
797 2503 899 2549 ipsum
935 2517 989 2551 pro

242 2565 333 2600 posse
371 2553 494 2597 iuvent,
534 2554 636 2589 eidem
674 2563 832 2603 tamquam
874 2558 988 2592 vicario

241 2607 375 2655 imperii,
411 2607 593 2643 huiusmodi
617 2608 728 2644 vicaria
751 2610 895 2655 durante,
921 2612 991 2659 ple-

241 2661 326 2696 narie
349 2661 527 2697 obediendo
550 2670 580 2698 et
604 2663 735 2699 fideliter
756 2666 931 2711 serviendo,
954 2679 989 2702 ac

1692 264 1731 296 21

1035 328 1140 363 omnia
1175 328 1254 373 iura,
1291 340 1371 375 quae
1407 328 1586 377 imperatori
1618 328 1785 372 debentur,

1037 378 1229 424 integraliter
1253 378 1444 413 exhibendo.

1084 405 1120 475 5ῦ
1126 432 1157 462 4.
1182 428 1257 463 Item
1285 435 1388 463 actum
1413 435 1471 473 est,
1493 437 1523 463 et
1550 441 1607 464 nos
1630 430 1786 478 praecipi-

1036 490 1106 512 mus
1139 485 1169 512 et
1197 477 1398 521 ordinamus,
1428 478 1512 524 quod
1548 478 1621 514 dicti
1656 480 1805 515 comites

1036 540 1098 562 non
1133 535 1296 562 teneantur
1329 528 1533 574 personalitet
1567 528 1672 563 venire
1702 538 1813 565 extra¹

1038 585 1150 612 terram
1179 589 1268 612 suam
1297 577 1326 611 in
1355 576 1514 621 Tusciam,
1547 577 1595 612 vel
1627 578 1699 620 alio,
1729 591 1787 614 nec

1038 628 1141 662 venire
1165 627 1285 674 possint
1309 628 1338 662 in
1361 626 1510 661 Tusciam
1534 627 1625 661 etiam
1657 628 1687 662 in
1718 636 1787 664 ter—

1037 689 1101 711 ram
1132 690 1234 719 suam,
1257 689 1311 711 seu
1339 675 1469 711 dilectae
1497 676 1527 710 in
1557 676 1684 712 Christo
1707 678 1787 713 filiae

1038 727 1151 761 nobilis
1174 726 1316 761 mulieris
1338 725 1515 760 comitissae
1531 725 1665 762 loannae
1681 728 1787 762 matris

1038 777 1178 823 ipsorum
1199 776 1267 811 sine
1295 775 1418 810 licentia
1442 776 1604 810 memorati
1629 777 1710 823 regis
1741 777 1787 812 Si-

1037 826 1138 861 ciliae.

1085 878 1104 922 5
1126 877 1157 910 5.
1182 875 1214 910 Si
1244 875 1369 923 quando
1392 882 1496 910 autem
1526 875 1722 912 vocabuntur
1748 890 1785 913 ex

1036 925 1138 973 aliqua
1166 937 1271 969 causa,
1291 925 1424 960 sufficiat
1445 937 1499 960 eos
1522 926 1712 972 respondere
1735 940 1788 974 per

1038 982 1273 1021 procuratores3
1297 983 1327 1010 et
1354 974 1379 1009 si
1406 974 1532 1021 quando
1554 976 1670 1011 servire
1698 984 1783 1012 tene-

1038 1025 1152 1059 buntur
1180 1036 1234 1071 pro
1267 1024 1356 1059 terris
1389 1024 1466 1064 suis,
1502 1037 1580 1072 quas
1612 1025 1728 1061 habent
1757 1027 1786 1061 in

1037 1074 1162 1117 Tuscia,
1197 1074 1331 1109 sufficiat
1362 1086 1417 1108 eos
1452 1085 1508 1120 per
1542 1074 1621 1110 alios
1658 1075 1788 1111 idoneos

1037 1124 1165 1167 servire,
1189 1122 1240 1158 ubi
1262 1135 1312 1157 rex
1336 1123 1486 1166 voluerit,
1513 1124 1594 1159 sicut
1622 1137 1678 1172 pro
1697 1125 1789 1160 dictis

1039 1173 1139 1211 terris,
1162 1185 1239 1219 quas
1267 1172 1381 1207 liabent
1404 1173 1433 1206 in
1451 1172 1577 1215 Tuscia,
1600 1175 1715 1210 servire
1742 1183 1789 1211 te-

1039 1231 1163 1257 nentur.

1085 1273 1105 1319 5
1132 1273 1164 1305 6.
1189 1271 1264 1306 Item
1288 1279 1391 1305 actum
1415 1279 1474 1315 est,
1501 1280 1530 1307 et
1545 1284 1602 1307 nos
1625 1274 1788 1321 praecipi-

1038 1334 1108 1355 mus
1135 1329 1165 1355 et
1193 1320 1377 1355 ordinamus
1404 1321 1489 1375 quod
1521 1330 1657 1357 castrum
1685 1323 1814 1379 Popii,

1036 1370 1121 1418 quod
1145 1369 1321 1417 praedictae
1345 1370 1521 1405 comitissae
1544 1370 1677 1407 loannae
1700 1375 1788 1408 matri

1038 1420 1268 1467 praedictorum
1304 1420 1453 1455 comitum
1495 1420 1636 1456 relictum
1676 1422 1789 1458 (licitur

1036 1470 1073 1504 ad
1108 1470 1201 1504 vitam
1241 1481 1330 1504 suam
1368 1482 1404 1504 ex
1447 1477 1633 1506 testamento
1672 1473 1788 1517 mariti,

1038 1527 1197 1554 temaneat
1223 1518 1335 1573 apud
1330 1531 1430 1566 ipsam
1455 1519 1515 1554 xita
1537 1532 1602 1555 sua.
1631 1521 1788 1577 Quodque

1037 1569 1146 1604 eadem
1167 1568 1325 1604 com1tissa
1348 1576 1379 1603 et
1400 1569 1515 1615 singuli
1543 1569 1582 1604 de
1600 1578 1701 1606 castro
1720 1585 1789 1619 ipso

1037 1619 1089 1673 qui
1123 1631 1240 1653 annum
1273 1618 1581 1674 quartumdecimum
1617 1630 1789 1668 exegerunt

1038 1681 1067 1702 m
1100 1668 1276 1716 praesentia
1302 1668 1403 1702 nuntii
1427 1668 1524 1703 nostri
1550 1677 1579 1703 et
1598 1682 1681 1717 regis
1703 1684 1789 1718 prae-

1037 1718 1110 1753 dicti
1144 1725 1302 1765 praestent
1329 1719 1418 1752 tactis
1447 1719 1650 1766 corporaliter
1676 1733 1788 1756 sacro-

1036 1768 1153 1802 sanctis
1175 1767 1352 1813 Evangeliis
1371 1768 1593 1811 iuramentum,
1606 1770 1695 1825 quod
1718 1771 1789 1806 obe-

1037 1817 1123 1852 dient
1151 1818 1210 1865 ipsi
1239 1817 1303 1862 regi
1332 1825 1489 1865 tamquam
1519 1818 1634 1854 vicario
1663 1822 1786 1875 imperii

1036 1867 1116 1902 (licta
1142 1867 1252 1902 vicaria
1275 1867 1416 1907 durante
1446 1876 1475 1902 et
1494 1881 1554 1903 non
1578 1869 1729 1916 recipient
1758 1884 1786 1905 tu

1036 1918 1121 1954 dicto
1159 1926 1261 1954 castro
1302 1918 1425 1966 aliquos
1464 1919 1608 1954 inimicos
1647 1920 1786 1956 eiusdem

1036 1970 1197 2006 Ecclesiae
1226 1970 1398 2014 Romanae,
1429 1970 1474 2005 vel
1504 1971 1603 2018 ipsius
1626 1972 1708 2018 regis
1735 1972 1787 2007 Si-

1035 2020 1137 2065 ciliae,
1165 2028 1218 2056 aut
1244 2029 1409 2068 suspectos
1437 2021 1512 2067 ipsis
1544 2020 1703 2056 Ecclesiae
1730 2035 1786 2057 seu

1035 2071 1113 2117 regi,
1142 2083 1198 2105 nec
1231 2070 1322 2105 etiam
1357 2070 1534 2116 praedictos
1560 2071 1706 2111 comites,
1742 2073 1786 2106 vel

1035 2120 1170 2167 aliquem
1188 2121 1327 2167 ipsorum
1345 2120 1462 2167 absque
1477 2120 1600 2155 licentia
1616 2130 1719 2156 nostra
1742 2122 1785 2155 vel

1036 2172 1116 2216 regis
1145 2171 1261 2217 ipsius,
1291 2182 1348 2204 nec
1380 2170 1547 2217 praedictis
1575 2170 1710 2205 inimicis
1738 2172 1784 2204 vel

1034 2223 1188 2267 suspectis
1214 2220 1446 2264 adhaerebunt,
1479 2219 1524 2254 vel
1559 2232 1614 2254 eos
1641 2232 1786 2268 quoquo-

1034 2271 1127 2305 modo
1164 2270 1324 2304 iuvabuut.
1366 2270 1427 2312 Qui
1463 2277 1567 2304 autem
1598 2269 1660 2303 sint
1694 2269 1785 2304 nobis

1034 2320 1080 2354 rel
1096 2320 1160 2366 ,ipsi
1181 2321 1245 2367 regi
1271 2319 1387 2354 inimici
1412 2320 1456 2354 vel
1480 2319 1629 2366 suspecti,
1652 2319 1785 2353 stabitur

1032 2370 1195 2404 assertioni
1216 2377 1340 2404 nostrae
1362 2377 1391 2403 et
1415 2369 1513 2416 ipsius
1532 2369 1626 2415 regis,
1649 2368 1730 2403 sicut
1754 2370 1783 2402 in

1033 2432 1106 2454 casu
1130 2419 1190 2454 alio
1213 2419 1360 2466 superius
1387 2427 1432 2453 est
1455 2430 1653 2465 expressum.

1081 2471 1100 2516 5
1134 2471 1163 2503 7.
1199 2468 1357 2516 Quodque
1394 2481 1450 2503 uec
1487 2479 1631 2514 guerram
1672 2468 1784 2503 facient

1033 2519 1140 2558 nobis
1175 2518 1278 2553 eidem
1314 2517 1474 2552 Ecclesiae
1487 2495 1685 2573 &Romanam
1719 2519 1783 2553 sive

1033 2569 1108 2615 regi,
1145 2569 1188 2603 vel
1212 2567 1320 2602 amicis
1349 2567 1508 2602 Ecclesiae
1535 2576 1589 2602 aut
1615 2568 1699 2613 tegis
1726 2580 1783 2603 eo—

1033 2617 1188 2652 rumdem
1211 2630 1269 2652 nec
1293 2617 1376 2664 ipsos
1398 2617 1623 2664 aliquatenus
1618 2630 1784 2664 impugna-

1033 2667 1121 2702 bunt.
1147 2667 1185 2702 Et
1207 2668 1231 2701 si
1256 2667 1338 2701 dicta
1360 2666 1530 2710 comitissa,
1554 2666 1599 2702 vel
1624 2666 1678 2701 filii
1703 2667 1781 2711 eius,

1803 274 1851 300 Αη.
1870 274 1980 300 01275

1813 444 1911 464 Gihellim
1944 449 1982 463 uon

1801 482 1826 501 po
1816 478 1887 495 essunt
1911 479 1983 494 ventre

1801 508 1820 526 in
1832 505 1925 526 Tusrmm
1938 506 1983 525 eine

1802 538 1820 557 li
1821 540 1887 557 entia
1916 535 1983 556 Caroli

1802 574 1864 593 regis.

1815 891 1904 912 Servitia

1803 925 1911 948 praestare
1934 929 1984 949 pos-

1803 956 1850 973 sunt
1872 959 1908 980 per
1924 954 1976 974 alios

1934 898 1983 912 VGYO

1816 1284 1909 1305 Castrum
1927 1284 1987 1311 Popn

1804 1317 1923 1336 comitissae
1953 1314 1987 1336 lo-

1804 1352 1871 1366 annae
1905 1347 1987 1367 adiudi-

1803 1381 1885 1401 catum,
1918 1378 1985 1398 addita

1803 1409 1924 1428 conditione
1936 1414 1987 1434 pren-

1804 1441 1871 1460 standi
1884 1441 1987 1460 iuramen-

1804 1473 1844 1490 tum
1876 1471 1900 1490 de
1934 1470 1987 1490 obe-

1803 1502 1878 1522 diendo
1889 1503 1944 1522 dieto
1955 1507 1987 1522 re>

1804 1534 1829 1558 gi.

1811 2474 1846 2495 [lui
1857 2476 1981 2498 iuramento

1798 2508 1838 2527 nisi
1858 2512 1895 2534 per
1914 2508 1980 2527 comi-

1797 2539 1951 2562 tis-amstetur.
1964 2540 1983 2559 ei

1797 2569 1873 2589 subditi
1894 2569 1980 2590 obedit·

1797 2605 1838 2620 nou
1855 2603 1961 2621 tenentur
