2274 3265
101 261 149 287 Αιι.
169 262 195 286 (ἶ.
220 263 285 288 1559

904 261 1099 285 nmennrrrs
1128 263 1172 284 xii
1202 263 1249 284 vr.
1725 254 1793 285 435

301 318 403 352 nonici
419 318 494 352 iuris
507 318 649 352 scientiis
663 318 869 357 instruantur,
884 318 1050 352 statuimus
1093 316 1198 351 dimus
1220 317 1300 351 circa
1326 317 1395 357 hoc,
1418 318 1592 352 dummodo
1608 318 1725 352 ibidem
1744 319 1841 364 vigeat

299 367 383 413 quod
403 369 431 400 iu
447 367 584 414 qualibet
599 367 737 402 Ecclesia
748 366 930 407 cathedrali,
946 379 1050 401 mona·
1092 365 1288 400 observantia
1314 367 1478 412 regularis,
1518 367 1636 414 aliquid
1667 368 1841 401 immutare.

299 416 405 458 sterio,
426 416 533 451 locoic
559 416 619 450 alio
644 416 841 451 communali
867 428 923 450 scu
946 416 1049 450 colle-
1093 414 1218 450 Possint
1250 425 1354 450 autem
1395 417 1554 462 praefatus
1593 416 1740 462 magister
1785 428 1841 451 seu

299 465 381 510 giato
396 465 679 512 dictaeicligiouis
690 465 738 500 cui
753 465 790 499 ad
806 465 865 499 hoc
880 477 979 512 supp«
984 472 1071 499 tent
1092 465 1262 499 instructor
1284 473 1314 499 et
1343 465 1518 499 instruendi
1543 478 1613 500 cum
1638 466 1769 500 consilio
1791 478 1843 501 se-

300 514 473 555 facultates,
501 515 652 550 habeatnr
682 514 841 559 magister,
868 527 920 561 (μιι
953 526 1071 548 cano-¹

300 564 385 599 nicos
406 564 514 598 ductat
533 564 609 598 infra
633 573 721 611 septa
742 563 908 598 locorum
902 576 930 597 ιιι
950 564 1050 598 scien-

300 613 372 653 tiis
408 613 577 654 videlicet,
605 613 829 660 grammatica,
869 612 969 660 logica
1019 622 1047 648 ct

299 662 509 710 philosophia,
520 664 644 709 proviso
656 663 814 703 attentius,
828 671 859 697 ut
871 661 1048 697 saeculares

299 712 472 746 instruendi
495 724 566 746 cum
589 712 666 758 ipsis
681 712 853 755 canonicis,
875 711 1048 746 docendive

298 773 328 795 in
362 761 481 796 eisdem
511 762 710 795 monasti—riis
737 762 801 796 sive
836 762 913 795 locis
945 761 1069 795 nulla—¹

298 819 389 845 tenus
410 811 623 844 admittantur.
649 811 681 845 ln
705 811 856 845 Ecclesiis
878 818 981 845 tamen
1001 823 1047 845 ca-

298 859 490 894 thedralibus
509 860 670 905 religionis
700 860 842 894 eiusdem
868 860 932 894 iura
952 873 1048 907 super

296 908 354 942 hoc
378 908 458 944 edita
483 908 700 944 observentur.
719 909 925 945 Provide-atur
942 918 1044 944 autem

295 958 437 1005 quotidie
454 958 594 1005 praefato
618 960 778 1005 magistro,
802 959 826 993 si
851 959 929 992 alius
952 972 1044 1005 quam

295 1008 468 1042 canonicus
482 1007 626 1042 eiusdem
648 1009 705 1043 loci
731 1008 834 1047 suerit,
853 1008 1046 1042 sufficientur

297 1058 326 1091 in
351 1069 442 1104 pane,
471 1057 542 1091 vino
564 1065 593 1091 et
618 1058 763 1104 pitantia.
792 1070 847 1102 per
887 1057 957 1091 illos
993 1059 1045 1104 qui

296 1107 364 1140 talia
401 1115 548 1141 tenentur
576 1107 605 1141 in
646 1107 755 1141 cadem
781 1106 921 1141 Ecclesia
939 1135 947 1146 ,
977 1120 1046 1140 mo-

296 1157 430 1190 nasterio
458 1156 523 1190 sive
548 1156 627 1195 loco,
653 1156 814 1190 canonicis
851 1156 1043 1190 ministrare.

295 1204 406 1240 Eidem
435 1217 564 1252 quoque
584 1206 734 1252 magistro
768 1218 824 1252 pro
852 1206 1046 1239 vestimentis

294 1263 322 1287 et
337 1254 560 1289 calceamentis
582 1267 618 1288 ac
640 1255 753 1289 sawlaiio
780 1267 919 1300 congrua
935 1256 1045 1309 pensio

294 1316 395 1338 annua
419 1303 610 1349 assignetur,
632 1316 727 1350 supra
750 1316 906 1338 summam
937 1304 1044 1349 iiginti

294 1352 442 1388 librarum
473 1354 691 1387 turonensium
722 1365 886 1398 parvorum
924 1365 1044 1399 nequa-

293 1415 386 1449 quam
402 1402 571 1442 excedens,
593 1415 673 1449 quae
697 1402 735 1436 dc
758 1401 951 1449 infrascripta
963 1415 1045 1437 com-

295 1451 630 1486 muuicontrihutionc¹
645 1452 795 1495 solvatur,
808 1451 909 1486 donec
932 1465 987 1498 pro
1010 1465 1043 1485 ea

292 1501 367 1537 certi
382 1509 413 1536 et
431 1501 572 1548 perpetui
588 1502 732 1536 redditus
752 1501 868 1536 suerint
882 1503 1043 1547 assignati

292 1550 416 1586 sivero
439 1551 469 1585 iu
484 1550 738 1598 locispraedictis
752 1549 847 1585 fuerit
872 1552 1045 1586 canonicus

292 1600 330 1634 ad
359 1600 541 1635 huiusmodi
559 1601 799 1635 instructionem
822 1600 967 1640 idoneus,
991 1613 1047 1648 por

293 1651 487 1696 superiorem
510 1662 604 1685 suum
623 1678 630 1690 ‚
658 1650 694 1684 ad
732 1663 827 1697 quem
857 1649 916 1684 hoc
950 1651 1046 1696 perti-

293 1700 406 1740 nuerit,
441 1699 611 1745 deputetur
643 1700 830 1740 instructor,
862 1699 950 1733 etad
976 1700 1045 1741 hoc,

291 1750 316 1783 si
330 1762 458 1785 necesse
472 1749 576 1790 fucrit,
591 1750 808 1796 compellatur,
823 1749 872 1784 cui
885 1750 1044 1796 siquidem

293 1800 472 1833 instructori
496 1800 659 1839 canonico,
689 1799 767 1833 ultra
791 1799 907 1833 victum
941 1808 970 1833 et
995 1812 1045 1833 ve-

291 1849 412 1889 stilum,
436 1861 490 1895 pro
509 1848 597 1883 libris
619 1849 763 1883 emendis
777 1856 807 1883 et
824 1848 893 1882 aliis
912 1850 1047 1883 necessi-

293 1898 408 1933 tatibus
422 1899 502 1941 suis,
523 1899 605 1932 iuxta
622 1898 862 1944 dispositionem
877 1899 1047 1943 superioris

292 1949 353 1990 sui,
375 1948 484 1983 decem
502 1948 598 1982 librae
627 1960 793 1993 parvorum
827 1948 1045 1982 turonensium

293 1997 505 2042 assignentur.
529 1996 661 2031 Praelati
697 2009 787 2041 vero,
811 2009 865 2031 seu
898 1997 971 2040 atii,
1008 1997 1045 2031 ad

294 2059 373 2093 quos
407 2047 614 2094 spectaverit,
653 2046 823 2080 canonicos
846 2046 1048 2080 instruendos

294 2096 413 2131 dociles
440 2104 502 2130 tam
525 2095 564 2129 de
587 2096 712 2141 capite,
751 2107 844 2143 quam
873 2097 911 2130 de
939 2108 1048 2130 mern—

296 2145 388 2185 bris,
419 2158 490 2180 cnm
532 2145 664 2179 consilio
703 2146 862 2179 seniorum
907 2144 1046 2191 eligere,

295 2203 325 2228 et
351 2194 390 2229 de
413 2195 552 2241 ipsorum
580 2202 665 2229 certo
689 2206 821 2228 numero
843 2206 879 2228 ac
906 2194 944 2228 de
973 2195 1048 2229 locis

296 2253 325 2279 et
349 2244 564 2291 temporibus,
608 2243 725 2290 quibus
760 2243 952 2278 lectionibus
974 2244 1046 2290 qui-

297 2294 394 2328 busve
435 2293 552 2328 divinis
574 2292 698 2333 officiis,
718 2305 773 2327 seu
803 2292 963 2340 obsequiis
979 2293 1049 2327 aliis

296 2343 484 2390 opportunis
516 2342 705 2384 intendant,
733 2342 880 2377 ordinare
914 2355 991 2388 pure
1018 2351 1048 2376 et

297 2392 426 2439 provide
472 2399 650 2426 teneantur.
679 2391 712 2426 Si
755 2399 857 2426 tamen
899 2391 974 2426 dicti
996 2404 1049 2426 ca·

296 2442 401 2476 nonici
427 2440 603 2476 instruendi
633 2441 729 2475 teneri
766 2449 796 2475 et
820 2441 931 2475 instrui
961 2454 1049 2475 eom·

297 2491 390 2526 mode
420 2492 450 2525 in
474 2492 542 2525 loco
571 2490 736 2537 principali
760 2490 980 2537 nequiverint,
1020 2499 1047 2524 ct

298 2548 426 2587 propter
444 2540 504 2574 hoe
525 2539 620 2574 fuerit
658 2539 812 2574 hactenus
834 2548 1049 2579 consuetum,

297 2602 382 2644 ipsos
408 2589 636 2625 instruendos
631 2601 660 2622 in
684 2588 790 2635 aliquo
823 2588 861 2623 de
901 2588 1049 2623 membris

298 2639 396 2686 ipsius
417 2638 476 2674 toci
501 2639 599 2674 teneri
614 2646 708 2684 atque
731 2637 856 2682 instrui,
874 2649 936 2673 non
953 2638 1049 2673 inten

1069 625 1144 646 ·cos
1171 614 1240 647 loco
1261 625 1382 650 eornm
1405 613 1457 659 qui
1484 614 1592 646 remoti
1619 613 1756 652 luerint,

1092 514 1229 556 niorum
1253 522 1344 560 prout
1364 515 1536 560 expediens
1556 515 1655 549 risum
1672 515 1765 549 fuerit
1786 515 1842 558 eis,

1090 563 1127 596 ad
1156 575 1236 610 quos
1277 563 1484 618 pertinuit-it
1514 565 1687 602 ι(ιιιυι(·ιι
1723 572 1752 598 et
1788 577 1842 610 pcr

1791 614 1841 647 alii

1090 661 1265 708 subrogari.
1299 661 1517 708 praecipimus
1552 663 1682 708 insumi-r
1720 662 1843 696 cunctis

1092 710 1304 745 visitatoribus
1351 711 1380 744 in
1419 711 1662 757 provincialibus
1697 711 1844 754 capitulis

1091 760 1259 807 deputatis,
1275 759 1359 807 quod
1378 772 1425 800 ea,
1439 773 1520 807 quae
1535 768 1606 794 suut
1624 760 1663 794 de
1695 761 1843 805 magistro

1090 822 1144 844 scu
1168 810 1355 845 instructore
1389 818 1417 844 et
1443 811 1585 856 personis
1626 809 1843 853 instruendis,

1090 869 1117 894 et
1141 859 1210 894 aliis
1237 861 1319 894 circa
1347 860 1424 894 hacc
1445 860 1593 906 superius
1620 859 1774 898 ordinata.
1799 859 1844 893 fa-

1090 910 1173 943 ciant
1196 910 1379 943 auctoritate
1401 909 1570 954 apostolica
1597 921 1650 955 per
1677 921 1842 943 censuram

1067 979 1069 986 ι
1089 958 1332 993 ecclesiasticam
1361 967 1389 992 et
1411 958 1467 992 alia
1491 967 1668 1005 opportuna
1693 957 1843 997 remedia,

1089 1008 1298 1054 appellatione
1317 1017 1445 1044 remota,
1471 1008 1601 1042 firmiter
1623 1007 1844 1042 observari.Et

1090 1057 1307 1096 nihilominus,
1330 1069 1364 1091 ea
1393 1069 1472 1104 quae
1495 1069 1591 1104 super
1611 1055 1779 1103 praedictis
1803 1056 1845 1090 fe·

1089 1107 1189 1141 corint
1211 1115 1239 1140 et
1264 1106 1452 1144 invencrint,
1482 1105 1735 1153 praesidentibus
1755 1105 1843 1152 capi—

1089 1155 1154 1189 tulo
1179 1156 1360 1202 proxinciali
1397 1156 1553 1195 reserant,
1582 1155 1636 1202 qni
1665 1156 1757 1189 etiam
1782 1167 1840 1188 au-

1087 1204 1229 1239 ctoritate
1270 1204 1440 1251 apostolica
1472 1205 1497 1239 si
1537 1205 1604 1245 eis„
1645 1205 1690 1238 vel
1731 1203 1840 1238 maiori

1090 1254 1166 1300 parti
1196 1254 1336 1300 ipsorum
1362 1254 1464 1288 visum
1488 1254 1590 1291 fuerit,
1618 1261 1725 1287 contra
1747 1252 1842 1298 negli-

1088 1312 1197 1349 gentos
1224 1303 1269 1336 vel
1287 1302 1419 1337 rebelles
1436 1304 1465 1336 in
1486 1303 1665 1349 praemissis
1681 1303 1840 1348 procedat,

1089 1352 1170 1386 sicut
1194 1351 1351 1386 ridebitur
1378 1352 1537 1399 expedire

1136 1401 1192 1448 ξ
1184 1404 1239 1436 JK>
1264 1400 1344 1443 Quia
1373 1414 1446 1435 vcro
1468 1400 1616 1447 expedite
1635 1400 1842 1447 dignoscitur,

1090 1458 1121 1484 ut
1146 1450 1239 1485 iidem
1264 1451 1418 1491 canonici
1449 1459 1614 1498 postquam
1639 1450 1669 1484 in
1701 1450 1844 1485 scientiis

1090 1500 1254 1545 primitivis
1278 1499 1394 1534 fuerint
1417 1499 1546 1543 eruditi
1568 1501 1605 1534 ad
1629 1511 1733 1535 sactae
1753 1500 1845 1534 theo-

1090 1550 1191 1596 logiae
1219 1551 1264 1584 vel
1288 1562 1447 1584 canonum
1465 1557 1624 1584 transeant
1647 1548 1844 1593 facultatem,

1088 1599 1259 1634 statuimus
1280 1607 1311 1633 ut
1336 1598 1478 1634 Ecclesia
1507 1598 1708 1637 cathedralis,
1732 1611 1845 1634 mona-

1088 1649 1233 1692 sterium,
1248 1649 1406 1695 prioratus
1423 1649 1467 1682 rel
1485 1649 1573 1683 locus
1588 1648 1667 1682 alius
1684 1648 1845 1693 religionis

1088 1698 1324 1740 ciusdem‚cum
1337 1698 1487 1732 membris
1497 1697 1627 1732 interius
1636 1697 1845 1742 declarandis,

1089 1748 1127 1783 de
1142 1747 1283 1795 quolibet
1301 1748 1457 1781 vicenario
1469 1760 1600 1782 numero
1620 1747 1843 1782 canonicorum

1091 1806 1302 1844 unumaptmn
1315 1797 1502 1831 canonicum
1511 1796 1692 1832 huiusmodi
1704 1796 1846 1832 scientiis

1088 1846 1289 1894 acquirendis
1307 1846 1345 1880 ad
1361 1847 1518 1893 generalia
1534 1859 1589 1882 seu
1606 1846 1757 1881 solemnia
1776 1845 1846 1882 Stu-

1090 1897 1139 1930 dia
1161 1897 1295 1934 minere.
1317 1905 1346 1929 et
1369 1896 1497 1930 cuilibet
1523 1896 1748 1930 mittendorum
1766 1895 1846 1941 ipso-

1092 1959 1158 1980 rum
1183 1954 1347 1980 teneantur
1369 1946 1407 1980 de
1432 1945 1625 1991 infrascripta
1642 1957 1747 1979 annua
1767 1957 1845 1991 pen-

1090 1995 1177 2030 sione
1210 1994 1383 2041 proridcre.
1414 1994 1606 2031 Huiusmodi
1630 2003 1735 2029 antem
1761 1994 1845 2029 viee-

1092 2045 1212 2078 narium
1236 2056 1402 2079 numerum
1427 2045 1474 2079 sic
1490 2045 1636 2079 volumus
1654 2044 1843 2090 computari,

1090 2102 1125 2129 ut
1148 2094 1290 2128 videlicet
1310 2093 1351 2128 illi
1376 2093 1538 2128 dumtaxat
1557 2094 1701 2128 canonici
1731 2106 1845 2127 nume·

1093 2157 1160 2178 rum
1203 2144 1305 2190 ipsum
1335 2143 1472 2178 efficiant
1508 2143 1538 2177 in
1568 2143 1627 2177 hoc
1655 2154 1755 2186 casu,
1789 2142 1843 2189 qui

1092 2192 1209 2228 fuerint
1232 2193 1261 2227 in
1291 2192 1446 2235 Ecclesia,
1478 2193 1671 2227 monasterio
1700 2191 1746 2225 rel
1775 2191 1844 2226 loco

1091 2242 1153 2277 alio
1181 2242 1347 2289 principali
1376 2249 1406 2276 et
1429 2242 1458 2276 in
1483 2242 1552 2276 tot-o
1569 2242 1629 2276 alio
1652 2241 1678 2275 ei
1702 2240 1845 2276 subiecto

1092 2292 1228 2326 habente
1245 2300 1316 2326 octo
1333 2292 1378 2325 vel
1400 2291 1507 2338 plures
1521 2291 1705 2330 canonicos,
1723 2298 1846 2336 praeter

1093 2342 1228 2387 priorem
1252 2353 1306 2375 seu
1331 2340 1619 2375 administratorem
1637 2340 1695 2374 loci
1711 2339 1843 2374 subiecti

1091 2400 1121 2425 et
1151 2391 1302 2436 ipsorum,
1331 2402 1403 2424 cum
1427 2390 1589 2424 canonicis
1615 2388 1763 2424 eiusdem
1783 2388 1846 2423 Ec-

1091 2440 1205 2474 clesiae
1244 2452 1300 2474 seu
1337 2440 1518 2474 monasterii
1560 2447 1590 2473 et
1622 2438 1681 2472 loci
1718 2437 1846 2472 alterius

1094 2489 1276 2535 principalis
1311 2488 1339 2522 in
1362 2488 1601 2534 computatione
1634 2500 1670 2521 ac
1693 2487 1846 2522 missione

1092 2538 1271 2573 huiusmodi
1296 2537 1539 2584 coniungantur.
1564 2536 1657 2579 Quod
1691 2536 1716 2571 si
1741 2535 1844 2571 forsan

1093 2588 1172 2623 ultra
1198 2587 1315 2622 dictum
1342 2599 1507 2621 numerum
1533 2586 1723 2620 vicenarium
1750 2585 1845 2632 aliqui

1092 2645 1307 2685 superessent,
1330 2636 1383 2683 qui
1408 2645 1510 2671 tamen
1536 2635 1727 2670 vicenarium
1748 2634 1845 2669 alium

1862 262 1911 287 An.
1929 262 1946 286 Γ,
1977 263 2042 286 Γιί9

1872 1403 1899 1424 De
1936 1406 2042 1425 mutendi·

1858 1435 1883 1454 ad
1893 1433 1963 1454 stema
1979 1439 2043 1459 gan&

1859 1466 1910 1487 ralia

1873 1999 1951 2026 Quibit<
1971 2005 1982 2019 Θ
1998 2006 2043 2020 ms*-

1860 2032 1958 2051 nasimits
1992 2031 2046 2051 sell-

1860 2063 1921 2088 uendi
