<?xml version="1.0" encoding="UTF-8"?>
<!DOCTYPE html PUBLIC "-//W3C//DTD XHTML 1.0 Transitional//EN"
    "http://www.w3.org/TR/xhtml1/DTD/xhtml1-transitional.dtd">
<html xmlns="http://www.w3.org/1999/xhtml" xml:lang="en" lang="en">
 <head>
  <title>
</title>
<meta http-equiv="Content-Type" content="text/html;charset=utf-8" />
  <meta name='ocr-system' content='tesseract 3.04.00' />
  <meta name='ocr-capabilities' content='ocr_page ocr_carea ocr_par ocr_line ocrx_word'/>
</head>
<body>
  <div class='ocr_page' id='page_1' title='image "./bullarumdiplomat04cath/bullarumdiplomat04cath_0362.png"; bbox 0 0 2274 3265; ppageno 0'>
   <div class='ocr_carea' id='block_1_1' title="bbox 190 276 372 304">
    <p class='ocr_par' dir='ltr' id='par_1_1' title="bbox 190 276 372 304">
     <span class='ocr_line' id='line_1_1' title="bbox 190 276 372 304; baseline 0 -2"><span class='ocrx_word' id='word_1_1' title='bbox 190 277 240 304; x_wconf 63' lang='lat' dir='ltr'>An.</span> <span class='ocrx_word' id='word_1_2' title='bbox 257 276 285 303; x_wconf 91' lang='lat' dir='ltr'>C.</span> <span class='ocrx_word' id='word_1_3' title='bbox 308 277 372 303; x_wconf 80' lang='grc'><strong>1556</strong></span> 
     </span>
    </p>
   </div>
   <div class='ocr_carea' id='block_1_2' title="bbox 438 267 503 299">
    <p class='ocr_par' dir='ltr' id='par_1_2' title="bbox 438 267 503 299">
     <span class='ocr_line' id='line_1_2' title="bbox 438 267 503 299; baseline -0.015 0"><span class='ocrx_word' id='word_1_4' title='bbox 438 267 503 299; x_wconf 68' lang='grc'>351</span> 
     </span>
    </p>
   </div>
   <div class='ocr_carea' id='block_1_3' title="bbox 384 326 1145 2704">
    <p class='ocr_par' dir='ltr' id='par_1_3' title="bbox 384 326 1145 2704">
     <span class='ocr_line' id='line_1_3' title="bbox 387 326 1135 378; baseline -0.012 -12"><span class='ocrx_word' id='word_1_5' title='bbox 387 334 425 367; x_wconf 90' lang='lat' dir='ltr'>tis</span> <span class='ocrx_word' id='word_1_6' title='bbox 447 330 598 378; x_wconf 80' lang='lat' dir='ltr'>exposcit,</span> <span class='ocrx_word' id='word_1_7' title='bbox 630 328 753 363; x_wconf 81' lang='lat' dir='ltr'>cautius</span> <span class='ocrx_word' id='word_1_8' title='bbox 781 327 811 361; x_wconf 87' lang='lat' dir='ltr'>in</span> <span class='ocrx_word' id='word_1_9' title='bbox 835 326 892 360; x_wconf 88' lang='lat' dir='ltr'>bac</span> <span class='ocrx_word' id='word_1_10' title='bbox 919 334 1003 372; x_wconf 86' lang='lat' dir='ltr'>parte</span> <span class='ocrx_word' id='word_1_11' title='bbox 1040 337 1135 372; x_wconf 81' lang='lat' dir='ltr'>super</span> 
     </span>
     <span class='ocr_line' id='line_1_4' title="bbox 387 375 1135 416; baseline -0.012 -1"><span class='ocrx_word' id='word_1_12' title='bbox 387 382 434 415; x_wconf 80' lang='lat' dir='ltr'>liis</span> <span class='ocrx_word' id='word_1_13' title='bbox 463 378 683 416; x_wconf 77' lang='lat' dir='ltr'>Ecclesiarum,</span> <span class='ocrx_word' id='word_1_14' title='bbox 719 376 979 411; x_wconf 76' lang='lat' dir='ltr'>monasteriorum</span> <span class='ocrx_word' id='word_1_15' title='bbox 1003 383 1031 409; x_wconf 81' lang='lat' dir='ltr'>et</span> <span class='ocrx_word' id='word_1_16' title='bbox 1055 375 1135 408; x_wconf 89' lang='lat' dir='ltr'>loco-</span> 
     </span>
     <span class='ocr_line' id='line_1_5' title="bbox 386 423 1135 475; baseline -0.011 -11"><span class='ocrx_word' id='word_1_17' title='bbox 386 443 454 464; x_wconf 86' lang='lat' dir='ltr'>rum</span> <span class='ocrx_word' id='word_1_18' title='bbox 486 429 693 475; x_wconf 81' lang='lat' dir='ltr'>praefatorum</span> <span class='ocrx_word' id='word_1_19' title='bbox 725 433 926 461; x_wconf 79' lang='lat' dir='ltr'>occurrentes</span> <span class='ocrx_word' id='word_1_20' title='bbox 963 423 1135 470; x_wconf 79' lang='lat' dir='ltr'>dispendiis</span> 
     </span>
     <span class='ocr_line' id='line_1_6' title="bbox 385 473 1135 526; baseline -0.012 -13"><span class='ocrx_word' id='word_1_21' title='bbox 385 489 413 514; x_wconf 76' lang='lat' dir='ltr'>et</span> <span class='ocrx_word' id='word_1_22' title='bbox 429 478 618 526; x_wconf 68' lang='lat' dir='ltr'>profectibus</span> <span class='ocrx_word' id='word_1_23' title='bbox 644 475 853 524; x_wconf 72' lang='lat' dir='ltr'>providentes,</span> <span class='ocrx_word' id='word_1_24' title='bbox 871 475 1026 518; x_wconf 68' lang='lat' dir='ltr'>volumus,</span> <span class='ocrx_word' id='word_1_25' title='bbox 1042 482 1074 507; x_wconf 92' lang='lat' dir='ltr'>ut</span> <span class='ocrx_word' id='word_1_26' title='bbox 1088 473 1135 505; x_wconf 84' lang='lat' dir='ltr'>vi-</span> 
     </span>
     <span class='ocr_line' id='line_1_7' title="bbox 385 524 1135 573; baseline -0.008 -12"><span class='ocrx_word' id='word_1_27' title='bbox 385 528 568 564; x_wconf 55' lang='lat' dir='ltr'>⁴sitatoribus</span> <span class='ocrx_word' id='word_1_28' title='bbox 580 530 623 571; x_wconf 83' lang='lat' dir='ltr'>(t)</span> <span class='ocrx_word' id='word_1_29' title='bbox 639 526 769 573; x_wconf 79' lang='lat' dir='ltr'>capituli</span> <span class='ocrx_word' id='word_1_30' title='bbox 786 524 997 572; x_wconf 71' lang='lat' dir='ltr'>provincialis,</span> <span class='ocrx_word' id='word_1_31' title='bbox 1011 524 1063 570; x_wconf 91' lang='lat' dir='ltr'>qui</span> <span class='ocrx_word' id='word_1_32' title='bbox 1081 535 1135 567; x_wconf 90' lang='lat' dir='ltr'>pro</span> 
     </span>
     <span class='ocr_line' id='line_1_8' title="bbox 386 573 1135 626; baseline -0.009 -14"><span class='ocrx_word' id='word_1_33' title='bbox 386 589 528 626; x_wconf 85' lang='lat' dir='ltr'>ternpore</span> <span class='ocrx_word' id='word_1_34' title='bbox 551 577 677 620; x_wconf 78' lang='lat' dir='ltr'>suerint,</span> <span class='ocrx_word' id='word_1_35' title='bbox 708 588 778 609; x_wconf 79' lang='lat' dir='ltr'>cum</span> <span class='ocrx_word' id='word_1_36' title='bbox 803 574 839 608; x_wconf 80' lang='lat' dir='ltr'>ad</span> <span class='ocrx_word' id='word_1_37' title='bbox 864 573 1034 615; x_wconf 77' lang='lat' dir='ltr'>Ecclesias,</span> <span class='ocrx_word' id='word_1_38' title='bbox 1066 584 1135 606; x_wconf 90' lang='lat' dir='ltr'>mo-</span> 
     </span>
     <span class='ocr_line' id='line_1_9' title="bbox 387 621 1137 674; baseline -0.009 -13"><span class='ocrx_word' id='word_1_39' title='bbox 387 629 532 671; x_wconf 79' lang='lat' dir='ltr'>nasteria,</span> <span class='ocrx_word' id='word_1_40' title='bbox 557 627 713 674; x_wconf 72' lang='lat' dir='ltr'>prioratus</span> <span class='ocrx_word' id='word_1_41' title='bbox 740 634 766 658; x_wconf 81' lang='lat' dir='ltr'>et</span> <span class='ocrx_word' id='word_1_42' title='bbox 793 625 857 658; x_wconf 84' lang='lat' dir='ltr'>loca</span> <span class='ocrx_word' id='word_1_43' title='bbox 883 621 1063 657; x_wconf 84' lang='lat' dir='ltr'>liuiusmodi</span> <span class='ocrx_word' id='word_1_44' title='bbox 1088 634 1137 654; x_wconf 76' lang='lat' dir='ltr'>re-</span> 
     </span>
     <span class='ocr_line' id='line_1_10' title="bbox 387 672 1136 719; baseline -0.009 -8"><span class='ocrx_word' id='word_1_45' title='bbox 387 679 499 717; x_wconf 85' lang='lat' dir='ltr'>nerint,</span> <span class='ocrx_word' id='word_1_46' title='bbox 523 689 630 711; x_wconf 85' lang='lat' dir='ltr'>eorum</span> <span class='ocrx_word' id='word_1_47' title='bbox 651 674 787 709; x_wconf 73' lang='lat' dir='ltr'>officinm</span> <span class='ocrx_word' id='word_1_48' title='bbox 803 672 1001 719; x_wconf 78' lang='lat' dir='ltr'>exequendo,</span> <span class='ocrx_word' id='word_1_49' title='bbox 1022 684 1136 718; x_wconf 82' lang='lat' dir='ltr'>nequa-</span> 
     </span>
     <span class='ocr_line' id='line_1_11' title="bbox 385 721 1136 774; baseline -0.009 -13"><span class='ocrx_word' id='word_1_50' title='bbox 385 739 477 774; x_wconf 81' lang='lat' dir='ltr'>quam</span> <span class='ocrx_word' id='word_1_51' title='bbox 501 727 656 764; x_wconf 85' lang='lat' dir='ltr'>omittant,</span> <span class='ocrx_word' id='word_1_52' title='bbox 679 725 753 771; x_wconf 87' lang='lat' dir='ltr'>quin</span> <span class='ocrx_word' id='word_1_53' title='bbox 773 723 811 758; x_wconf 91' lang='lat' dir='ltr'>de</span> <span class='ocrx_word' id='word_1_54' title='bbox 834 731 913 756; x_wconf 78' lang='lat' dir='ltr'>statu</span> <span class='ocrx_word' id='word_1_55' title='bbox 930 721 1083 768; x_wconf 85' lang='lat' dir='ltr'>spirituali</span> <span class='ocrx_word' id='word_1_56' title='bbox 1106 729 1136 754; x_wconf 86' lang='lat' dir='ltr'>et</span> 
     </span>
     <span class='ocr_line' id='line_1_12' title="bbox 387 772 1137 824; baseline -0.008 -14"><span class='ocrx_word' id='word_1_57' title='bbox 387 777 548 824; x_wconf 88' lang='lat' dir='ltr'>temporali</span> <span class='ocrx_word' id='word_1_58' title='bbox 574 775 795 812; x_wconf 75' lang='lat' dir='ltr'>Ecclesiarum,</span> <span class='ocrx_word' id='word_1_59' title='bbox 817 772 1077 807; x_wconf 85' lang='lat' dir='ltr'>monasteriorum</span> <span class='ocrx_word' id='word_1_60' title='bbox 1108 779 1137 805; x_wconf 87' lang='lat' dir='ltr'>et</span> 
     </span>
     <span class='ocr_line' id='line_1_13' title="bbox 388 820 1137 874; baseline -0.005 -15"><span class='ocrx_word' id='word_1_61' title='bbox 388 827 580 874; x_wconf 84' lang='lat' dir='ltr'>prioratuum</span> <span class='ocrx_word' id='word_1_62' title='bbox 600 834 629 858; x_wconf 89' lang='lat' dir='ltr'>et</span> <span class='ocrx_word' id='word_1_63' title='bbox 650 825 789 858; x_wconf 85' lang='lat' dir='ltr'>locorum</span> <span class='ocrx_word' id='word_1_64' title='bbox 818 821 1050 867; x_wconf 81' lang='lat' dir='ltr'>praedictorum</span> <span class='ocrx_word' id='word_1_65' title='bbox 1070 820 1137 868; x_wconf 89' lang='lat' dir='ltr'>ple-</span> 
     </span>
     <span class='ocr_line' id='line_1_14' title="bbox 386 870 1137 913; baseline -0.009 -3"><span class='ocrx_word' id='word_1_66' title='bbox 386 876 471 910; x_wconf 81' lang='lat' dir='ltr'>narie</span> <span class='ocrx_word' id='word_1_67' title='bbox 504 888 537 909; x_wconf 86' lang='lat' dir='ltr'>se</span> <span class='ocrx_word' id='word_1_68' title='bbox 573 873 754 913; x_wconf 80' lang='lat' dir='ltr'>informent,</span> <span class='ocrx_word' id='word_1_69' title='bbox 793 880 824 905; x_wconf 88' lang='lat' dir='ltr'>nt</span> <span class='ocrx_word' id='word_1_70' title='bbox 858 872 901 905; x_wconf 84' lang='lat' dir='ltr'>sic</span> <span class='ocrx_word' id='word_1_71' title='bbox 936 870 1137 905; x_wconf 79' lang='lat' dir='ltr'>reformando</span> 
     </span>
     <span class='ocr_line' id='line_1_15' title="bbox 387 921 1136 970; baseline -0.007 -10"><span class='ocrx_word' id='word_1_72' title='bbox 387 926 431 960; x_wconf 70' lang='lat' dir='ltr'>vel</span> <span class='ocrx_word' id='word_1_73' title='bbox 468 924 633 960; x_wconf 75' lang='lat' dir='ltr'>referendo</span> <span class='ocrx_word' id='word_1_74' title='bbox 668 926 777 970; x_wconf 83' lang='lat' dir='ltr'>(prout</span> <span class='ocrx_word' id='word_1_75' title='bbox 809 921 984 955; x_wconf 75' lang='lat' dir='ltr'>secundum</span> <span class='ocrx_word' id='word_1_76' title='bbox 1018 921 1085 955; x_wconf 89' lang='lat' dir='ltr'>iura</span> <span class='ocrx_word' id='word_1_77' title='bbox 1107 929 1136 955; x_wconf 92' lang='lat' dir='ltr'>et</span> 
     </span>
     <span class='ocr_line' id='line_1_16' title="bbox 384 970 1138 1019; baseline -0.004 -12"><span class='ocrx_word' id='word_1_78' title='bbox 384 974 594 1009; x_wconf 74' lang='lat' dir='ltr'>ordinationes</span> <span class='ocrx_word' id='word_1_79' title='bbox 620 972 832 1019; x_wconf 84' lang='lat' dir='ltr'>capitulorum</span> <span class='ocrx_word' id='word_1_80' title='bbox 868 970 1050 1005; x_wconf 72' lang='lat' dir='ltr'>huiusmodi</span> <span class='ocrx_word' id='word_1_81' title='bbox 1080 983 1138 1005; x_wconf 82' lang='lat' dir='ltr'>sa·-</span> 
     </span>
     <span class='ocr_line' id='line_1_17' title="bbox 385 1020 1139 1064; baseline -0.007 -5"><span class='ocrx_word' id='word_1_82' title='bbox 385 1024 504 1059; x_wconf 87' lang='lat' dir='ltr'>lnbrins</span> <span class='ocrx_word' id='word_1_83' title='bbox 525 1032 555 1058; x_wconf 86' lang='lat' dir='ltr'>et</span> <span class='ocrx_word' id='word_1_84' title='bbox 583 1023 688 1057; x_wconf 88' lang='lat' dir='ltr'>utilius</span> <span class='ocrx_word' id='word_1_85' title='bbox 708 1022 825 1064; x_wconf 78' lang='lat' dir='ltr'>suerit),</span> <span class='ocrx_word' id='word_1_86' title='bbox 848 1020 1010 1061; x_wconf 59' lang='lat' dir='ltr'>Ecclesiis‚</span> <span class='ocrx_word' id='word_1_87' title='bbox 1027 1033 1139 1056; x_wconf 67' lang='lat' dir='ltr'>monzi-</span> 
     </span>
     <span class='ocr_line' id='line_1_18' title="bbox 384 1070 1137 1120; baseline -0.004 -12"><span class='ocrx_word' id='word_1_88' title='bbox 384 1075 498 1114; x_wconf 77' lang='lat' dir='ltr'>steriis,</span> <span class='ocrx_word' id='word_1_89' title='bbox 531 1071 720 1120; x_wconf 80' lang='lat' dir='ltr'>prioratibus</span> <span class='ocrx_word' id='word_1_90' title='bbox 747 1080 777 1105; x_wconf 89' lang='lat' dir='ltr'>et</span> <span class='ocrx_word' id='word_1_91' title='bbox 804 1070 882 1105; x_wconf 88' lang='lat' dir='ltr'>locis</span> <span class='ocrx_word' id='word_1_92' title='bbox 921 1071 998 1118; x_wconf 85' lang='lat' dir='ltr'>ipsis</span> <span class='ocrx_word' id='word_1_93' title='bbox 1035 1072 1137 1117; x_wconf 83' lang='lat' dir='ltr'>provi-</span> 
     </span>
     <span class='ocr_line' id='line_1_19' title="bbox 384 1120 1137 1168; baseline -0.003 -11"><span class='ocrx_word' id='word_1_94' title='bbox 384 1125 458 1159; x_wconf 85' lang='lat' dir='ltr'>dere</span> <span class='ocrx_word' id='word_1_95' title='bbox 478 1125 596 1158; x_wconf 86' lang='lat' dir='ltr'>valeant</span> <span class='ocrx_word' id='word_1_96' title='bbox 619 1122 765 1162; x_wconf 64' lang='lat' dir='ltr'>visitatis,</span> <span class='ocrx_word' id='word_1_97' title='bbox 790 1120 924 1168; x_wconf 76' lang='lat' dir='ltr'>proviso,</span> <span class='ocrx_word' id='word_1_98' title='bbox 945 1121 1027 1167; x_wconf 85' lang='lat' dir='ltr'>quod</span> <span class='ocrx_word' id='word_1_99' title='bbox 1049 1133 1137 1167; x_wconf 88' lang='lat' dir='ltr'>prae-</span> 
     </span>
     <span class='ocr_line' id='line_1_20' title="bbox 385 1169 1135 1220; baseline -0.004 -14"><span class='ocrx_word' id='word_1_100' title='bbox 385 1175 464 1208; x_wconf 83' lang='lat' dir='ltr'>dicta</span> <span class='ocrx_word' id='word_1_101' title='bbox 502 1172 699 1220; x_wconf 81' lang='lat' dir='ltr'>provincialia</span> <span class='ocrx_word' id='word_1_102' title='bbox 728 1181 757 1206; x_wconf 84' lang='lat' dir='ltr'>et</span> <span class='ocrx_word' id='word_1_103' title='bbox 786 1170 842 1204; x_wconf 80' lang='lat' dir='ltr'>alia</span> <span class='ocrx_word' id='word_1_104' title='bbox 874 1169 1084 1204; x_wconf 78' lang='lat' dir='ltr'>Ecclesiarnm</span> <span class='ocrx_word' id='word_1_105' title='bbox 1107 1179 1135 1204; x_wconf 87' lang='lat' dir='ltr'>et</span> 
     </span>
     <span class='ocr_line' id='line_1_21' title="bbox 386 1220 1136 1269; baseline -0.005 -12"><span class='ocrx_word' id='word_1_106' title='bbox 386 1223 645 1258; x_wconf 79' lang='lat' dir='ltr'>monasteriorum</span> <span class='ocrx_word' id='word_1_107' title='bbox 669 1221 900 1269; x_wconf 85' lang='lat' dir='ltr'>praedictorum</span> <span class='ocrx_word' id='word_1_108' title='bbox 918 1220 1054 1266; x_wconf 85' lang='lat' dir='ltr'>capitula</span> <span class='ocrx_word' id='word_1_109' title='bbox 1076 1233 1136 1254; x_wconf 93' lang='lat' dir='ltr'>non</span> 
     </span>
     <span class='ocr_line' id='line_1_22' title="bbox 385 1270 1136 1310; baseline -0.003 -5"><span class='ocrx_word' id='word_1_110' title='bbox 385 1281 574 1308; x_wconf 71' lang='lat' dir='ltr'>concurrant</span> <span class='ocrx_word' id='word_1_111' title='bbox 597 1271 633 1306; x_wconf 87' lang='lat' dir='ltr'>ad</span> <span class='ocrx_word' id='word_1_112' title='bbox 670 1271 821 1310; x_wconf 62' lang='lat' dir='ltr'>invicem:</span> <span class='ocrx_word' id='word_1_113' title='bbox 850 1282 888 1303; x_wconf 89' lang='lat' dir='ltr'>ne</span> <span class='ocrx_word' id='word_1_114' title='bbox 917 1270 1014 1303; x_wconf 89' lang='lat' dir='ltr'>valeat</span> <span class='ocrx_word' id='word_1_115' title='bbox 1038 1282 1136 1304; x_wconf 89' lang='lat' dir='ltr'>unum</span> 
     </span>
     <span class='ocr_line' id='line_1_23' title="bbox 387 1320 1137 1368; baseline -0.008 -10"><span class='ocrx_word' id='word_1_116' title='bbox 387 1335 440 1368; x_wconf 79' lang='lat' dir='ltr'>per</span> <span class='ocrx_word' id='word_1_117' title='bbox 463 1321 547 1357; x_wconf 86' lang='lat' dir='ltr'>aliud</span> <span class='ocrx_word' id='word_1_118' title='bbox 578 1320 733 1368; x_wconf 89' lang='lat' dir='ltr'>impediri.</span> <span class='ocrx_word' id='word_1_119' title='bbox 764 1320 934 1355; x_wconf 73' lang='lat' dir='ltr'>Caeterum</span> <span class='ocrx_word' id='word_1_120' title='bbox 958 1320 1137 1359; x_wconf 76' lang='lat' dir='ltr'>statuimus,</span> 
     </span>
     <span class='ocr_line' id='line_1_24' title="bbox 388 1369 1136 1415; baseline -0.004 -10"><span class='ocrx_word' id='word_1_121' title='bbox 388 1381 420 1406; x_wconf 86' lang='lat' dir='ltr'>ut</span> <span class='ocrx_word' id='word_1_122' title='bbox 446 1384 557 1407; x_wconf 88' lang='lat' dir='ltr'>omnes</span> <span class='ocrx_word' id='word_1_123' title='bbox 586 1380 616 1405; x_wconf 84' lang='lat' dir='ltr'>et</span> <span class='ocrx_word' id='word_1_124' title='bbox 643 1370 757 1415; x_wconf 75' lang='lat' dir='ltr'>singuli</span> <span class='ocrx_word' id='word_1_125' title='bbox 793 1369 830 1404; x_wconf 87' lang='lat' dir='ltr'>ad</span> <span class='ocrx_word' id='word_1_126' title='bbox 855 1369 963 1403; x_wconf 84' lang='lat' dir='ltr'>eadem</span> <span class='ocrx_word' id='word_1_127' title='bbox 1001 1369 1136 1415; x_wconf 86' lang='lat' dir='ltr'>capitula</span> 
     </span>
     <span class='ocr_line' id='line_1_25' title="bbox 389 1418 1137 1462; baseline -0.007 -5"><span class='ocrx_word' id='word_1_128' title='bbox 389 1423 560 1462; x_wconf 63' lang='lat' dir='ltr'>venientes,</span> <span class='ocrx_word' id='word_1_129' title='bbox 594 1433 654 1455; x_wconf 89' lang='lat' dir='ltr'>non</span> <span class='ocrx_word' id='word_1_130' title='bbox 689 1420 817 1458; x_wconf 80' lang='lat' dir='ltr'>ducant,</span> <span class='ocrx_word' id='word_1_131' title='bbox 847 1419 892 1453; x_wconf 73' lang='lat' dir='ltr'>vel</span> <span class='ocrx_word' id='word_1_132' title='bbox 916 1418 988 1452; x_wconf 89' lang='lat' dir='ltr'>duci</span> <span class='ocrx_word' id='word_1_133' title='bbox 1026 1418 1137 1453; x_wconf 84' lang='lat' dir='ltr'>faciant</span> 
     </span>
     <span class='ocr_line' id='line_1_26' title="bbox 389 1467 1139 1518; baseline -0.005 -13"><span class='ocrx_word' id='word_1_134' title='bbox 389 1484 442 1505; x_wconf 53' lang='lat' dir='ltr'>&lt;eu</span> <span class='ocrx_word' id='word_1_135' title='bbox 468 1471 658 1518; x_wconf 71' lang='lat' dir='ltr'>permittant,</span> <span class='ocrx_word' id='word_1_136' title='bbox 685 1471 866 1504; x_wconf 80' lang='lat' dir='ltr'>erectiones</span> <span class='ocrx_word' id='word_1_137' title='bbox 888 1480 943 1502; x_wconf 91' lang='lat' dir='ltr'>seu</span> <span class='ocrx_word' id='word_1_138' title='bbox 970 1467 1139 1502; x_wconf 72' lang='lat' dir='ltr'>familiares</span> 
     </span>
     <span class='ocr_line' id='line_1_27' title="bbox 390 1517 1138 1566; baseline -0.003 -13"><span class='ocrx_word' id='word_1_139' title='bbox 390 1522 417 1555; x_wconf 77' lang='lat' dir='ltr'>in</span> <span class='ocrx_word' id='word_1_140' title='bbox 449 1533 581 1555; x_wconf 86' lang='lat' dir='ltr'>numero</span> <span class='ocrx_word' id='word_1_141' title='bbox 614 1518 774 1566; x_wconf 84' lang='lat' dir='ltr'>superfluo</span> <span class='ocrx_word' id='word_1_142' title='bbox 807 1530 862 1552; x_wconf 91' lang='lat' dir='ltr'>sen</span> <span class='ocrx_word' id='word_1_143' title='bbox 898 1517 1138 1565; x_wconf 77' lang='lat' dir='ltr'>quomodolibet</span> 
     </span>
     <span class='ocr_line' id='line_1_28' title="bbox 389 1567 1138 1605; baseline -0.007 0"><span class='ocrx_word' id='word_1_144' title='bbox 389 1570 562 1605; x_wconf 65' lang='lat' dir='ltr'>excessivo:</span> <span class='ocrx_word' id='word_1_145' title='bbox 586 1569 640 1604; x_wconf 90' lang='lat' dir='ltr'>sed</span> <span class='ocrx_word' id='word_1_146' title='bbox 665 1581 798 1603; x_wconf 89' lang='lat' dir='ltr'>numero</span> <span class='ocrx_word' id='word_1_147' title='bbox 821 1569 1018 1602; x_wconf 79' lang='lat' dir='ltr'>evectionum</span> <span class='ocrx_word' id='word_1_148' title='bbox 1042 1576 1068 1601; x_wconf 92' lang='lat' dir='ltr'>et</span> <span class='ocrx_word' id='word_1_149' title='bbox 1093 1567 1138 1601; x_wconf 85' lang='lat' dir='ltr'>fa—</span> 
     </span>
     <span class='ocr_line' id='line_1_29' title="bbox 390 1616 1137 1654; baseline -0.004 0"><span class='ocrx_word' id='word_1_150' title='bbox 390 1620 557 1654; x_wconf 82' lang='lat' dir='ltr'>miliarium</span> <span class='ocrx_word' id='word_1_151' title='bbox 592 1619 686 1653; x_wconf 89' lang='lat' dir='ltr'>statui</span> <span class='ocrx_word' id='word_1_152' title='bbox 716 1631 824 1653; x_wconf 89' lang='lat' dir='ltr'>eorum</span> <span class='ocrx_word' id='word_1_153' title='bbox 861 1616 1030 1651; x_wconf 86' lang='lat' dir='ltr'>cuiuslibet</span> <span class='ocrx_word' id='word_1_154' title='bbox 1062 1629 1137 1651; x_wconf 86' lang='lat' dir='ltr'>con—</span> 
     </span>
     <span class='ocr_line' id='line_1_30' title="bbox 388 1666 1138 1715; baseline -0.007 -11"><span class='ocrx_word' id='word_1_155' title='bbox 388 1682 466 1715; x_wconf 74' lang='lat' dir='ltr'>gruo</span> <span class='ocrx_word' id='word_1_156' title='bbox 507 1682 560 1704; x_wconf 88' lang='lat' dir='ltr'>eos</span> <span class='ocrx_word' id='word_1_157' title='bbox 588 1668 732 1702; x_wconf 83' lang='lat' dir='ltr'>volumus</span> <span class='ocrx_word' id='word_1_158' title='bbox 768 1676 797 1701; x_wconf 84' lang='lat' dir='ltr'>et</span> <span class='ocrx_word' id='word_1_159' title='bbox 827 1666 1035 1713; x_wconf 81' lang='lat' dir='ltr'>praecipimus</span> <span class='ocrx_word' id='word_1_160' title='bbox 1069 1679 1138 1700; x_wconf 87' lang='lat' dir='ltr'>esse</span> 
     </span>
     <span class='ocr_line' id='line_1_31' title="bbox 389 1716 1138 1765; baseline -0.005 -12"><span class='ocrx_word' id='word_1_161' title='bbox 389 1727 563 1753; x_wconf 82' lang='lat' dir='ltr'>‹·0ntentos.</span> <span class='ocrx_word' id='word_1_162' title='bbox 593 1718 656 1765; x_wconf 81' lang='lat' dir='ltr'>Ipsi</span> <span class='ocrx_word' id='word_1_163' title='bbox 684 1727 788 1752; x_wconf 88' lang='lat' dir='ltr'>autem</span> <span class='ocrx_word' id='word_1_164' title='bbox 824 1716 990 1751; x_wconf 76' lang='lat' dir='ltr'>familiares</span> <span class='ocrx_word' id='word_1_165' title='bbox 1018 1724 1047 1749; x_wconf 86' lang='lat' dir='ltr'>et</span> <span class='ocrx_word' id='word_1_166' title='bbox 1077 1716 1138 1760; x_wconf 82' lang='lat' dir='ltr'>alii,</span> 
     </span>
     <span class='ocr_line' id='line_1_32' title="bbox 388 1766 1138 1815; baseline -0.004 -13"><span class='ocrx_word' id='word_1_167' title='bbox 388 1781 468 1815; x_wconf 81' lang='lat' dir='ltr'>qnos</span> <span class='ocrx_word' id='word_1_168' title='bbox 504 1769 619 1803; x_wconf 83' lang='lat' dir='ltr'>ducent</span> <span class='ocrx_word' id='word_1_169' title='bbox 651 1767 700 1802; x_wconf 82' lang='lat' dir='ltr'>vel</span> <span class='ocrx_word' id='word_1_170' title='bbox 723 1768 792 1801; x_wconf 89' lang='lat' dir='ltr'>duci</span> <span class='ocrx_word' id='word_1_171' title='bbox 822 1766 932 1801; x_wconf 80' lang='lat' dir='ltr'>facient</span> <span class='ocrx_word' id='word_1_172' title='bbox 970 1778 1025 1800; x_wconf 86' lang='lat' dir='ltr'>seu</span> <span class='ocrx_word' id='word_1_173' title='bbox 1050 1774 1138 1800; x_wconf 85' lang='lat' dir='ltr'>tene-</span> 
     </span>
     <span class='ocr_line' id='line_1_33' title="bbox 390 1815 1138 1862; baseline -0.004 -10"><span class='ocrx_word' id='word_1_174' title='bbox 390 1819 479 1862; x_wconf 81' lang='lat' dir='ltr'>bunt⁷</span> <span class='ocrx_word' id='word_1_175' title='bbox 506 1819 568 1853; x_wconf 90' lang='lat' dir='ltr'>sint</span> <span class='ocrx_word' id='word_1_176' title='bbox 591 1817 728 1852; x_wconf 78' lang='lat' dir='ltr'>humiles</span> <span class='ocrx_word' id='word_1_177' title='bbox 750 1825 781 1851; x_wconf 85' lang='lat' dir='ltr'>et</span> <span class='ocrx_word' id='word_1_178' title='bbox 803 1816 940 1855; x_wconf 82' lang='lat' dir='ltr'>bonesti,</span> <span class='ocrx_word' id='word_1_179' title='bbox 963 1815 1001 1849; x_wconf 85' lang='lat' dir='ltr'>de</span> <span class='ocrx_word' id='word_1_180' title='bbox 1024 1815 1138 1862; x_wconf 89' lang='lat' dir='ltr'>quibus</span> 
     </span>
     <span class='ocr_line' id='line_1_34' title="bbox 389 1864 1138 1915; baseline -0.004 -13"><span class='ocrx_word' id='word_1_181' title='bbox 389 1867 586 1915; x_wconf 78' lang='lat' dir='ltr'>aliquatenus</span> <span class='ocrx_word' id='word_1_182' title='bbox 614 1867 771 1914; x_wconf 77' lang='lat' dir='ltr'>praesumi</span> <span class='ocrx_word' id='word_1_183' title='bbox 801 1873 947 1913; x_wconf 81' lang='lat' dir='ltr'>nequeat,</span> <span class='ocrx_word' id='word_1_184' title='bbox 974 1864 1057 1911; x_wconf 89' lang='lat' dir='ltr'>quod</span> <span class='ocrx_word' id='word_1_185' title='bbox 1081 1865 1138 1900; x_wconf 87' lang='lat' dir='ltr'>ali-</span> 
     </span>
     <span class='ocr_line' id='line_1_35' title="bbox 389 1914 1139 1964; baseline -0.003 -13"><span class='ocrx_word' id='word_1_186' title='bbox 389 1918 439 1952; x_wconf 75' lang='lat' dir='ltr'>cui</span> <span class='ocrx_word' id='word_1_187' title='bbox 467 1917 582 1956; x_wconf 89' lang='lat' dir='ltr'>abbati,</span> <span class='ocrx_word' id='word_1_188' title='bbox 611 1918 719 1964; x_wconf 90' lang='lat' dir='ltr'>priori,</span> <span class='ocrx_word' id='word_1_189' title='bbox 742 1916 999 1957; x_wconf 62' lang='lat' dir='ltr'>administratori,</span> <span class='ocrx_word' id='word_1_190' title='bbox 1022 1914 1139 1949; x_wconf 86' lang='lat' dir='ltr'>officia-</span> 
     </span>
     <span class='ocr_line' id='line_1_36' title="bbox 390 1965 1137 2012; baseline -0.004 -12"><span class='ocrx_word' id='word_1_191' title='bbox 390 1978 431 2007; x_wconf 76' lang='grc' dir='ltr'>ιο,</span> <span class='ocrx_word' id='word_1_192' title='bbox 461 1979 603 2006; x_wconf 81' lang='lat' dir='ltr'>monaco,</span> <span class='ocrx_word' id='word_1_193' title='bbox 640 1967 684 2001; x_wconf 73' lang='lat' dir='ltr'>rel</span> <span class='ocrx_word' id='word_1_194' title='bbox 713 1967 901 2012; x_wconf 81' lang='lat' dir='ltr'>cuicumque</span> <span class='ocrx_word' id='word_1_195' title='bbox 929 1965 1027 2002; x_wconf 83' lang='lat' dir='ltr'>alteri,</span> <span class='ocrx_word' id='word_1_196' title='bbox 1066 1977 1137 1998; x_wconf 91' lang='lat' dir='ltr'>cum</span> 
     </span>
     <span class='ocr_line' id='line_1_37' title="bbox 390 2015 1139 2064; baseline -0.005 -13"><span class='ocrx_word' id='word_1_197' title='bbox 390 2017 434 2051; x_wconf 83' lang='lat' dir='ltr'>eis</span> <span class='ocrx_word' id='word_1_198' title='bbox 461 2029 514 2051; x_wconf 84' lang='lat' dir='ltr'>seu</span> <span class='ocrx_word' id='word_1_199' title='bbox 537 2018 607 2051; x_wconf 76' lang='lat' dir='ltr'>aliis</span> <span class='ocrx_word' id='word_1_200' title='bbox 630 2016 668 2050; x_wconf 79' lang='lat' dir='ltr'>ad</span> <span class='ocrx_word' id='word_1_201' title='bbox 689 2017 752 2064; x_wconf 89' lang='lat' dir='ltr'>ipsa</span> <span class='ocrx_word' id='word_1_202' title='bbox 775 2015 909 2062; x_wconf 85' lang='lat' dir='ltr'>capitula</span> <span class='ocrx_word' id='word_1_203' title='bbox 929 2015 1139 2056; x_wconf 77' lang='lat' dir='ltr'>venientibus,</span> 
     </span>
     <span class='ocr_line' id='line_1_38' title="bbox 389 2064 1139 2109; baseline -0.005 -9"><span class='ocrx_word' id='word_1_204' title='bbox 389 2075 441 2101; x_wconf 86' lang='lat' dir='ltr'>aut</span> <span class='ocrx_word' id='word_1_205' title='bbox 470 2068 500 2101; x_wconf 89' lang='lat' dir='ltr'>in</span> <span class='ocrx_word' id='word_1_206' title='bbox 523 2068 569 2101; x_wconf 89' lang='lat' dir='ltr'>eis</span> <span class='ocrx_word' id='word_1_207' title='bbox 596 2067 803 2109; x_wconf 66' lang='lat' dir='ltr'>morantibus,</span> <span class='ocrx_word' id='word_1_208' title='bbox 845 2064 889 2099; x_wconf 74' lang='lat' dir='ltr'>vel</span> <span class='ocrx_word' id='word_1_209' title='bbox 918 2064 957 2098; x_wconf 84' lang='lat' dir='ltr'>(le</span> <span class='ocrx_word' id='word_1_210' title='bbox 981 2064 1039 2097; x_wconf 82' lang='lat' dir='ltr'>illis</span> <span class='ocrx_word' id='word_1_211' title='bbox 1068 2064 1139 2097; x_wconf 81' lang='lat' dir='ltr'>red-</span> 
     </span>
     <span class='ocr_line' id='line_1_39' title="bbox 390 2114 1141 2160; baseline -0.004 -10"><span class='ocrx_word' id='word_1_212' title='bbox 390 2117 549 2157; x_wconf 81' lang='lat' dir='ltr'>euntibns,</span> <span class='ocrx_word' id='word_1_213' title='bbox 572 2126 623 2150; x_wconf 91' lang='lat' dir='ltr'>aut</span> <span class='ocrx_word' id='word_1_214' title='bbox 647 2116 808 2155; x_wconf 77' lang='lat' dir='ltr'>Ecclesiis‚</span> <span class='ocrx_word' id='word_1_215' title='bbox 832 2115 1045 2152; x_wconf 81' lang='lat' dir='ltr'>monasteriis,</span> <span class='ocrx_word' id='word_1_216' title='bbox 1062 2114 1141 2160; x_wconf 91' lang='lat' dir='ltr'>prio-</span> 
     </span>
     <span class='ocr_line' id='line_1_40' title="bbox 391 2162 1141 2206; baseline -0.005 -6"><span class='ocrx_word' id='word_1_217' title='bbox 391 2166 520 2206; x_wconf 82' lang='lat' dir='ltr'>ratibus,</span> <span class='ocrx_word' id='word_1_218' title='bbox 557 2167 601 2200; x_wconf 78' lang='lat' dir='ltr'>vel</span> <span class='ocrx_word' id='word_1_219' title='bbox 637 2166 707 2200; x_wconf 89' lang='lat' dir='ltr'>aliis</span> <span class='ocrx_word' id='word_1_220' title='bbox 733 2177 842 2200; x_wconf 86' lang='lat' dir='ltr'>eorum</span> <span class='ocrx_word' id='word_1_221' title='bbox 885 2164 971 2202; x_wconf 79' lang='lat' dir='ltr'>locis,</span> <span class='ocrx_word' id='word_1_222' title='bbox 1009 2162 1141 2197; x_wconf 82' lang='lat' dir='ltr'>inferant</span> 
     </span>
     <span class='ocr_line' id='line_1_41' title="bbox 391 2212 1140 2262; baseline -0.004 -13"><span class='ocrx_word' id='word_1_223' title='bbox 391 2228 445 2262; x_wconf 80' lang='lat' dir='ltr'>per</span> <span class='ocrx_word' id='word_1_224' title='bbox 467 2229 499 2251; x_wconf 89' lang='lat' dir='ltr'>se</span> <span class='ocrx_word' id='word_1_225' title='bbox 527 2225 580 2250; x_wconf 88' lang='lat' dir='ltr'>ant</span> <span class='ocrx_word' id='word_1_226' title='bbox 606 2215 684 2250; x_wconf 89' lang='lat' dir='ltr'>alios</span> <span class='ocrx_word' id='word_1_227' title='bbox 710 2214 888 2250; x_wconf 79' lang='lat' dir='ltr'>saeculares</span> <span class='ocrx_word' id='word_1_228' title='bbox 912 2213 956 2248; x_wconf 76' lang='lat' dir='ltr'>rel</span> <span class='ocrx_word' id='word_1_229' title='bbox 982 2212 1140 2258; x_wconf 82' lang='lat' dir='ltr'>regulares</span> 
     </span>
     <span class='ocr_line' id='line_1_42' title="bbox 391 2261 1141 2313; baseline -0.004 -14"><span class='ocrx_word' id='word_1_230' title='bbox 391 2278 444 2300; x_wconf 82' lang='lat' dir='ltr'>seu</span> <span class='ocrx_word' id='word_1_231' title='bbox 469 2265 625 2313; x_wconf 90' lang='lat' dir='ltr'>quoslibet</span> <span class='ocrx_word' id='word_1_232' title='bbox 647 2265 736 2309; x_wconf 72' lang='lat' dir='ltr'>alios,</span> <span class='ocrx_word' id='word_1_233' title='bbox 756 2266 786 2299; x_wconf 93' lang='lat' dir='ltr'>in</span> <span class='ocrx_word' id='word_1_234' title='bbox 812 2264 954 2312; x_wconf 85' lang='lat' dir='ltr'>personis</span> <span class='ocrx_word' id='word_1_235' title='bbox 969 2264 1014 2297; x_wconf 74' lang='lat' dir='ltr'>vel</span> <span class='ocrx_word' id='word_1_236' title='bbox 1036 2261 1141 2305; x_wconf 78' lang='lat' dir='ltr'>rebus,</span> 
     </span>
     <span class='ocr_line' id='line_1_43' title="bbox 394 2312 1141 2360; baseline -0.005 -12"><span class='ocrx_word' id='word_1_237' title='bbox 394 2317 539 2350; x_wconf 65' lang='lat' dir='ltr'>iniuriam</span> <span class='ocrx_word' id='word_1_238' title='bbox 577 2316 620 2350; x_wconf 80' lang='lat' dir='ltr'>vel</span> <span class='ocrx_word' id='word_1_239' title='bbox 648 2316 819 2350; x_wconf 78' lang='lat' dir='ltr'>offensam:</span> <span class='ocrx_word' id='word_1_240' title='bbox 856 2315 901 2347; x_wconf 82' lang='lat' dir='ltr'>vel</span> <span class='ocrx_word' id='word_1_241' title='bbox 925 2312 1008 2360; x_wconf 85' lang='lat' dir='ltr'>quod</span> <span class='ocrx_word' id='word_1_242' title='bbox 1033 2312 1062 2346; x_wconf 86' lang='lat' dir='ltr'>iu</span> <span class='ocrx_word' id='word_1_243' title='bbox 1085 2312 1141 2345; x_wconf 87' lang='lat' dir='ltr'>ali-</span> 
     </span>
     <span class='ocr_line' id='line_1_44' title="bbox 392 2361 1143 2412; baseline -0.008 -12"><span class='ocrx_word' id='word_1_244' title='bbox 392 2378 453 2412; x_wconf 80' lang='lat' dir='ltr'>quo</span> <span class='ocrx_word' id='word_1_245' title='bbox 480 2366 518 2400; x_wconf 89' lang='lat' dir='ltr'>de</span> <span class='ocrx_word' id='word_1_246' title='bbox 541 2366 632 2400; x_wconf 89' lang='lat' dir='ltr'>dictis</span> <span class='ocrx_word' id='word_1_247' title='bbox 653 2365 808 2412; x_wconf 78' lang='lat' dir='ltr'>capitulis,</span> <span class='ocrx_word' id='word_1_248' title='bbox 831 2373 883 2398; x_wconf 91' lang='lat' dir='ltr'>ant</span> <span class='ocrx_word' id='word_1_249' title='bbox 907 2365 937 2397; x_wconf 93' lang='lat' dir='ltr'>in</span> <span class='ocrx_word' id='word_1_250' title='bbox 962 2363 1063 2409; x_wconf 87' lang='lat' dir='ltr'>aliqua</span> <span class='ocrx_word' id='word_1_251' title='bbox 1087 2361 1143 2396; x_wconf 88' lang='lat' dir='ltr'>Ec-</span> 
     </span>
     <span class='ocr_line' id='line_1_45' title="bbox 393 2411 1143 2452; baseline -0.005 -4"><span class='ocrx_word' id='word_1_252' title='bbox 393 2414 483 2450; x_wconf 84' lang='lat' dir='ltr'>clesia</span> <span class='ocrx_word' id='word_1_253' title='bbox 513 2415 559 2449; x_wconf 78' lang='lat' dir='ltr'>vel</span> <span class='ocrx_word' id='word_1_254' title='bbox 588 2416 777 2450; x_wconf 87' lang='lat' dir='ltr'>monasterio</span> <span class='ocrx_word' id='word_1_255' title='bbox 800 2427 853 2448; x_wconf 86' lang='lat' dir='ltr'>sen</span> <span class='ocrx_word' id='word_1_256' title='bbox 876 2413 958 2452; x_wconf 88' lang='lat' dir='ltr'>loco,</span> <span class='ocrx_word' id='word_1_257' title='bbox 984 2412 1034 2446; x_wconf 92' lang='lat' dir='ltr'>ubi</span> <span class='ocrx_word' id='word_1_258' title='bbox 1059 2411 1143 2445; x_wconf 86' lang='lat' dir='ltr'>cele-</span> 
     </span>
     <span class='ocr_line' id='line_1_46' title="bbox 394 2461 1140 2506; baseline -0.008 -6"><span class='ocrx_word' id='word_1_259' title='bbox 394 2465 576 2506; x_wconf 86' lang='lat' dir='ltr'>brabuntur,</span> <span class='ocrx_word' id='word_1_260' title='bbox 604 2465 786 2500; x_wconf 81' lang='lat' dir='ltr'>scandalum</span> <span class='ocrx_word' id='word_1_261' title='bbox 811 2464 975 2502; x_wconf 82' lang='lat' dir='ltr'>suscitare,</span> <span class='ocrx_word' id='word_1_262' title='bbox 1004 2461 1049 2496; x_wconf 86' lang='lat' dir='ltr'>vel</span> <span class='ocrx_word' id='word_1_263' title='bbox 1077 2469 1140 2494; x_wconf 88' lang='lat' dir='ltr'>tnr-</span> 
     </span>
     <span class='ocr_line' id='line_1_47' title="bbox 395 2512 1141 2558; baseline -0.005 -10"><span class='ocrx_word' id='word_1_264' title='bbox 395 2515 549 2550; x_wconf 87' lang='lat' dir='ltr'>bationem</span> <span class='ocrx_word' id='word_1_265' title='bbox 594 2515 713 2558; x_wconf 78' lang='lat' dir='ltr'>facere,</span> <span class='ocrx_word' id='word_1_266' title='bbox 754 2527 807 2549; x_wconf 88' lang='lat' dir='ltr'>seu</span> <span class='ocrx_word' id='word_1_267' title='bbox 849 2512 1038 2547; x_wconf 83' lang='lat' dir='ltr'>discordiam</span> <span class='ocrx_word' id='word_1_268' title='bbox 1087 2523 1141 2545; x_wconf 79' lang='lat' dir='ltr'>seu</span> 
     </span>
     <span class='ocr_line' id='line_1_48' title="bbox 395 2559 1143 2610; baseline -0.007 -12"><span class='ocrx_word' id='word_1_269' title='bbox 395 2567 627 2600; x_wconf 82' lang='lat' dir='ltr'>contentionem</span> <span class='ocrx_word' id='word_1_270' title='bbox 659 2576 782 2599; x_wconf 91' lang='lat' dir='ltr'>movere</span> <span class='ocrx_word' id='word_1_271' title='bbox 806 2570 1017 2610; x_wconf 87' lang='lat' dir='ltr'>praesumant.</span> <span class='ocrx_word' id='word_1_272' title='bbox 1050 2559 1143 2602; x_wconf 84' lang='lat' dir='ltr'>Quod</span> 
     </span>
     <span class='ocr_line' id='line_1_49' title="bbox 396 2609 1145 2661; baseline -0.005 -14"><span class='ocrx_word' id='word_1_273' title='bbox 396 2614 420 2647; x_wconf 80' lang='lat' dir='ltr'>si</span> <span class='ocrx_word' id='word_1_274' title='bbox 445 2616 516 2661; x_wconf 79' lang='lat' dir='ltr'>quis</span> <span class='ocrx_word' id='word_1_275' title='bbox 542 2614 579 2649; x_wconf 85' lang='lat' dir='ltr'>ad</span> <span class='ocrx_word' id='word_1_276' title='bbox 608 2614 803 2649; x_wconf 82' lang='lat' dir='ltr'>inserendum</span> <span class='ocrx_word' id='word_1_277' title='bbox 842 2613 986 2647; x_wconf 87' lang='lat' dir='ltr'>iniuriam</span> <span class='ocrx_word' id='word_1_278' title='bbox 1023 2610 1069 2645; x_wconf 77' lang='lat' dir='ltr'>rel</span> <span class='ocrx_word' id='word_1_279' title='bbox 1096 2609 1145 2644; x_wconf 77' lang='lat' dir='ltr'>ol—</span> 
     </span>
     <span class='ocr_line' id='line_1_50' title="bbox 432 2671 758 2704; baseline 0 -8"><span class='ocrx_word' id='word_1_280' title='bbox 432 2672 471 2704; x_wconf 76' lang='lat' dir='ltr'>(t)</span> <span class='ocrx_word' id='word_1_281' title='bbox 486 2671 583 2698; x_wconf 83' lang='lat' dir='ltr'>Forsan</span> <span class='ocrx_word' id='word_1_282' title='bbox 600 2674 758 2697; x_wconf 63' lang='lat' dir='ltr'>visitatores,</span> 
     </span>
    </p>
   </div>
   <div class='ocr_carea' id='block_1_4' title="bbox 984 266 1357 291">
    <p class='ocr_par' dir='ltr' id='par_1_4' title="bbox 984 266 1357 291">
     <span class='ocr_line' id='line_1_51' title="bbox 984 266 1357 291; baseline -0.013 1"><span class='ocrx_word' id='word_1_283' title='bbox 984 268 1119 291; x_wconf 65' lang='lat' dir='ltr'>mmmm</span> <span class='ocrx_word' id='word_1_284' title='bbox 1126 267 1168 289; x_wconf 70' lang='grc' dir='ltr'>ΡΜ</span> <span class='ocrx_word' id='word_1_285' title='bbox 1198 266 1357 288; x_wconf 66' lang='grc' dir='ltr'><strong>ΚΟΜΛΝΗΜ</strong></span> 
     </span>
    </p>
   </div>
   <div class='ocr_carea' id='block_1_5' title="bbox 1176 316 1938 2700">
    <p class='ocr_par' dir='ltr' id='par_1_5' title="bbox 1176 316 1938 2700">
     <span class='ocr_line' id='line_1_52' title="bbox 1177 316 1926 360; baseline -0.003 -5"><span class='ocrx_word' id='word_1_286' title='bbox 1177 322 1295 356; x_wconf 84' lang='lat' dir='ltr'>sensam</span> <span class='ocrx_word' id='word_1_287' title='bbox 1329 318 1521 360; x_wconf 78' lang='lat' dir='ltr'>huiusmodi,</span> <span class='ocrx_word' id='word_1_288' title='bbox 1551 325 1581 350; x_wconf 91' lang='lat' dir='ltr'>nt</span> <span class='ocrx_word' id='word_1_289' title='bbox 1616 316 1759 352; x_wconf 83' lang='lat' dir='ltr'>turbetur</span> <span class='ocrx_word' id='word_1_290' title='bbox 1786 318 1831 353; x_wconf 89' lang='lat' dir='ltr'>vel</span> <span class='ocrx_word' id='word_1_291' title='bbox 1862 319 1926 353; x_wconf 88' lang='lat' dir='ltr'>im—</span> 
     </span>
     <span class='ocr_line' id='line_1_53' title="bbox 1178 365 1926 417; baseline -0.004 -12"><span class='ocrx_word' id='word_1_292' title='bbox 1178 370 1322 417; x_wconf 84' lang='lat' dir='ltr'>pediatur</span> <span class='ocrx_word' id='word_1_293' title='bbox 1343 367 1568 415; x_wconf 80' lang='lat' dir='ltr'>quodcumque</span> <span class='ocrx_word' id='word_1_294' title='bbox 1592 366 1630 400; x_wconf 88' lang='lat' dir='ltr'>de</span> <span class='ocrx_word' id='word_1_295' title='bbox 1653 365 1743 401; x_wconf 89' lang='lat' dir='ltr'>dictis</span> <span class='ocrx_word' id='word_1_296' title='bbox 1771 368 1926 414; x_wconf 81' lang='lat' dir='ltr'>capitulis,</span> 
     </span>
     <span class='ocr_line' id='line_1_54' title="bbox 1176 415 1926 464; baseline -0.001 -11"><span class='ocrx_word' id='word_1_297' title='bbox 1176 420 1311 454; x_wconf 73' lang='lat' dir='ltr'>scienter</span> <span class='ocrx_word' id='word_1_298' title='bbox 1344 427 1374 452; x_wconf 86' lang='lat' dir='ltr'>et</span> <span class='ocrx_word' id='word_1_299' title='bbox 1408 430 1445 451; x_wconf 83' lang='lat' dir='ltr'>ex</span> <span class='ocrx_word' id='word_1_300' title='bbox 1481 416 1640 464; x_wconf 86' lang='lat' dir='ltr'>proposito</span> <span class='ocrx_word' id='word_1_301' title='bbox 1681 415 1756 450; x_wconf 85' lang='lat' dir='ltr'>tales</span> <span class='ocrx_word' id='word_1_302' title='bbox 1790 416 1926 457; x_wconf 80' lang='lat' dir='ltr'>duxerit,</span> 
     </span>
     <span class='ocr_line' id='line_1_55' title="bbox 1179 464 1928 513; baseline -0.001 -12"><span class='ocrx_word' id='word_1_303' title='bbox 1179 469 1222 502; x_wconf 85' lang='lat' dir='ltr'>vel</span> <span class='ocrx_word' id='word_1_304' title='bbox 1251 469 1326 503; x_wconf 78' lang='lat' dir='ltr'>alias</span> <span class='ocrx_word' id='word_1_305' title='bbox 1350 467 1497 510; x_wconf 83' lang='lat' dir='ltr'>tenuerit,</span> <span class='ocrx_word' id='word_1_306' title='bbox 1525 479 1581 500; x_wconf 65' lang='lat' dir='ltr'>seu</span> <span class='ocrx_word' id='word_1_307' title='bbox 1611 465 1647 498; x_wconf 83' lang='lat' dir='ltr'>ad</span> <span class='ocrx_word' id='word_1_308' title='bbox 1677 465 1735 499; x_wconf 90' lang='lat' dir='ltr'>boc</span> <span class='ocrx_word' id='word_1_309' title='bbox 1761 464 1928 513; x_wconf 89' lang='lat' dir='ltr'>disposue—</span> 
     </span>
     <span class='ocr_line' id='line_1_56' title="bbox 1178 514 1928 552; baseline -0.003 0"><span class='ocrx_word' id='word_1_310' title='bbox 1178 519 1214 552; x_wconf 81' lang='lat' dir='ltr'>rit</span> <span class='ocrx_word' id='word_1_311' title='bbox 1249 526 1300 552; x_wconf 84' lang='lat' dir='ltr'>aut</span> <span class='ocrx_word' id='word_1_312' title='bbox 1327 517 1543 551; x_wconf 75' lang='lat' dir='ltr'>convocaverit</span> <span class='ocrx_word' id='word_1_313' title='bbox 1568 516 1611 549; x_wconf 87' lang='lat' dir='ltr'>vel</span> <span class='ocrx_word' id='word_1_314' title='bbox 1635 515 1801 549; x_wconf 86' lang='lat' dir='ltr'>convocari</span> <span class='ocrx_word' id='word_1_315' title='bbox 1844 514 1928 550; x_wconf 81' lang='lat' dir='ltr'>fece-</span> 
     </span>
     <span class='ocr_line' id='line_1_57' title="bbox 1179 563 1930 611; baseline -0.003 -10"><span class='ocrx_word' id='word_1_316' title='bbox 1179 568 1232 608; x_wconf 83' lang='lat' dir='ltr'>rit;</span> <span class='ocrx_word' id='word_1_317' title='bbox 1255 576 1282 601; x_wconf 78' lang='lat' dir='ltr'>et</span> <span class='ocrx_word' id='word_1_318' title='bbox 1308 567 1444 601; x_wconf 86' lang='lat' dir='ltr'>turbatio</span> <span class='ocrx_word' id='word_1_319' title='bbox 1465 566 1509 600; x_wconf 80' lang='lat' dir='ltr'>rel</span> <span class='ocrx_word' id='word_1_320' title='bbox 1534 563 1798 611; x_wconf 81' lang='lat' dir='ltr'>impedimentum</span> <span class='ocrx_word' id='word_1_321' title='bbox 1822 564 1930 600; x_wconf 80' lang='lat' dir='ltr'>liuius—</span> 
     </span>
     <span class='ocr_line' id='line_1_58' title="bbox 1178 613 1928 663; baseline -0.004 -12"><span class='ocrx_word' id='word_1_322' title='bbox 1178 617 1275 660; x_wconf 82' lang='lat' dir='ltr'>modi,</span> <span class='ocrx_word' id='word_1_323' title='bbox 1303 616 1327 650; x_wconf 93' lang='lat' dir='ltr'>si</span> <span class='ocrx_word' id='word_1_324' title='bbox 1355 615 1457 663; x_wconf 84' lang='lat' dir='ltr'>aliqua</span> <span class='ocrx_word' id='word_1_325' title='bbox 1481 627 1517 649; x_wconf 78' lang='lat' dir='ltr'>ex</span> <span class='ocrx_word' id='word_1_326' title='bbox 1540 615 1586 648; x_wconf 82' lang='lat' dir='ltr'>eis</span> <span class='ocrx_word' id='word_1_327' title='bbox 1602 613 1718 648; x_wconf 81' lang='lat' dir='ltr'>fuerint</span> <span class='ocrx_word' id='word_1_328' title='bbox 1741 613 1928 655; x_wconf 78' lang='lat' dir='ltr'>subsecuta3</span> 
     </span>
     <span class='ocr_line' id='line_1_59' title="bbox 1179 663 1928 713; baseline -0.004 -12"><span class='ocrx_word' id='word_1_329' title='bbox 1179 676 1207 701; x_wconf 90' lang='lat' dir='ltr'>et</span> <span class='ocrx_word' id='word_1_330' title='bbox 1230 667 1282 713; x_wconf 90' lang='lat' dir='ltr'>qui</span> <span class='ocrx_word' id='word_1_331' title='bbox 1306 665 1507 700; x_wconf 81' lang='lat' dir='ltr'>consentiens</span> <span class='ocrx_word' id='word_1_332' title='bbox 1532 663 1669 699; x_wconf 85' lang='lat' dir='ltr'>extiterit</span> <span class='ocrx_word' id='word_1_333' title='bbox 1691 664 1720 698; x_wconf 93' lang='lat' dir='ltr'>in</span> <span class='ocrx_word' id='word_1_334' title='bbox 1750 663 1928 711; x_wconf 82' lang='lat' dir='ltr'>praedictis,</span> 
     </span>
     <span class='ocr_line' id='line_1_60' title="bbox 1180 713 1929 763; baseline 0 -15"><span class='ocrx_word' id='word_1_335' title='bbox 1180 717 1224 751; x_wconf 79' lang='lat' dir='ltr'>vel</span> <span class='ocrx_word' id='word_1_336' title='bbox 1253 716 1359 763; x_wconf 80' lang='lat' dir='ltr'>aliquo</span> <span class='ocrx_word' id='word_1_337' title='bbox 1381 714 1579 758; x_wconf 85' lang='lat' dir='ltr'>eorumdem,</span> <span class='ocrx_word' id='word_1_338' title='bbox 1602 722 1653 748; x_wconf 85' lang='lat' dir='ltr'>aut</span> <span class='ocrx_word' id='word_1_339' title='bbox 1686 713 1764 748; x_wconf 86' lang='lat' dir='ltr'>dans</span> <span class='ocrx_word' id='word_1_340' title='bbox 1792 713 1929 749; x_wconf 86' lang='lat' dir='ltr'>scienter</span> 
     </span>
     <span class='ocr_line' id='line_1_61' title="bbox 1177 762 1929 812; baseline -0.005 -12"><span class='ocrx_word' id='word_1_341' title='bbox 1177 775 1208 801; x_wconf 83' lang='lat' dir='ltr'>et</span> <span class='ocrx_word' id='word_1_342' title='bbox 1231 779 1266 800; x_wconf 82' lang='lat' dir='ltr'>ex</span> <span class='ocrx_word' id='word_1_343' title='bbox 1296 765 1458 812; x_wconf 89' lang='lat' dir='ltr'>proposito</span> <span class='ocrx_word' id='word_1_344' title='bbox 1490 763 1655 802; x_wconf 88' lang='lat' dir='ltr'>auxilium,</span> <span class='ocrx_word' id='word_1_345' title='bbox 1691 762 1859 798; x_wconf 84' lang='lat' dir='ltr'>consilium</span> <span class='ocrx_word' id='word_1_346' title='bbox 1883 762 1929 797; x_wconf 91' lang='lat' dir='ltr'>vel</span> 
     </span>
     <span class='ocr_line' id='line_1_62' title="bbox 1179 813 1929 861; baseline -0.004 -11"><span class='ocrx_word' id='word_1_347' title='bbox 1179 816 1327 854; x_wconf 79' lang='lat' dir='ltr'>savorem,</span> <span class='ocrx_word' id='word_1_348' title='bbox 1351 816 1419 861; x_wconf 88' lang='lat' dir='ltr'>ipso</span> <span class='ocrx_word' id='word_1_349' title='bbox 1442 813 1522 848; x_wconf 82' lang='lat' dir='ltr'>facto</span> <span class='ocrx_word' id='word_1_350' title='bbox 1544 813 1730 848; x_wconf 86' lang='lat' dir='ltr'>sententiam</span> <span class='ocrx_word' id='word_1_351' title='bbox 1750 825 1929 848; x_wconf 84' lang='lat' dir='ltr'>excommu-</span> 
     </span>
     <span class='ocr_line' id='line_1_63' title="bbox 1180 862 1928 910; baseline -0.003 -11"><span class='ocrx_word' id='word_1_352' title='bbox 1180 865 1346 900; x_wconf 84' lang='lat' dir='ltr'>nicationis</span> <span class='ocrx_word' id='word_1_353' title='bbox 1379 865 1526 898; x_wconf 77' lang='lat' dir='ltr'>incurrat.</span> <span class='ocrx_word' id='word_1_354' title='bbox 1563 863 1587 897; x_wconf 86' lang='grc' dir='ltr'>Α</span> <span class='ocrx_word' id='word_1_355' title='bbox 1615 874 1675 910; x_wconf 84' lang='lat' dir='ltr'>qna</span> <span class='ocrx_word' id='word_1_356' title='bbox 1708 862 1881 903; x_wconf 78' lang='lat' dir='ltr'>dumtaxat,</span> <span class='ocrx_word' id='word_1_357' title='bbox 1904 863 1928 897; x_wconf 85' lang='lat' dir='ltr'>si</span> 
     </span>
     <span class='ocr_line' id='line_1_64' title="bbox 1179 912 1931 959; baseline -0.003 -11"><span class='ocrx_word' id='word_1_358' title='bbox 1179 916 1217 950; x_wconf 83' lang='lat' dir='ltr'>sit</span> <span class='ocrx_word' id='word_1_359' title='bbox 1245 914 1342 949; x_wconf 86' lang='lat' dir='ltr'>abbas</span> <span class='ocrx_word' id='word_1_360' title='bbox 1365 914 1410 948; x_wconf 85' lang='lat' dir='ltr'>vel</span> <span class='ocrx_word' id='word_1_361' title='bbox 1431 925 1580 947; x_wconf 81' lang='lat' dir='ltr'>monacus</span> <span class='ocrx_word' id='word_1_362' title='bbox 1606 912 1704 959; x_wconf 87' lang='lat' dir='ltr'>ipsius</span> <span class='ocrx_word' id='word_1_363' title='bbox 1726 912 1858 957; x_wconf 82' lang='lat' dir='ltr'>ordinis,</span> <span class='ocrx_word' id='word_1_364' title='bbox 1875 924 1931 959; x_wconf 87' lang='lat' dir='ltr'>per</span> 
     </span>
     <span class='ocr_line' id='line_1_65' title="bbox 1181 962 1929 1012; baseline -0.004 -13"><span class='ocrx_word' id='word_1_365' title='bbox 1181 964 1396 1012; x_wconf 80' lang='lat' dir='ltr'>praesidentes</span> <span class='ocrx_word' id='word_1_366' title='bbox 1418 962 1556 1010; x_wconf 85' lang='lat' dir='ltr'>capitulo</span> <span class='ocrx_word' id='word_1_367' title='bbox 1585 962 1779 1009; x_wconf 83' lang='lat' dir='ltr'>provinciali,</span> <span class='ocrx_word' id='word_1_368' title='bbox 1802 975 1859 997; x_wconf 84' lang='lat' dir='ltr'>seu</span> <span class='ocrx_word' id='word_1_369' title='bbox 1883 973 1929 996; x_wconf 91' lang='lat' dir='ltr'>eo-</span> 
     </span>
     <span class='ocr_line' id='line_1_66' title="bbox 1180 1011 1928 1061; baseline -0.005 -12"><span class='ocrx_word' id='word_1_370' title='bbox 1180 1028 1247 1049; x_wconf 92' lang='lat' dir='ltr'>rum</span> <span class='ocrx_word' id='word_1_371' title='bbox 1267 1014 1418 1061; x_wconf 88' lang='lat' dir='ltr'>aliquem,</span> <span class='ocrx_word' id='word_1_372' title='bbox 1434 1022 1583 1060; x_wconf 84' lang='lat' dir='ltr'>quantum</span> <span class='ocrx_word' id='word_1_373' title='bbox 1608 1011 1644 1045; x_wconf 90' lang='lat' dir='ltr'>ad</span> <span class='ocrx_word' id='word_1_374' title='bbox 1662 1023 1709 1052; x_wconf 76' lang='lat' dir='ltr'>ea,</span> <span class='ocrx_word' id='word_1_375' title='bbox 1725 1024 1806 1059; x_wconf 89' lang='lat' dir='ltr'>quac</span> <span class='ocrx_word' id='word_1_376' title='bbox 1825 1012 1928 1059; x_wconf 88' lang='lat' dir='ltr'>ipsum</span> 
     </span>
     <span class='ocr_line' id='line_1_67' title="bbox 1179 1063 1931 1112; baseline -0.004 -14"><span class='ocrx_word' id='word_1_377' title='bbox 1179 1064 1353 1112; x_wconf 75' lang='lat' dir='ltr'>capitulum</span> <span class='ocrx_word' id='word_1_378' title='bbox 1378 1063 1566 1110; x_wconf 87' lang='lat' dir='ltr'>provinciale</span> <span class='ocrx_word' id='word_1_379' title='bbox 1594 1070 1801 1096; x_wconf 87' lang='lat' dir='ltr'>concernent:</span> <span class='ocrx_word' id='word_1_380' title='bbox 1830 1073 1931 1108; x_wconf 86' lang='lat' dir='ltr'>quan-</span> 
     </span>
     <span class='ocr_line' id='line_1_68' title="bbox 1179 1110 1931 1158; baseline -0.007 -9"><span class='ocrx_word' id='word_1_381' title='bbox 1179 1123 1245 1149; x_wconf 88' lang='lat' dir='ltr'>tum</span> <span class='ocrx_word' id='word_1_382' title='bbox 1274 1126 1346 1148; x_wconf 83' lang='lat' dir='ltr'>vero</span> <span class='ocrx_word' id='word_1_383' title='bbox 1374 1113 1410 1146; x_wconf 92' lang='lat' dir='ltr'>ad</span> <span class='ocrx_word' id='word_1_384' title='bbox 1440 1112 1488 1146; x_wconf 86' lang='lat' dir='ltr'>illa</span> <span class='ocrx_word' id='word_1_385' title='bbox 1517 1111 1555 1145; x_wconf 83' lang='lat' dir='ltr'>de</span> <span class='ocrx_word' id='word_1_386' title='bbox 1579 1110 1747 1158; x_wconf 87' lang='lat' dir='ltr'>praedictis</span> <span class='ocrx_word' id='word_1_387' title='bbox 1769 1123 1848 1158; x_wconf 86' lang='lat' dir='ltr'>quae</span> <span class='ocrx_word' id='word_1_388' title='bbox 1873 1123 1931 1145; x_wconf 87' lang='lat' dir='ltr'>an-</span> 
     </span>
     <span class='ocr_line' id='line_1_69' title="bbox 1181 1161 1929 1209; baseline -0.007 -10"><span class='ocrx_word' id='word_1_389' title='bbox 1181 1165 1272 1199; x_wconf 88' lang='lat' dir='ltr'>nuale</span> <span class='ocrx_word' id='word_1_390' title='bbox 1304 1163 1475 1209; x_wconf 89' lang='lat' dir='ltr'>capitulum</span> <span class='ocrx_word' id='word_1_391' title='bbox 1506 1162 1550 1196; x_wconf 90' lang='lat' dir='ltr'>vel</span> <span class='ocrx_word' id='word_1_392' title='bbox 1586 1161 1752 1195; x_wconf 86' lang='lat' dir='ltr'>ecclesiam</span> <span class='ocrx_word' id='word_1_393' title='bbox 1774 1172 1828 1195; x_wconf 83' lang='lat' dir='ltr'>seu</span> <span class='ocrx_word' id='word_1_394' title='bbox 1859 1172 1929 1194; x_wconf 90' lang='lat' dir='ltr'>mo-</span> 
     </span>
     <span class='ocr_line' id='line_1_70' title="bbox 1182 1209 1932 1255; baseline -0.005 -8"><span class='ocrx_word' id='word_1_395' title='bbox 1182 1214 1365 1255; x_wconf 75' lang='lat' dir='ltr'>nasterinm,</span> <span class='ocrx_word' id='word_1_396' title='bbox 1388 1221 1438 1246; x_wconf 86' lang='lat' dir='ltr'>ant</span> <span class='ocrx_word' id='word_1_397' title='bbox 1463 1211 1558 1245; x_wconf 88' lang='lat' dir='ltr'>alium</span> <span class='ocrx_word' id='word_1_398' title='bbox 1580 1211 1698 1253; x_wconf 86' lang='lat' dir='ltr'>locum,</span> <span class='ocrx_word' id='word_1_399' title='bbox 1722 1210 1772 1245; x_wconf 88' lang='lat' dir='ltr'>ubi</span> <span class='ocrx_word' id='word_1_400' title='bbox 1797 1209 1932 1245; x_wconf 85' lang='lat' dir='ltr'>celebra-</span> 
     </span>
     <span class='ocr_line' id='line_1_71' title="bbox 1182 1260 1930 1308; baseline -0.005 -11"><span class='ocrx_word' id='word_1_401' title='bbox 1182 1263 1264 1297; x_wconf 89' lang='lat' dir='ltr'>bitur</span> <span class='ocrx_word' id='word_1_402' title='bbox 1286 1262 1421 1297; x_wconf 85' lang='lat' dir='ltr'>annuale</span> <span class='ocrx_word' id='word_1_403' title='bbox 1445 1261 1619 1308; x_wconf 88' lang='lat' dir='ltr'>capitulum</span> <span class='ocrx_word' id='word_1_404' title='bbox 1645 1260 1852 1300; x_wconf 87' lang='lat' dir='ltr'>antedictum,</span> <span class='ocrx_word' id='word_1_405' title='bbox 1874 1271 1930 1293; x_wconf 88' lang='lat' dir='ltr'>seu</span> 
     </span>
     <span class='ocr_line' id='line_1_72' title="bbox 1182 1310 1932 1360; baseline -0.007 -13"><span class='ocrx_word' id='word_1_406' title='bbox 1182 1325 1330 1360; x_wconf 83' lang='lat' dir='ltr'>personas</span> <span class='ocrx_word' id='word_1_407' title='bbox 1366 1320 1418 1345; x_wconf 86' lang='lat' dir='ltr'>aut</span> <span class='ocrx_word' id='word_1_408' title='bbox 1442 1311 1521 1345; x_wconf 90' lang='lat' dir='ltr'>bona</span> <span class='ocrx_word' id='word_1_409' title='bbox 1550 1321 1657 1344; x_wconf 88' lang='lat' dir='ltr'>eorum</span> <span class='ocrx_word' id='word_1_410' title='bbox 1696 1310 1740 1343; x_wconf 80' lang='lat' dir='ltr'>vel</span> <span class='ocrx_word' id='word_1_411' title='bbox 1763 1310 1821 1344; x_wconf 86' lang='lat' dir='ltr'>alia</span> <span class='ocrx_word' id='word_1_412' title='bbox 1854 1320 1932 1343; x_wconf 86' lang='lat' dir='ltr'>con—</span> 
     </span>
     <span class='ocr_line' id='line_1_73' title="bbox 1180 1358 1932 1408; baseline -0.007 -11"><span class='ocrx_word' id='word_1_413' title='bbox 1180 1369 1357 1402; x_wconf 78' lang='lat' dir='ltr'>cernerent,</span> <span class='ocrx_word' id='word_1_414' title='bbox 1387 1373 1440 1408; x_wconf 84' lang='lat' dir='ltr'>per</span> <span class='ocrx_word' id='word_1_415' title='bbox 1462 1359 1606 1394; x_wconf 83' lang='lat' dir='ltr'>abbatem</span> <span class='ocrx_word' id='word_1_416' title='bbox 1630 1359 1676 1393; x_wconf 88' lang='lat' dir='ltr'>vel</span> <span class='ocrx_word' id='word_1_417' title='bbox 1699 1358 1795 1393; x_wconf 89' lang='lat' dir='ltr'>alium</span> <span class='ocrx_word' id='word_1_418' title='bbox 1823 1358 1932 1393; x_wconf 83' lang='lat' dir='ltr'>liuius-</span> 
     </span>
     <span class='ocr_line' id='line_1_74' title="bbox 1182 1408 1931 1456; baseline -0.007 -10"><span class='ocrx_word' id='word_1_419' title='bbox 1182 1412 1264 1446; x_wconf 89' lang='lat' dir='ltr'>modi</span> <span class='ocrx_word' id='word_1_420' title='bbox 1293 1411 1419 1445; x_wconf 89' lang='lat' dir='ltr'>annnali</span> <span class='ocrx_word' id='word_1_421' title='bbox 1447 1409 1586 1456; x_wconf 87' lang='lat' dir='ltr'>capitulo</span> <span class='ocrx_word' id='word_1_422' title='bbox 1615 1408 1844 1456; x_wconf 83' lang='lat' dir='ltr'>praesidentem</span> <span class='ocrx_word' id='word_1_423' title='bbox 1872 1419 1931 1441; x_wconf 78' lang='lat' dir='ltr'>au-</span> 
     </span>
     <span class='ocr_line' id='line_1_75' title="bbox 1181 1459 1930 1507; baseline -0.005 -12"><span class='ocrx_word' id='word_1_424' title='bbox 1181 1462 1322 1496; x_wconf 87' lang='lat' dir='ltr'>ctoritate</span> <span class='ocrx_word' id='word_1_425' title='bbox 1363 1460 1551 1507; x_wconf 85' lang='lat' dir='ltr'>apostolica:</span> <span class='ocrx_word' id='word_1_426' title='bbox 1588 1459 1765 1493; x_wconf 84' lang='lat' dir='ltr'>saeculares</span> <span class='ocrx_word' id='word_1_427' title='bbox 1798 1470 1870 1493; x_wconf 68' lang='lat' dir='ltr'>vero</span> <span class='ocrx_word' id='word_1_428' title='bbox 1902 1465 1930 1491; x_wconf 90' lang='lat' dir='ltr'>et</span> 
     </span>
     <span class='ocr_line' id='line_1_76' title="bbox 1181 1507 1932 1556; baseline -0.001 -13"><span class='ocrx_word' id='word_1_429' title='bbox 1181 1510 1229 1544; x_wconf 78' lang='lat' dir='ltr'>alii</span> <span class='ocrx_word' id='word_1_430' title='bbox 1259 1510 1393 1556; x_wconf 78' lang='lat' dir='ltr'>religiosi</span> <span class='ocrx_word' id='word_1_431' title='bbox 1423 1522 1437 1544; x_wconf 90' lang='lat' dir='ltr'>a</span> <span class='ocrx_word' id='word_1_432' title='bbox 1471 1508 1639 1543; x_wconf 79' lang='lat' dir='ltr'>sententiis</span> <span class='ocrx_word' id='word_1_433' title='bbox 1667 1507 1848 1542; x_wconf 86' lang='lat' dir='ltr'>huiusmodi</span> <span class='ocrx_word' id='word_1_434' title='bbox 1877 1519 1932 1554; x_wconf 82' lang='lat' dir='ltr'>per</span> 
     </span>
     <span class='ocr_line' id='line_1_77' title="bbox 1181 1557 1930 1597; baseline -0.004 -3"><span class='ocrx_word' id='word_1_435' title='bbox 1181 1561 1320 1595; x_wconf 82' lang='lat' dir='ltr'>locorum</span> <span class='ocrx_word' id='word_1_436' title='bbox 1360 1558 1548 1597; x_wconf 76' lang='lat' dir='ltr'>ordinarios,</span> <span class='ocrx_word' id='word_1_437' title='bbox 1577 1567 1650 1592; x_wconf 87' lang='lat' dir='ltr'>tunc</span> <span class='ocrx_word' id='word_1_438' title='bbox 1677 1557 1819 1596; x_wconf 89' lang='lat' dir='ltr'>demum,</span> <span class='ocrx_word' id='word_1_439' title='bbox 1859 1569 1930 1591; x_wconf 90' lang='lat' dir='ltr'>curn</span> 
     </span>
     <span class='ocr_line' id='line_1_78' title="bbox 1180 1607 1931 1655; baseline -0.004 -12"><span class='ocrx_word' id='word_1_440' title='bbox 1180 1609 1425 1645; x_wconf 82' lang='lat' dir='ltr'>satisfactionem</span> <span class='ocrx_word' id='word_1_441' title='bbox 1452 1607 1662 1655; x_wconf 86' lang='lat' dir='ltr'>impenderint</span> <span class='ocrx_word' id='word_1_442' title='bbox 1690 1614 1931 1652; x_wconf 75' lang='lat' dir='ltr'>congruentem,</span> 
     </span>
     <span class='ocr_line' id='line_1_79' title="bbox 1180 1655 1932 1705; baseline -0.004 -12"><span class='ocrx_word' id='word_1_443' title='bbox 1180 1669 1209 1693; x_wconf 82' lang='lat' dir='ltr'>et</span> <span class='ocrx_word' id='word_1_444' title='bbox 1233 1672 1294 1693; x_wconf 88' lang='lat' dir='ltr'>non</span> <span class='ocrx_word' id='word_1_445' title='bbox 1317 1667 1399 1698; x_wconf 84' lang='lat' dir='ltr'>ante,</span> <span class='ocrx_word' id='word_1_446' title='bbox 1435 1657 1553 1705; x_wconf 82' lang='lat' dir='ltr'>possint</span> <span class='ocrx_word' id='word_1_447' title='bbox 1588 1655 1721 1691; x_wconf 81' lang='lat' dir='ltr'>absolvi:</span> <span class='ocrx_word' id='word_1_448' title='bbox 1755 1656 1813 1691; x_wconf 93' lang='lat' dir='ltr'>nisi</span> <span class='ocrx_word' id='word_1_449' title='bbox 1837 1668 1932 1691; x_wconf 87' lang='lat' dir='ltr'>com-</span> 
     </span>
     <span class='ocr_line' id='line_1_80' title="bbox 1182 1705 1933 1753; baseline -0.005 -10"><span class='ocrx_word' id='word_1_450' title='bbox 1182 1709 1273 1743; x_wconf 89' lang='lat' dir='ltr'>missa</span> <span class='ocrx_word' id='word_1_451' title='bbox 1315 1707 1496 1742; x_wconf 86' lang='lat' dir='ltr'>huiusmodi</span> <span class='ocrx_word' id='word_1_452' title='bbox 1534 1706 1605 1741; x_wconf 87' lang='lat' dir='ltr'>talia</span> <span class='ocrx_word' id='word_1_453' title='bbox 1643 1705 1770 1747; x_wconf 80' lang='lat' dir='ltr'>fuerint,</span> <span class='ocrx_word' id='word_1_454' title='bbox 1805 1714 1933 1753; x_wconf 87' lang='lat' dir='ltr'>propter</span> 
     </span>
     <span class='ocr_line' id='line_1_81' title="bbox 1180 1755 1931 1806; baseline -0.004 -14"><span class='ocrx_word' id='word_1_455' title='bbox 1180 1758 1264 1806; x_wconf 87' lang='lat' dir='ltr'>qnod</span> <span class='ocrx_word' id='word_1_456' title='bbox 1286 1757 1388 1792; x_wconf 77' lang='lat' dir='ltr'>Sedes</span> <span class='ocrx_word' id='word_1_457' title='bbox 1416 1756 1596 1804; x_wconf 84' lang='lat' dir='ltr'>Apostolica</span> <span class='ocrx_word' id='word_1_458' title='bbox 1615 1763 1698 1790; x_wconf 85' lang='lat' dir='ltr'>esset</span> <span class='ocrx_word' id='word_1_459' title='bbox 1722 1755 1834 1790; x_wconf 86' lang='lat' dir='ltr'>merito</span> <span class='ocrx_word' id='word_1_460' title='bbox 1852 1767 1931 1790; x_wconf 87' lang='lat' dir='ltr'>con—</span> 
     </span>
     <span class='ocr_line' id='line_1_82' title="bbox 1180 1805 1932 1845; baseline -0.005 -3"><span class='ocrx_word' id='word_1_461' title='bbox 1180 1808 1324 1842; x_wconf 80' lang='lat' dir='ltr'>sulenda.</span> <span class='ocrx_word' id='word_1_462' title='bbox 1353 1807 1391 1841; x_wconf 84' lang='lat' dir='ltr'>Et</span> <span class='ocrx_word' id='word_1_463' title='bbox 1418 1808 1442 1841; x_wconf 81' lang='lat' dir='ltr'>si</span> <span class='ocrx_word' id='word_1_464' title='bbox 1473 1818 1566 1845; x_wconf 76' lang='lat' dir='ltr'>mors,</span> <span class='ocrx_word' id='word_1_465' title='bbox 1602 1806 1646 1839; x_wconf 81' lang='lat' dir='ltr'>rel</span> <span class='ocrx_word' id='word_1_466' title='bbox 1675 1805 1807 1840; x_wconf 89' lang='lat' dir='ltr'>membri</span> <span class='ocrx_word' id='word_1_467' title='bbox 1837 1805 1932 1839; x_wconf 89' lang='lat' dir='ltr'>muti-</span> 
     </span>
     <span class='ocr_line' id='line_1_83' title="bbox 1181 1856 1931 1902; baseline -0.004 -10"><span class='ocrx_word' id='word_1_468' title='bbox 1181 1858 1265 1899; x_wconf 84' lang='lat' dir='ltr'>latio,</span> <span class='ocrx_word' id='word_1_469' title='bbox 1298 1870 1353 1892; x_wconf 83' lang='lat' dir='ltr'>seu</span> <span class='ocrx_word' id='word_1_470' title='bbox 1383 1856 1555 1891; x_wconf 86' lang='lat' dir='ltr'>debilitatio</span> <span class='ocrx_word' id='word_1_471' title='bbox 1594 1856 1729 1890; x_wconf 83' lang='lat' dir='ltr'>alieuius</span> <span class='ocrx_word' id='word_1_472' title='bbox 1767 1863 1931 1902; x_wconf 76' lang='lat' dir='ltr'>perpetua,</span> 
     </span>
     <span class='ocr_line' id='line_1_84' title="bbox 1181 1903 1933 1954; baseline -0.005 -12"><span class='ocrx_word' id='word_1_473' title='bbox 1181 1907 1346 1942; x_wconf 71' lang='lat' dir='ltr'>occasione</span> <span class='ocrx_word' id='word_1_474' title='bbox 1375 1906 1626 1954; x_wconf 82' lang='lat' dir='ltr'>praedictorum,</span> <span class='ocrx_word' id='word_1_475' title='bbox 1653 1912 1779 1940; x_wconf 84' lang='lat' dir='ltr'>secutae</span> <span class='ocrx_word' id='word_1_476' title='bbox 1802 1903 1933 1947; x_wconf 77' lang='lat' dir='ltr'>suerint,</span> 
     </span>
     <span class='ocr_line' id='line_1_85' title="bbox 1182 1953 1934 1992; baseline -0.007 0"><span class='ocrx_word' id='word_1_477' title='bbox 1182 1958 1250 1992; x_wconf 83' lang='lat' dir='ltr'>talis</span> <span class='ocrx_word' id='word_1_478' title='bbox 1279 1957 1394 1991; x_wconf 82' lang='lat' dir='ltr'>nedum</span> <span class='ocrx_word' id='word_1_479' title='bbox 1423 1957 1459 1990; x_wconf 90' lang='lat' dir='ltr'>ad</span> <span class='ocrx_word' id='word_1_480' title='bbox 1484 1955 1788 1990; x_wconf 89' lang='lat' dir='ltr'>administrationem</span> <span class='ocrx_word' id='word_1_481' title='bbox 1817 1954 1862 1988; x_wconf 81' lang='lat' dir='ltr'>vel</span> <span class='ocrx_word' id='word_1_482' title='bbox 1886 1953 1934 1987; x_wconf 81' lang='lat' dir='ltr'>of-</span> 
     </span>
     <span class='ocr_line' id='line_1_86' title="bbox 1183 2003 1934 2051; baseline -0.005 -10"><span class='ocrx_word' id='word_1_483' title='bbox 1183 2007 1288 2041; x_wconf 84' lang='lat' dir='ltr'>ficium</span> <span class='ocrx_word' id='word_1_484' title='bbox 1317 2019 1371 2041; x_wconf 92' lang='lat' dir='ltr'>seu</span> <span class='ocrx_word' id='word_1_485' title='bbox 1397 2006 1547 2040; x_wconf 84' lang='lat' dir='ltr'>beneficia</span> <span class='ocrx_word' id='word_1_486' title='bbox 1571 2004 1673 2051; x_wconf 87' lang='lat' dir='ltr'>aliqua</span> <span class='ocrx_word' id='word_1_487' title='bbox 1694 2005 1724 2038; x_wconf 91' lang='lat' dir='ltr'>in</span> <span class='ocrx_word' id='word_1_488' title='bbox 1748 2003 1860 2038; x_wconf 89' lang='lat' dir='ltr'>ordine</span> <span class='ocrx_word' id='word_1_489' title='bbox 1878 2016 1934 2038; x_wconf 89' lang='lat' dir='ltr'>seu</span> 
     </span>
     <span class='ocr_line' id='line_1_87' title="bbox 1183 2053 1934 2103; baseline -0.005 -12"><span class='ocrx_word' id='word_1_490' title='bbox 1183 2055 1536 2103; x_wconf 79' lang='lat' dir='ltr'>religionelminsmodi,</span> <span class='ocrx_word' id='word_1_491' title='bbox 1552 2053 1602 2088; x_wconf 88' lang='lat' dir='ltr'>vel</span> <span class='ocrx_word' id='word_1_492' title='bbox 1620 2053 1659 2088; x_wconf 91' lang='lat' dir='ltr'>ab</span> <span class='ocrx_word' id='word_1_493' title='bbox 1674 2054 1733 2088; x_wconf 92' lang='lat' dir='ltr'>illis</span> <span class='ocrx_word' id='word_1_494' title='bbox 1751 2053 1934 2093; x_wconf 83' lang='lat' dir='ltr'>obtinenda,</span> 
     </span>
     <span class='ocr_line' id='line_1_88' title="bbox 1183 2103 1935 2142; baseline -0.004 -2"><span class='ocrx_word' id='word_1_495' title='bbox 1183 2108 1293 2141; x_wconf 86' lang='lat' dir='ltr'>existat</span> <span class='ocrx_word' id='word_1_496' title='bbox 1317 2105 1482 2142; x_wconf 70' lang='lat' dir='ltr'>inhabilts2</span> <span class='ocrx_word' id='word_1_497' title='bbox 1515 2104 1569 2138; x_wconf 80' lang='lat' dir='ltr'>sed</span> <span class='ocrx_word' id='word_1_498' title='bbox 1598 2111 1628 2137; x_wconf 83' lang='lat' dir='ltr'>et</span> <span class='ocrx_word' id='word_1_499' title='bbox 1656 2103 1794 2138; x_wconf 88' lang='lat' dir='ltr'>obtentis</span> <span class='ocrx_word' id='word_1_500' title='bbox 1830 2104 1859 2137; x_wconf 89' lang='lat' dir='ltr'>in</span> <span class='ocrx_word' id='word_1_501' title='bbox 1889 2103 1935 2137; x_wconf 88' lang='lat' dir='ltr'>eis</span> 
     </span>
     <span class='ocr_line' id='line_1_89' title="bbox 1185 2153 1935 2203; baseline -0.003 -14"><span class='ocrx_word' id='word_1_502' title='bbox 1185 2156 1230 2190; x_wconf 85' lang='lat' dir='ltr'>vel</span> <span class='ocrx_word' id='word_1_503' title='bbox 1260 2156 1298 2191; x_wconf 89' lang='lat' dir='ltr'>ab</span> <span class='ocrx_word' id='word_1_504' title='bbox 1335 2156 1410 2203; x_wconf 83' lang='lat' dir='ltr'>ipsis</span> <span class='ocrx_word' id='word_1_505' title='bbox 1433 2157 1471 2189; x_wconf 70' lang='lat' dir='ltr'>sit</span> <span class='ocrx_word' id='word_1_506' title='bbox 1502 2167 1539 2189; x_wconf 89' lang='lat' dir='ltr'>eo</span> <span class='ocrx_word' id='word_1_507' title='bbox 1570 2155 1637 2200; x_wconf 90' lang='lat' dir='ltr'>ipso</span> <span class='ocrx_word' id='word_1_508' title='bbox 1675 2153 1828 2201; x_wconf 82' lang='lat' dir='ltr'>privatus:</span> <span class='ocrx_word' id='word_1_509' title='bbox 1855 2164 1935 2199; x_wconf 88' lang='lat' dir='ltr'>quae</span> 
     </span>
     <span class='ocr_line' id='line_1_90' title="bbox 1183 2202 1934 2251; baseline -0.005 -11"><span class='ocrx_word' id='word_1_510' title='bbox 1183 2207 1264 2250; x_wconf 74' lang='lat' dir='ltr'>aliis,</span> <span class='ocrx_word' id='word_1_511' title='bbox 1291 2215 1320 2240; x_wconf 84' lang='lat' dir='ltr'>et</span> <span class='ocrx_word' id='word_1_512' title='bbox 1356 2217 1417 2239; x_wconf 92' lang='lat' dir='ltr'>non</span> <span class='ocrx_word' id='word_1_513' title='bbox 1446 2205 1517 2243; x_wconf 84' lang='lat' dir='ltr'>sibi,</span> <span class='ocrx_word' id='word_1_514' title='bbox 1554 2215 1610 2251; x_wconf 84' lang='lat' dir='ltr'>per</span> <span class='ocrx_word' id='word_1_515' title='bbox 1638 2203 1737 2247; x_wconf 75' lang='lat' dir='ltr'>illum,</span> <span class='ocrx_word' id='word_1_516' title='bbox 1775 2202 1813 2237; x_wconf 88' lang='lat' dir='ltr'>ad</span> <span class='ocrx_word' id='word_1_517' title='bbox 1841 2214 1934 2250; x_wconf 88' lang='lat' dir='ltr'>quem</span> 
     </span>
     <span class='ocr_line' id='line_1_91' title="bbox 1184 2252 1935 2302; baseline -0.005 -12"><span class='ocrx_word' id='word_1_518' title='bbox 1184 2257 1308 2290; x_wconf 83' lang='lat' dir='ltr'>collatio</span> <span class='ocrx_word' id='word_1_519' title='bbox 1336 2264 1387 2290; x_wconf 79' lang='lat' dir='ltr'>ant</span> <span class='ocrx_word' id='word_1_520' title='bbox 1414 2255 1543 2302; x_wconf 81' lang='lat' dir='ltr'>quaevis</span> <span class='ocrx_word' id='word_1_521' title='bbox 1578 2253 1637 2288; x_wconf 89' lang='lat' dir='ltr'>alia</span> <span class='ocrx_word' id='word_1_522' title='bbox 1665 2252 1829 2300; x_wconf 88' lang='lat' dir='ltr'>dispositio</span> <span class='ocrx_word' id='word_1_523' title='bbox 1858 2264 1935 2299; x_wconf 85' lang='lat' dir='ltr'>per-</span> 
     </span>
     <span class='ocr_line' id='line_1_92' title="bbox 1185 2301 1936 2349; baseline -0.005 -10"><span class='ocrx_word' id='word_1_524' title='bbox 1185 2305 1325 2349; x_wconf 86' lang='lat' dir='ltr'>tinuerit,</span> <span class='ocrx_word' id='word_1_525' title='bbox 1358 2305 1455 2340; x_wconf 86' lang='lat' dir='ltr'>libere</span> <span class='ocrx_word' id='word_1_526' title='bbox 1481 2304 1693 2342; x_wconf 80' lang='lat' dir='ltr'>conserantur,</span> <span class='ocrx_word' id='word_1_527' title='bbox 1716 2302 1762 2336; x_wconf 84' lang='lat' dir='ltr'>vel</span> <span class='ocrx_word' id='word_1_528' title='bbox 1790 2302 1870 2336; x_wconf 85' lang='lat' dir='ltr'>alius</span> <span class='ocrx_word' id='word_1_529' title='bbox 1897 2301 1936 2335; x_wconf 85' lang='lat' dir='ltr'>de</span> 
     </span>
     <span class='ocr_line' id='line_1_93' title="bbox 1186 2351 1937 2398; baseline -0.004 -10"><span class='ocrx_word' id='word_1_530' title='bbox 1186 2355 1246 2389; x_wconf 89' lang='lat' dir='ltr'>illis</span> <span class='ocrx_word' id='word_1_531' title='bbox 1273 2355 1423 2390; x_wconf 77' lang='lat' dir='ltr'>canonice</span> <span class='ocrx_word' id='word_1_532' title='bbox 1462 2354 1636 2389; x_wconf 88' lang='lat' dir='ltr'>ordinetur.</span> <span class='ocrx_word' id='word_1_533' title='bbox 1671 2351 1825 2387; x_wconf 85' lang='lat' dir='ltr'>Eamdem</span> <span class='ocrx_word' id='word_1_534' title='bbox 1854 2363 1937 2398; x_wconf 82' lang='lat' dir='ltr'>qno—</span> 
     </span>
     <span class='ocr_line' id='line_1_94' title="bbox 1185 2402 1936 2451; baseline -0.005 -12"><span class='ocrx_word' id='word_1_535' title='bbox 1185 2417 1247 2451; x_wconf 87' lang='lat' dir='ltr'>que</span> <span class='ocrx_word' id='word_1_536' title='bbox 1274 2406 1459 2439; x_wconf 85' lang='lat' dir='ltr'>sententiam</span> <span class='ocrx_word' id='word_1_537' title='bbox 1499 2402 1840 2438; x_wconf 84' lang='lat' dir='ltr'>excommunicationis</span> <span class='ocrx_word' id='word_1_538' title='bbox 1867 2403 1936 2449; x_wconf 88' lang='lat' dir='ltr'>ipso</span> 
     </span>
     <span class='ocr_line' id='line_1_95' title="bbox 1186 2451 1936 2501; baseline -0.005 -12"><span class='ocrx_word' id='word_1_539' title='bbox 1186 2454 1265 2489; x_wconf 82' lang='lat' dir='ltr'>sacto</span> <span class='ocrx_word' id='word_1_540' title='bbox 1300 2455 1435 2489; x_wconf 82' lang='lat' dir='ltr'>incurrat</span> <span class='ocrx_word' id='word_1_541' title='bbox 1463 2453 1607 2501; x_wconf 82' lang='lat' dir='ltr'>quilibet,</span> <span class='ocrx_word' id='word_1_542' title='bbox 1640 2452 1868 2498; x_wconf 86' lang='lat' dir='ltr'>cuiuscumque</span> <span class='ocrx_word' id='word_1_543' title='bbox 1897 2451 1936 2486; x_wconf 93' lang='lat' dir='ltr'>sit</span> 
     </span>
     <span class='ocr_line' id='line_1_96' title="bbox 1187 2501 1936 2551; baseline -0.004 -13"><span class='ocrx_word' id='word_1_544' title='bbox 1187 2506 1450 2551; x_wconf 53' lang='lat' dir='ltr'>praeeminentiae,</span> <span class='ocrx_word' id='word_1_545' title='bbox 1473 2504 1645 2550; x_wconf 78' lang='lat' dir='ltr'>dignitatis,</span> <span class='ocrx_word' id='word_1_546' title='bbox 1673 2511 1772 2537; x_wconf 84' lang='lat' dir='ltr'>status</span> <span class='ocrx_word' id='word_1_547' title='bbox 1797 2501 1936 2536; x_wconf 78' lang='lat' dir='ltr'>velcon—</span> 
     </span>
     <span class='ocr_line' id='line_1_97' title="bbox 1187 2550 1938 2601; baseline -0.007 -12"><span class='ocrx_word' id='word_1_548' title='bbox 1187 2554 1324 2594; x_wconf 83' lang='lat' dir='ltr'>ditionis,</span> <span class='ocrx_word' id='word_1_549' title='bbox 1352 2556 1404 2601; x_wconf 89' lang='lat' dir='ltr'>qui</span> <span class='ocrx_word' id='word_1_550' title='bbox 1434 2566 1488 2600; x_wconf 82' lang='lat' dir='ltr'>per</span> <span class='ocrx_word' id='word_1_551' title='bbox 1515 2565 1548 2588; x_wconf 86' lang='lat' dir='ltr'>se</span> <span class='ocrx_word' id='word_1_552' title='bbox 1579 2554 1624 2588; x_wconf 75' lang='lat' dir='ltr'>vel</span> <span class='ocrx_word' id='word_1_553' title='bbox 1649 2565 1702 2599; x_wconf 88' lang='lat' dir='ltr'>per</span> <span class='ocrx_word' id='word_1_554' title='bbox 1725 2552 1819 2586; x_wconf 89' lang='lat' dir='ltr'>alium</span> <span class='ocrx_word' id='word_1_555' title='bbox 1848 2550 1938 2585; x_wconf 85' lang='lat' dir='ltr'>mali-</span> 
     </span>
     <span class='ocr_line' id='line_1_98' title="bbox 1187 2599 1937 2651; baseline -0.005 -13"><span class='ocrx_word' id='word_1_556' title='bbox 1187 2605 1263 2639; x_wconf 79' lang='lat' dir='ltr'>tiose</span> <span class='ocrx_word' id='word_1_557' title='bbox 1304 2603 1519 2651; x_wconf 70' lang='lat' dir='ltr'>impediverit,</span> <span class='ocrx_word' id='word_1_558' title='bbox 1560 2603 1606 2637; x_wconf 78' lang='lat' dir='ltr'>vel</span> <span class='ocrx_word' id='word_1_559' title='bbox 1645 2601 1788 2648; x_wconf 88' lang='lat' dir='ltr'>impediri</span> <span class='ocrx_word' id='word_1_560' title='bbox 1831 2599 1937 2635; x_wconf 79' lang='lat' dir='ltr'>fecerit</span> 
     </span>
     <span class='ocr_line' id='line_1_99' title="bbox 1186 2649 1938 2700; baseline -0.008 -12"><span class='ocrx_word' id='word_1_561' title='bbox 1186 2654 1323 2688; x_wconf 83' lang='lat' dir='ltr'>scienter</span> <span class='ocrx_word' id='word_1_562' title='bbox 1363 2662 1392 2688; x_wconf 86' lang='lat' dir='ltr'>et</span> <span class='ocrx_word' id='word_1_563' title='bbox 1431 2665 1469 2687; x_wconf 80' lang='lat' dir='ltr'>ex</span> <span class='ocrx_word' id='word_1_564' title='bbox 1514 2654 1697 2700; x_wconf 86' lang='lat' dir='ltr'>proposito,</span> <span class='ocrx_word' id='word_1_565' title='bbox 1732 2663 1794 2698; x_wconf 90' lang='lat' dir='ltr'>quo</span> <span class='ocrx_word' id='word_1_566' title='bbox 1833 2649 1938 2684; x_wconf 90' lang='lat' dir='ltr'>minus</span> 
     </span>
    </p>
   </div>
   <div class='ocr_carea' id='block_1_6' title="bbox 1945 261 2124 287">
    <p class='ocr_par' dir='ltr' id='par_1_6' title="bbox 1945 261 2124 287">
     <span class='ocr_line' id='line_1_100' title="bbox 1945 261 2124 287; baseline -0.006 0"><span class='ocrx_word' id='word_1_567' title='bbox 1945 261 1993 287; x_wconf 81' lang='grc' dir='ltr'>Αη.</span> <span class='ocrx_word' id='word_1_568' title='bbox 2012 261 2031 286; x_wconf 74' lang='lat' dir='ltr'>C</span> <span class='ocrx_word' id='word_1_569' title='bbox 2059 261 2124 287; x_wconf 76' lang='lat'><strong>¹336</strong></span> 
     </span>
    </p>
   </div>
   <div class='ocr_carea' id='block_1_7' title="bbox 2255 1869 2274 2681">
    <p class='ocr_par' dir='ltr' id='par_1_7' title="bbox 2255 1869 2274 2681">
     <span class='ocr_line' id='line_1_101' title="bbox 2255 1869 2274 2681; baseline 0 0"><span class='ocrx_word' id='word_1_570' title='bbox 2255 1869 2274 2681; x_wconf 95' lang='lat' dir='ltr'> </span> 
     </span>
    </p>
   </div>
  </div>
 </body>
</html>
