2274 3265
118 276 167 302 Αιι,
186 276 214 301 Γ..
234 276 298 303 1385

958 279 1105 302 unBANUS
1128 281 1158 303 v}
1186 281 1231 303 ΙΨ.

1741 274 1811 305 3307»

313 339 360 365 cta
375 331 564 368 Sanctorum
589 346 686 381 prope
703 334 801 381 ipsam
818 334 1063 371 Laterauensern
1106 336 1287 382 collegiatas
1303 344 1332 371 et
1347 346 1482 378 curatas,
1505 340 1768 375 excommunicati
1794 354 1858 386 pu-

314 380 486 416 Ecclesiam
510 384 715 424 consistente,
744 385 907 418 retroactis
935 392 1065 432 tempo-

314 430 400 464 ribus
423 431 544 466 ruerant
564 441 758 473 conservata,
781 433 935 468 custodita
966 442 995 468 et
1025 434 1065 467 in-

315 487 393 513 tacta
418 491 634 527 permaneant,
663 494 781 529 poenas
803 495 912 529 graves
939 491 1066 518 contra-

315 528 394 562 rium
429 531 702 575 praesumentibus
731 531 924 574 inseramus,
955 544 1067 566 omues

314 586 342 611 et
362 578 515 624 singulos,
543 580 773 627 cuiuscumque
797 581 1065 627 prteetnineutiae,

313 627 485 672 ‹lignitatiS,
508 637 619 671 status,
643 629 770 675 gradus,
793 630 913 664 ordinis
930 631 974 664 vel
993 643 1067 664 con-

314 676 444 711 ditionis
471 677 643 717 extiterint,
667 679 789 713 etiamsi
819 679 987 726 imperiali,
1012 691 1067 713 re—

313 725 386 769 gali,
411 726 579 771 pontificali
604 727 650 760 vel
675 740 877 775 quacumque
899 728 956 762 alia
981 741 1067 775 prae·

314 773 457 808 fulserint
484 774 647 820 dignitate,
670 777 723 823 qui
747 777 826 811 dicta
855 778 969 824 capita,
993 790 1067 811 cru-

313 835 393 866 cem,
415 832 469 858 aut
500 825 577 858 alias
614 825 761 872 reliquias
783 835 963 861 sanctornm
993 839 1065 861 cum

313 873 370 915 eis,
388 881 418 905 ut
435 874 621 919 praefertur,
645 875 835 919 reconditas,
854 875 899 910 vel
914 876 1067 921 imagines

314 929 367 954 aut
394 933 505 967 capsas
528 923 573 955 vel
596 922 724 969 aliquod
748 936 802 958 seu
826 923 961 971 aliquem
981 926 1067 971 ipso-

315 982 382 1004 rum
406 979 458 1005 aut
482 971 619 1005 alicuius
637 984 747 1006 eorum
770 980 888 1019 partem
906 982 960 1008 aut
976 986 1067 1020 gem-

314 1031 391 1059 11135,
415 1021 610 1065 margaritas,
634 1021 740 1055 iocalia
763 1034 818 1056 seu
842 1031 971 1056 ornatus
991 1023 1069 1070 ipsis

315 1080 369 1102 seu
394 1069 532 1115 ipsarum
556 1069 643 1104 alteri
668 1070 881 1115 adhaerentia,
902 1072 1002 1118 palam
1021 1071 1067 1106 vel

315 1118 448 1158 occulte,
486 1118 637 1153 violenter
672 1120 716 1154 vel
754 1119 878 1164 furtive,
909 1121 1001 1155 etiam
1030 1120 1069 1155 de

314 1167 509 1201 couscientia
545 1169 771 1203 canonicorum
794 1178 824 1203 et
847 1170 973 1216 capituli
1008 1169 1068 1204 Ec·

314 1216 426 1251 clesiae
449 1216 671 1251 Lateraneusis
694 1218 847 1264 praefatae
871 1219 916 1253 vel
940 1219 1068 1253 alterius

316 1265 468 1311 ipsorum,
491 1266 670 1313 subripere,
685 1268 819 1304 auferre,
837 1276 998 1314 asportare
1012 1280 1066 1301 seu

314 1315 476 1349 destruere
499 1316 782 1363 praesumpserint,
806 1326 859 1351 aut
880 1317 949 1350 talia
980 1329 1069 1363 prae-

314 1373 477 1398 sumentes
492 1365 537 1398 vel
556 1366 823 1410 praesumentium
842 1365 978 1399 scienter
992 1366 1067 1399 socii

315 1413 430 1447 suerint
452 1425 509 1447 seu
531 1425 566 1447 ea
591 1414 657 1447 lieri
679 1414 910 1457 mandaverint,
928 1414 974 1448 vel
992 1413 1068 1448 sacta

315 1463 454 1508 ipsorum
492 1462 619 1496 nomine
652 1471 715 1497 rata
744 1462 925 1506 habuerint,
949 1464 1014 1497 sive
1038 1463 1067 1497 111

315 1512 363 1554 iis,
388 1512 512 1558 publice
541 1512 585 1545 vel
609 1512 743 1550 occulte,
772 1512 938 1552 auxilium,
961 1513 1069 1546 consi—

315 1560 390 1594 lium
427 1560 473 1594 vel
498 1561 635 1595 favorem
671 1561 831 1603 dederint,
854 1570 905 1595 aut
938 1573 992 1595 eos
1021 1562 1068 1595 vel

317 1610 488 1656 praemissa
522 1610 678 1645 subtracta
707 1622 763 1645 seu
788 1610 901 1653 ablata,
929 1623 983 1645 seu
1012 1611 1070 1644 ali-

315 1671 396 1705 quos
419 1660 465 1693 vel
489 1659 591 1706 aliqua
615 1660 800 1694 eorumdem
824 1661 961 1694 scienter
984 1672 1070 1694 rece-

317 1709 470 1755 ptaverint
492 1717 521 1744 et
545 1709 730 1744 retinuerint
755 1709 799 1743 vel
823 1709 1069 1749 defensaverint,

316 1759 656 1793 excommunicationis
679 1759 833 1793 sententia
864 1758 1069 1793 innodamus:

317 1820 492 1855 eorumque
514 1809 666 1846 civitates,
691 1816 802 1851 terras,
824 1816 923 1841 castra
947 1816 976 1841 et
1005 1810 1069 1842 loca

318 1856 534 1891 ecclesiastico
550 1858 716 1891 interdicto
734 1857 963 1903 supponimus3
986 1865 1015 1890 et
1033 1858 1070 1900 si,

318 1905 402 1952 quod
419 1905 638 1940 detestabilius
654 1915 747 1948 esset,
762 1906 898 1952 populus
909 1905 1071 1940 Romanus

318 1967 373 1988 seu
398 1954 515 1989 Urbem
541 1963 683 2000 regentes
708 1967 762 2001 pro
785 1963 938 2001 tempore,
960 1967 1015 2001 per
1037 1967 1070 1989 se

320 2003 366 2037 vel
388 2004 485 2038 alium
518 2015 573 2038 seu
607 2004 697 2046 alios,
725 2004 946 2050 perpetrando,
982 2016 1072 2038 man-

319 2053 423 2087 dando
445 2061 497 2087 aut
519 2052 757 2096 consentiendo,
773 2053 800 2086 iu
817 2053 853 2086 iis
868 2054 1071 2097 excesserint,

320 2102 378 2148 ipsi
407 2101 544 2149 populus
565 2110 595 2136 et
617 2101 714 2145 Urbs,
736 2103 760 2136 si
784 2114 856 2136 vero
884 2102 1071 2136 universitas

319 2152 551 2197 cuiuscumque
569 2151 715 2194 civitatis,
738 2151 829 2185 castri
850 2159 901 2184 aut
921 2151 979 2185 loci
996 2152 1070 2185 tanti

318 2200 460 2234 criminis
483 2200 599 2234 fuerint
624 2208 807 2247 patratores,
831 2200 1013 2234 huiusmodi
1034 2201 1071 2234 ci-

321 2250 407 2289 vitas,
430 2258 569 2284 castrum
597 2258 648 2283 aut
673 2250 760 2284 locus
788 2249 945 2295 praedicto
968 2249 1072 2283 subia-

318 2307 408 2333 ceant
436 2299 614 2338 interdicto,
641 2298 887 2344 huiusmodique
917 2300 1070 2333 sententia

319 2348 442 2388 irretiti,
464 2348 615 2395 quamdiu
641 2348 798 2395 praedicta
819 2356 904 2394 rapta
925 2356 954 2382 et
970 2360 1071 2394 aspor-

320 2406 378 2432 tata
402 2397 595 2432 detinuerint
617 2410 671 2431 seu
693 2409 754 2431 nou
773 2397 977 2438 restituerint,
996 2406 1025 2431 et
1042 2398 1070 2431 in

319 2460 375 2481 sua
415 2448 614 2482 contumacia
654 2446 901 2493 perduraverint,
938 2446 1072 2492 singulis

320 2496 433 2531 diebus
455 2496 623 2531 dominicis
645 2503 674 2530 et
695 2495 822 2535 festivis,
842 2495 974 2542 pulsatis
990 2508 1074 2530 cam-

321 2547 410 2592 panis
425 2555 456 2580 et
470 2545 612 2580 accensis
626 2544 776 2583 candelis,
789 2557 843 2591 per
857 2557 968 2579 omnes
979 2544 1073 2579 Urbis

320 2604 346 2628 et
376 2595 474 2642 ipsius
507 2595 670 2629 districtus
698 2605 821 2628 necnon
861 2594 1019 2628 civitatum
1043 2604 1073 2629 et

320 2644 501 2678 dioecesum
511 2644 682 2678 vicinarum
693 2643 856 2677 Ecclesias
866 2644 1073 2690 parochiales,

402 2701 475 2731 Bell.
499 2700 574 2730 Rom.
603 2700 657 2729 Vol.
681 2700 724 2728 ll'.
898 2700 933 2728 75

1107 385 1186 420 blice
1211 386 1412 431 nuncientur,
1437 400 1492 422 nec
1517 387 1555 422 ab
1579 389 1639 423 alio
1655 402 1749 435 quam
1767 402 1781 423 a
1798 389 1860 424 Ro-

1109 447 1200 469 mano
1222 434 1377 471 pontifice
1403 437 1522 483 possint
1537 437 1744 473 absolutionis
1762 439 1859 473 bene—

1108 483 1211 518 ficium
1241 484 1395 525 obtinere,
1419 487 1477 521 nisi
1501 487 1660 521 dumtaxat
1696 488 1724 522 iu
1750 490 1860 522 mortis

1106 533 1239 568 articulo
1276 535 1454 569 constituti:
1491 545 1520 570 et
1556 536 1580 569 si
1618 546 1693 571 tuuc
1727 538 1858 571 absoluti

1108 582 1235 622 fuerint,
1271 583 1482 619 ecclesiastica
1513 594 1637 619 careant
1674 587 1856 632 sepultura:

1107 640 1135 665 ct
1152 632 1175 666 si
1192 632 1307 672 forsan,
1325 641 1393 679 post
1413 633 1641 667 absolutionem
1668 635 1859 677 huiusmodi,

1107 682 1333 722 convaluerint,
1371 682 1399 716 in
1429 682 1571 717 eamdem
1598 685 1860 718 excommunica—

1109 731 1202 765 tionis
1230 732 1417 766 sententiam
1449 731 1638 765 relabantur.
1674 732 1861 780 Nullusque,

1109 780 1167 815 nisi
1192 780 1272 815 idem
1298 780 1461 815 Romanus
1497 780 1653 820 Pontifex,
1679 782 1860 815 huiusmodi

1109 829 1246 864 relaxare
1264 830 1308 863 vel
1323 830 1518 876 suspendere
1533 830 1629 863 valeat
1647 830 1860 865 interdictum.

1108 879 1145 913 Et
1170 880 1208 919 si,
1232 879 1316 926 quod
1341 879 1432 919 absit,
1457 891 1609 925 personae
1631 880 1863 913 ecclesiasticae

1109 927 1237 972 fuerint,
1252 928 1401 962 omnibus
1417 928 1598 974 praelaturis
1608 928 1863 974 etdignitatibus,

1108 977 1228 1012 etiamsi
1254 977 1453 1024 episcopales
1480 986 1509 1011 et
1531 978 1712 1023 superiores
1736 978 1864 1021 suerint,

1111 1039 1231 1060 necnon
1257 1026 1489 1073 personatibus,
1514 1025 1625 1060 officiis
1648 1035 1677 1060 et
1701 1027 1864 1061 beneficiis

1109 1087 1144 1109 ac
1166 1075 1491 1110 administrationibus
1525 1076 1760 1120 ecclesiasticis,
1788 1089 1864 1123 quas

1109 1124 1309 1163 obtinerent,
1337 1125 1401 1158 sint
1438 1125 1506 1170 ipso
1540 1124 1619 1158 sacto
1655 1125 1812 1171 privatae,
1835 1134 1865 1159 et

1110 1173 1281 1208 reddantur
1296 1173 1449 1208 inhabiles
1465 1174 1500 1207 311
1515 1186 1548 1207 ea
1566 1183 1594 1207 et
1606 1174 1664 1208 alia
1681 1173 1863 1208 obtinenda.

1158 1222 1233 1269 §2
1262 1222 1301 1256 Et
1323 1223 1396 1269 quia
1432 1230 1492 1256 tam
1529 1223 1703 1257 execrabile
1733 1224 1866 1257 sacrile-

1109 1271 1197 1317 gium
1235 1272 1342 1317 poenis
1378 1271 1606 1317 multiplicibus
1629 1272 1723 1318 plecti
1757 1285 1865 1306 mere—

1112 1329 1209 1363 retur,
1223 1320 1292 1354 talia
1310 1321 1650 1366 praesutnenteS,sicttt
1665 1321 1708 1355 rei
1722 1322 1865 1355 criminis

1112 1369 1211 1403 laesae
1248 1370 1419 1403 maiestatis
1436 1397 1443 1408 ,
1468 1377 1619 1415 perpetuo
1648 1370 1710 1403 sint
1734 1369 1865 1404 infames

1111 1427 1139 1451 et
1164 1418 1297 1458 banniti,
1321 1419 1383 1452 sint
1408 1418 1616 1457 intestabiles,
1640 1426 1672 1452 ut
1697 1431 1754 1453 uec
1777 1427 1865 1453 testa-

1113 1467 1207 1501 menti
1232 1467 1360 1501 liberam
1386 1467 1521 1501 habeaut
1545 1468 1725 1507 factionem,
1745 1480 1867 1502 eorum-

1110 1529 1170 1563 que
1194 1516 1273 1550 boua
1298 1529 1359 1550 non
1381 1516 1527 1559 feudalia,
1552 1529 1606 1562 pro
1629 1517 1756 1563 aliquali
1773 1518 1867 1551 satis—

1112 1566 1243 1600 factione
1278 1566 1509 1612 praedictorum
1539 1566 1640 1600 dictae
1663 1566 1865 1600 Lateranensi

1112 1615 1283 1653 Ecclesiae,
1310 1615 1429 1661 absque
1453 1615 1649 1649 remissionis
1670 1616 1779 1661 gratia,
1794 1628 1867 1662 per—

1113 1673 1206 1711 petuo
1229 1664 1443 1711 applicentur:
1474 1663 1609 1698 feudalia
1635 1677 1706 1698 vero
1734 1665 1771 1698 ad
1792 1677 1867 1699 suos

1111 1714 1258 1748 dominos
1300 1714 1368 1760 ipso
1404 1714 1483 1747 facto
1523 1713 1619 1747 libere
1660 1722 1865 1748 revertantur.

1111 1763 1204 1804 Quod
1241 1763 1265 1797 si
1289 1763 1342 1809 qui
1367 1763 1596 1810 praedictorum
1634 1776 1759 1797 reorum
1785 1763 1866 1798 111105

1113 1814 1157 1846 vel
1176 1812 1272 1846 filium
1290 1820 1341 1846 aut
1358 1821 1504 1858 nepotem
1525 1812 1568 1846 vel
1587 1820 1717 1859 nepotes
1734 1812 1868 1846 babeant

1114 1873 1168 1907 per
1191 1870 1306 1896 rectam
1343 1861 1454 1895 lineam
1479 1861 1722 1901 descendentes,
1747 1861 1868 1896 benefi-

1112 1912 1227 1944 ciatum
1265 1923 1318 1944 seu
1344 1910 1558 1953 beneficiatos,
1581 1911 1747 1957 quibusvis
1770 1911 1869 1945 benc-

1114 1959 1216 2002 ficiis,
1250 1960 1371 1993 etiamsi
1410 1959 1618 2005 pontificalem
1658 1959 1792 2006 adeptus
1821 1960 1866 1994 vel

1112 2008 1217 2055 adepti
1252 2007 1366 2042 fuerint
1404 2009 1610 2054 dignitatem,
1634 2009 1696 2042 sint
1730 2009 1775 2043 eis
1799 2011 1868 2055 ipso

1113 2058 1180 2091 iure
1203 2058 1326 2104 privati,
1347 2070 1401 2103 spe
1421 2058 1628 2104 promotionis
1650 2058 1780 2092 omniuo
1795 2059 1867 2092 sub-

1113 2108 1182 2141 lata.
1206 2106 1290 2140 Nulli
1316 2116 1472 2153 praeterea
1498 2106 1603 2140 talium
1621 2106 1756 2141 liliorum
1774 2116 1867 2153 atque

1114 2171 1263 2207 nepotum
1287 2173 1325 2195 ex
1342 2160 1418 2194 virili
1444 2173 1519 2194 sexu
1543 2159 1804 2194 descendentium
1829 2159 1867 2194 ab

1112 2215 1230 2249 eisdem
1254 2214 1387 2248 alicuius
1409 2214 1567 2260 aperiatur
1591 2213 1681 2247 ianua
1705 2213 1867 2258 diguitatis

1112 2279 1162 2303 aut
1189 2269 1316 2302 lionoris
1339 2268 1543 2302 ecclesiastici
1561 2281 1614 2301 seu
1634 2268 1866 2311 mundani,seu

1112 2322 1149 2356 ad
1173 2322 1304 2356 alicuius
1340 2322 1396 2355 loci
1423 2322 1561 2367 regimen
1587 2323 1624 2355 sit
1647 2333 1804 2360 accessus;
1827 2323 1868 2356 sit

1113 2378 1157 2410 eis
1181 2376 1357 2422 postulandi
1382 2384 1490 2420 negata
1516 2375 1656 2415 lac-ultas,
1679 2376 1718 2408 sit
1747 2377 1867 2409 notorie

1115 2431 1283 2465 iudicatus.
1306 2438 1334 2463 et
1358 2429 1520 2475 quodlibet
1544 2429 1626 2462 alind
1651 2429 1789 2463 osticium
1809 2441 1865 2463 seu

1115 2484 1321 2518 ministerium
1338 2483 1499 2530 publicum
1516 2483 1731 2516 interdictum:
1746 2483 1775 2516 111
1790 2483 1867 2516 111111-

1113 2538 1169 2572 ciis
1182 2550 1290 2572 eorum
1305 2538 1433 2571 assertio
1450 2545 1555 2571 contra
1572 2549 1763 2583 quemquam
1785 2537 1863 2570 nihil

1115 2592 1199 2632 fidei,
1223 2591 1298 2624 nibil
1324 2591 1494 2627 fidelitatis,
1511 2591 1587 2624 1111111
1612 2590 1805 2624 credulitatis
1825 2590 1865 2623 in-

1115 2647 1251 2684 veniant,
1273 2654 1303 2679 ut
1328 2645 1363 2679 ad
1389 2645 1603 2679 testimonium
1642 2656 1768 2691 prorsus
1792 2643 1865 2678 red-

1876 289 1957 313 Aut:
1990 290 2016 312 t?

2013 288 2058 312 i‘tffi

1893 1237 1951 1256 Ati-c
1982 1242 2034 1262 poen

1880 1268 2007 1292 tempor-les

1896 1778 1972 1798 fuum·

1977 1786 1993 1798 111
2012 1787 2067 1806 tillo*

1882 1817 1921 1837 (1118
1939 1818 2027 1837 μυιξΙΙΛιῗ.
