2274 3265
201 248 250 275 An.
273 249 301 276 C.
319 251 383 277 ¹503

212 855 300 880 Ιίιιςιιιιι·
332 855 381 875 Stu-

197 889 251 906 dium
271 892 315 906 tum
338 888 382 912 pri-

198 919 279 941 vilecv‘i«
300 918 323 937 ad
348 924 381 937 iu

197 953 239 969 atr-,r
258 948 323 967 Stndn
341 947 381 967 Bo-

196 985 313 999 nonien‘is.

453 240 517 270 158

399 304 478 337 iuter
500 302 576 336 alias
597 301 747 341 civitates,
769 309 876 345 terras,
899 302 965 337 loca
983 311 1013 337 et
1032 302 1145 349 oppida

397 352 496 386 dictae
521 351 699 398 provinciae
728 350 792 385 sore
833 350 960 396 dicitur,
1004 352 1146 398 diligenti

398 400 628 435 examinatione
653 400 802 446 pensatis,
830 412 892 435 non
917 401 1019 435 solum
1043 401 1081 436 ad
1107 401 1147 448 ip-

397 451 465 485 sius
493 449 635 492 civitatis,
654 448 710 483 sed
746 449 838 483 etiam
880 450 1042 496 regionum
1078 453 1146 484 cir—

397 499 640 534 cumiacentium
666 498 839 533 incolarum
877 499 1078 533 commodum
1118 508 1147 534 et

398 548 585 595 profectum,
609 547 749 594 paternis
763 548 928 582 affectibus
950 548 1146 587 anhelantes,

399 597 630 644 praedictorum
653 597 888 631 communitatis
915 605 944 632 et
982 597 1145 632 bominum

398 649 427 681 in
448 647 504 681 liac
538 655 624 694 parte
665 646 950 693 supplicationibus
981 646 1147 687 inclinati,

396 696 433 730 ad
457 696 582 731 laudem
610 695 707 730 divini
730 695 884 735 Nominis,
907 702 937 730 et
967 696 1037 729 fidei
1069 708 1148 742 pro—

398 746 592 793 pagationem
616 744 819 786 orthodoxae,
846 744 1031 779 auctoritate
1072 757 1148 791 apo-

397 795 505 830 stolica
533 795 714 837 statuimus,
742 802 771 828 ct
805 794 897 828 etiam
938 793 1157 835 ordinamus

398 853 431 878 ut
453 847 482 879 in
507 844 618 879 eadem
642 844 764 878 civitate
787 842 826 877 dc
853 851 976 877 caetero
1004 844 1045 877 sit
1072 843 1148 877 Stu-

396 893 482 928 dium
498 893 655 939 generale,
672 892 708 926 ad
730 892 825 926 instar
847 891 952 926 Studii
970 892 1148 926 Bononien-

395 942 453 983 sis,
481 943 621 989 illudque
644 942 804 988 perpetuis
838 941 1033 988 temporibus
1070 941 1146 976 inibi

396 992 508 1039 vige,at
533 1000 594 1026 tam
625 992 654 1024 in
684 990 853 1037 theologia
894 1002 959 1024 uue
992 991 1146 1025 canonico

394 1054 429 1076 ac
456 1041 551 1081 citili,
579 1048 608 1075 et
630 1039 760 1078 artibus
787 1052 879 1086 quam
915 1039 973 1074 alia
1008 1040 1147 1086 qualibet

383 1090 478 1131 ,licita
502 1090 657 1125 facultate.
682 1089 840 1135 Quodque
868 1088 1008 1134 legentes
1035 1097 1147 1124 etstu-

212 1446 330 1473 ttagisiena
361 1449 378 1465 et

200 1478 269 1498 lini-ea
306 1477 380 1497 conse

199 1510 262 1528 reuda
279 1514 315 1534 per
334 1509 381 1534 epi-

199 1546 291 1565 napum,

395 1139 505 1174 dentes
523 1139 652 1179 ibidem,
675 1138 822 1173 omuibus
845 1138 1030 1185 privilegiis,
1060 1138 1148 1173 liber-

396 1188 512 1223 tatibus
533 1197 564 1223 et
600 1187 855 1222 immunitatibus
889 1188 1049 1223 concessis
1080 1200 1147 1223 ma-

395 1239 500 1285 gistris
527 1238 556 1272 in
582 1237 735 1283 theologia
759 1245 789 1272 et
822 1237 1004 1271 doctoribus
1039 1237 1148 1283 legen-

396 1287 480 1322 tibus
503 1295 534 1322 et
575 1286 778 1322 studentibus
804 1286 1072 1322 commorantibus
1116 1287 1145 1321 iu

400 1337 513 1372 Studio
536 1336 741 1375 Bononiensi,
763 1335 920 1383 gaudemt
942 1343 972 1370 et
994 1343 1130 1370 utantur.

445 1391 459 1429 ,ξ
482 1389 514 1421 5.
540 1386 579 1420 At
605 1385 689 1433 quod
716 1385 759 1419 illi
782 1398 845 1432 quo
879 1397 1028 1432 processu
1065 1393 1148 1420 tem-

398 1437 482 1483 poris
509 1435 654 1470 bravium
679 1442 874 1474 meruerunt
899 1447 928 1468 ιιι
965 1435 1013 1469 illa
1050 1435 1148 1470 facul-

397 1493 469 1530 tate,
493 1485 522 1519 in
551 1498 611 1532 qua
637 1484 827 1519 studuerunt
849 1484 1003 1527 obtinere,
1026 1485 1148 1532 sibique

396 1534 530 1570 docendi
558 1535 728 1575 licentiam,
757 1541 791 1569 ut
817 1534 895 1568 alios
931 1533 1055 1568 erudire
1096 1547 1146 1568 va—

398 1585 491 1628 leant,
513 1596 549 1619 ac
573 1584 743 1630 magisterii
777 1595 832 1617 seu
868 1583 1050 1618 doctoratus
1090 1584 1149 1618 lio-

398 1646 505 1669 norem
531 1634 679 1680 petierint
700 1633 836 1678 elargiri,
876 1644 930 1679 per
964 1633 1147 1678 magistrum

397 1695 451 1718 sen
481 1683 647 1729 magistros
671 1683 716 1717 vel
739 1682 884 1716 doctores
908 1682 992 1716 illius
1016 1682 1149 1717 faculta—

398 1733 447 1777 tis,
471 1732 500 1766 in
536 1745 597 1779 qua
631 1731 819 1766 examinatio
857 1731 949 1766 suerit
983 1732 1149 1777 facienda,

399 1781 567 1817 venerabili
589 1782 673 1816 l'ratri
698 1790 805 1816 nostro
828 1781 978 1828 episcopo
1000 1781 1150 1817 Firmano

400 1845 455 1880 pro
474 1841 615 1879 tempore
637 1831 796 1875 existenti,
820 1831 867 1866 vel
890 1831 960 1866 eius
981 1832 1148 1866 sufficienti

398 1890 427 1917 et
454 1882 568 1917 idoneo
607 1881 732 1926 vicario,
765 1893 858 1928 quem
894 1880 932 1915 ad
966 1881 1024 1916 boc
1062 1882 1144 1916 idem

398 1932 568 1979 episcopus
590 1930 716 1965 duxerit
738 1930 956 1978 deputandum
974 1944 981 1971 ς
1010 1931 1150 1965 Ecclesia

400 1994 472 2017 vero
491 1980 638 2015 Firmaua
666 1990 806 2020 vacante,
832 1980 887 2023 illi,
902 1980 954 2026 qui
969 1980 1004 2014 ad
1020 1981 1079 2015 lioc
1098 1993 1152 2026 per

400 2031 530 2066 dilectos
557 2030 637 2064 [ilios
659 2030 831 2077 capitulum
856 2030 956 2077 ipsius
992 2030 1151 2064 Ecclesiae

401 2080 565 2115 Firmanae
607 2080 777 2127 deputatus
816 2080 963 2120 extiterit,
1000 2092 1152 2126 praesen-

402 2137 516 2166 tentur.
540 2129 693 2177 Idemque
716 2130 885 2177 episcopus
907 2137 959 2164 aut
974 2129 1152 2176 deputatus,

403 2188 434 2214 ut
458 2179 642 2227 praefertur,
666 2180 826 2226 magistris
850 2187 880 2213 et
907 2179 1089 2214 doctoribus
1121 2179 1151 2212 in

401 2230 510 2265 eadem
535 2229 680 2263 facultate
702 2238 772 2264 actu
797 2229 838 2263 ibi
862 2228 1042 2275 legentibus
1076 2241 1152 2263 eon-

403 2279 530 2323 vocatis,
553 2279 622 2313 illos
650 2278 679 2313 in
709 2279 758 2322 iis,
785 2290 865 2326 quae
900 2279 982 2313 eirca
1020 2290 1152 2325 promo-

403 2328 519 2363 vendos
547 2328 584 2363 ad
609 2328 776 2375 magisterii
800 2340 854 2363 seu
878 2327 1060 2363 doctoratus
1095 2328 1154 2362 bo-

403 2391 509 2412 norem
534 2378 748 2424 requiruntur,
772 2377 854 2412 iuxta
878 2377 1007 2412 modum
1027 2385 1057 2412 et
1083 2389 1155 2411 eon-

403 2428 617 2471 suetudinem,
640 2439 721 2475 qnae
742 2440 837 2474 super
865 2427 981 2461 talibus
1004 2427 1032 2461 in
1056 2439 1155 2473 geue-

405 2477 522 2512 ralibus
560 2477 676 2512 studiis
718 2477 935 2516 observantur,
974 2477 1155 2511 examinare

403 2527 527 2561 studeat
551 2527 732 2573 diligenter,
755 2527 877 2574 cisque,
901 2527 924 2560 si
945 2526 983 2561 ad
1004 2527 1063 2560 boc
1085 2526 1155 2561 suf—

406 2576 546 2611 ficientes
575 2584 605 2611 et
626 2576 730 2611 idonei
756 2577 871 2623 reperti
913 2576 1053 2615 l'uerint,
1092 2576 1155 2610 bu-

405 2625 539 2660 iusmodi
563 2625 720 2662 licentiam
751 2626 879 2667 tribuat,
912 2633 941 2660 et
982 2626 1154 2673 magisterii

985 248 1171 271 usualium
1201 248 1361 271 nonanta!

1188 311 1217 337 et
1240 303 1422 338 doctoratus
1445 303 1596 338 bonorem
1621 304 1770 345 conserat,
1788 312 1818 339 et
1845 304 1937 339 etiam

1189 352 1348 398 largiatur.

1237 408 1252 445 ᾗ
1280 406 1312 436 ιί».
1342 401 1386 435 llli
1411 413 1494 439 vern,
1524 402 1576 449 qui
1614 402 1642 436 in
1683 402 1792 437 codem
1825 402 1938 437 Studio

1188 451 1288 485 dietae
1325 451 1457 485 civitatis
1495 451 1659 485 examinati
1702 459 1732 486 et
1774 451 1937 498 approba‘ti

1190 500 1314 540 suerint,
1337 512 1372 534 ac
1394 500 1528 534 docendi
1553 500 1711 535 licentiam
1732 508 1761 535 et
1788 501 1938 535 bonorem

1189 549 1369 583 huiusmodi
1406 549 1614 589 obtinuerint,
1649 558 1683 583 ut
1712 557 1759 584 est
1793 550 1938 588 dictum,

1189 611 1225 632 ex
1249 606 1324 632 tunc
1347 598 1466 645 absque
1489 599 1634 633 examine
1662 607 1691 633 ct
1713 598 1939 646 approbatione

1188 648 1257 702 alia,
1280 647 1401 702 legendi
1419 656 1448 682 ct
1467 647 1600 682 docendi
1630 657 1690 682 tam
1715 648 1744 682 iu
1779 647 1940 694 praedicto

1189 696 1287 743 ipsius
1316 697 1461 740 civitatis,
1500 709 1594 744 quam
1636 698 1666 732 in
1705 697 1840 744 singulis
1871 697 1940 732 aliis

1189 745 1388 790 generalibus
1410 725 1537 790 sttidiis,
1567 747 1597 781 in
1626 746 1743 794 quibus
1783 747 1939 781 voluerint

1189 773 1293 839 le=ger2
1316 803 1345 829 et
1373 795 1497 836 docere,
1520 796 1644 831 statutis
1667 804 1696 830 et
1731 796 1940 831 consuetudi-

1190 844 1283 878 nibus
1311 844 1566 892 quibuscumque
1599 846 1775 890 contrariiS,
1809 853 1940 893 aposto-

1190 894 1245 927 lica
1269 894 1464 937 auctoritate,
1489 894 1534 929 vel
1558 907 1760 942 quacumque
1795 895 1939 930 firmitate

1188 943 1245 976 alia
1279 943 1445 986 roboratis,
1485 956 1685 991 nequaquam
1719 945 1939 988 obstantibus,

1190 992 1312 1037 plenam
1340 1000 1370 1026 et
1405 992 1534 1027 liberam
1576 993 1711 1028 babeant
1746 993 1939 1029 facultatem.

1189 1041 1271 1075 Nulli
1295 1053 1371 1087 ergo
1398 1049 1449 1075 etc.

1238 1090 1353 1125 Datum
1384 1090 1502 1126 Romae
1527 1091 1609 1138 apud
1639 1091 1672 1125 S.
1701 1091 1829 1126 Petrum
1847 1119 1856 1136 ,

1190 1140 1248 1174 kal.
1275 1140 1348 1184 fel»,
1375 1149 1459 1187 pont.
1485 1141 1581 1175 nostri
1606 1153 1689 1175 anno
1711 1152 1755 1175 ix.

1229 1202 1289 1231 llat.
1311 1202 1357 1232 die
1377 1203 1411 1232 16
1428 1202 1553 1232 ianuarii
1576 1202 1657 1239 1303,
1678 1207 1755 1242 pont.
1772 1213 1848 1232 auno
1867 1212 1903 1232 tx.

1897 1094 1938 1126 17

1511 1366 1609 1400 xvtt.

1193 1449 1365 1482 I’ublicati'o
1385 1460 1581 1492 processuum
1615 1456 1721 1482 contra
1752 1450 1945 1496 offendentes,

1241 1499 1386 1531 venientes
1419 1505 1445 1530 et
1473 1499 1637 1531 recedentes
1660 1499 1699 1531 ab
1732 1499 1810 1532 Urbe
1837 1500 1893 1542 (l).

1462 1576 1675 1606 simulatum!

1192 1642 1305 1671 l'eeuae
1324 1644 1417 1682 (prout
1433 1644 1459 1672 ιἰι
1481 1643 1612 1681 rubrica).
1625 1660 1663 1665 --
1680 1643 1793 1673 Poenae
1810 1644 1947 1674 similiter

1230 1692 1328 1716 contra
1363 1693 1543 1717 sacramenta
1578 1688 1620 1717 eis
1658 1687 1872 1717 ministrantes.
1908 1705 1947 1710 —

1233 1732 1393 1761 l'ublicatio
1418 1733 1543 1762 huiusce
1564 1741 1730 1771 processus.

1236 1808 1392 1837 Bonisacius
1407 1809 1549 1844 opiscopus
1569 1816 1663 1838 servus
1688 1817 1828 1839 servotum
1844 1809 1901 1843 Dei.

1327 1859 1359 1886 ad
1383 1860 1546 1895 perpetuam
1570 1859 1611 1887 rei
1643 1859 1810 1889 memoriam.

1243 1930 1564 1965 Excommunieamus
1592 1939 1624 1965 et
1645 1932 1947 1968 anathematizamus

1193 1992 1304 2016 omnes
1332 1981 1413 2024 illos,
1440 1981 1491 2028 qui
1516 1980 1553 2015 ad
1583 1981 1698 2015 Sedem
1728 1981 1942 2037 Apostolicam

1194 2031 1354 2065 ιθιιίῡιιιρε
1389 2030 1434 2065 vel
1464 2030 1649 2065 recedentes
1676 2031 1714 2065 ab
1736 2043 1770 2065 ea
1802 2032 1943 2078 capiunt.

1193 2080 1399 2127 spoliantxel
1441 2079 1581 2115 detinere
1623 2090 1852 2127 praesumunt
1893 2090 1947 2116 aut

1194 2130 1457 2175 impedimentum
1492 2129 1619 2176 aliquod
1649 2130 1823 2175 exhibent,
1866 2144 1946 2178 quo—

1194 2180 1298 2213 minus
1330 2179 1366 2213 ad
1396 2179 1540 2214 eamdem
1580 2179 1697 2214 Sedem
1733 2179 1830 2215 libere
1874 2193 1945 2215 eum

1195 2229 1350 2276 personis,
1383 2228 1475 2264 bonis
1514 2236 1544 2264 et
1586 2229 1678 2263 rebus
1713 2230 1780 2264 suis
1820 2231 1946 2265 veniant

1194 2288 1221 2313 et
1253 2278 1400 2313 recedant
1434 2278 1472 2312 ab
1512 2278 1646 2319 eadem;
1675 2279 1803 2325 [etiamsi
1839 2280 1947 2326 impe—

1196 2327 1261 2361 riali
1300 2336 1353 2362 aut
1389 2327 1483 2374 regali
1512 2328 1650 2374 fulgeant
1688 2328 1854 2374 dignitate,
1888 2341 1944 2364 seu

1195 2377 1424 2423 cuiuscumque
1453 2377 1581 2412 alterius
1613 2378 1726 2412 fuerint
1755 2379 1947 2424 praeminen-

1196 2427 1267 2465 tiae,
1291 2426 1460 2472 diguitatis,
1494 2426 1626 2467 ordinis,
1663 2427 1852 2462 conditionis
1893 2437 1944 2462 aut

1195 2483 1305 2511 status.
1343 2475 1410 2510 Non
1451 2476 1650 2511 obstantibus
1694 2477 1946 2524 quibuscumque

1197 2525 1368 2572 privilegiis
1391 2534 1421 2560 et
1442 2525 1658 2572 indulgentiis,
1681 2527 1725 2560 eis
1755 2528 1802 2561 vel
1835 2538 1944 2561 eorum

1196 2575 1286 2609 alicui
1313 2575 1357 2610 vel
1380 2575 1538 2623 aliquibus
1577 2575 1616 2610 ab
1649 2575 1830 2623 Apostolica
1862 2576 1965 2611 Sede‘

1234 2637 1272 2673 (l)
1289 2637 1326 2663 Ex
1349 2637 1454 2672 aegest.
1477 2637 1501 2663 in
1521 2637 1629 2664 Archiv.
1650 2636 1734 2664 Vatic.

1955 246 2005 273 An.
2025 245 2050 272 C.
2071 246 2140 273 1505

1973 410 2122 431 Laurentii-um

1987 442 2103 468 prttilssgisst.
