2274 3265
127 268 178 294 An.
193 268 221 294 C.
245 265 310 293 ¹335

918 264 1115 287 nssNtinttrrts
1149 264 1193 286 Xll
1220 264 1267 286 ΙΨ.

1750 254 1812 286 561

323 320 384 362 Qui
409 332 481 354 vero
515 320 705 354 contrarium
742 320 859 359 fecerit,
887 329 915 354 et
949 321 1000 367 qni
1037 320 1074 354 ad
1118 333 1186 354 rum
1203 319 1347 367 quilibet,
1365 319 1450 366 ipsos
1467 319 1661 366 negligentes
1682 320 1868 355 auctoritate

323 369 443 405 (landas
466 370 511 403 vel
542 369 709 404 mittendas
733 369 800 404 illas
815 370 952 404 extiterit
975 370 1074 416 ‹lt-pu-
1117 369 1285 416 apostolica
1311 382 1365 415 per
1385 381 1550 403 censuram
1575 369 1820 404 ecclesiasticam
1840 378 1869 404 et

325 427 419 464 tatus,
446 419 470 454 si
499 431 551 453 eas
575 426 629 463 (ut
650 419 878 466 praemittitur)
899 419 928 453 in
957 419 1075 453 eisdem

325 469 467 503 terminis
503 468 596 503 dictis
629 468 832 503 studentibus
866 481 927 502 non
956 468 1076 502 dederit

325 518 370 552 vel
399 518 531 561 miserit,
561 530 678 564 poenas
700 529 737 552 eo
758 517 825 564 ipso
854 517 989 551 incurrat
1014 525 1078 551 sta-

326 575 407 601 tutas
429 576 538 602 contra
566 579 628 601 non
651 567 811 602 solventes
834 565 862 599 id
891 566 975 612 qnod
1010 578 1079 600 mo-

326 619 412 651 nacis
434 615 598 651 mittendis
620 616 657 650 ad
687 616 768 650 dicta
788 615 899 650 Studia
928 616 1019 650 suerit
1035 628 1081 650 as-

326 666 500 711 signatum,
515 665 692 700 secundum
716 673 830 700 statum
855 665 992 711 ipsorum
1018 677 1078 699 non

327 715 532 754 solventium,
562 723 591 749 et
615 714 698 748 iuxta
730 713 849 761 gradus
871 722 902 749 et
935 714 1079 748 ordinem

327 764 477 811 superius
507 763 683 798 denotatos.
711 763 744 798 Si
774 775 846 798 vero
869 763 969 798 laicus
1001 763 1082 798 exti-

329 821 411 853 terit,
434 821 771 848 excommunicationis
794 820 930 847 incurrat
953 821 1082 847 senten-

329 862 456 897 tentiam
480 874 517 896 eo
545 862 629 908 ipso:
653 874 668 896 a
692 874 752 908 qua
776 861 845 905 (nisi
868 861 973 896 debita
997 861 1084 895 satis-

329 911 464 946 factione
488 911 680 957 praemissa)
713 919 849 957 nequeat
875 910 1084 945 absolutionis

329 960 520 995 beneficium
549 960 701 995 obtinere.
734 960 774 994 Et
797 968 830 994 ut
861 973 943 995 onus
971 960 1084 994 liuius·

330 1009 413 1043 modi
437 1009 624 1057 pensionum
650 1009 751 1044 levius
774 1017 995 1056 supportetur,
1019 1018 1084 1044 sta-

331 1059 451 1093 tuimus
477 1068 507 1092 et
529 1059 730 1102 ordinamus,
753 1066 786 1092 ut
810 1058 972 1093 solvantur
999 1071 1085 1105 pen-

330 1108 436 1143 siones
463 1108 644 1143 huiusmodi
682 1118 712 1143 et
747 1108 840 1142 etiam
879 1108 987 1153 pensio
1010 1108 1083 1142 dicti

334 1158 485 1204 magistri,
500 1158 553 1204 qui
570 1169 719 1192 monacos
734 1157 762 1190 in
789 1157 958 1202 primitivis
980 1157 1086 1191 scien-

335 1207 384 1241 tiis
407 1207 540 1241 iustruet
563 1211 619 1251 (ut
646 1206 845 1253 praefertur)
869 1218 923 1251 per
949 1206 1084 1252 capitula

335 1256 505 1291 cuiuslibet
527 1255 689 1290 Ecclesiae
704 1255 891 1290 cathedralis
914 1255 1014 1301 ipsius
1032 1267 1087 1289 or-

334 1305 419 1340 dinis
440 1318 497 1340 seu
521 1305 706 1351 religionis,
734 1312 765 1338 et
800 1316 857 1351 per
885 1303 1087 1338 beneficiatos

334 1354 550 1401 quorumlibet
597 1354 824 1388 beneficiorum
874 1352 1086 1387 monacalium

334 1403 476 1438 eiusdem
503 1402 729 1438 et‘cuiuslibet
753 1403 949 1442 monasterii,
975 1402 1088 1449 priora-

335 1461 385 1487 tus
411 1462 441 1487 et
464 1453 523 1487 loci
551 1452 672 1487 ordinis
699 1465 753 1487 seu
786 1452 948 1498 religionis
976 1451 1090 1486 buius-

336 1502 418 1536 modi
454 1510 484 1537 et
506 1502 721 1537 membrorum
754 1514 884 1536 suorum
903 1528 910 1541 ,
934 1500 972 1535 dc
1001 1514 1090 1535 com-

336 1552 422 1586 muni
450 1551 686 1586 contributione
719 1551 800 1585 inter
821 1559 916 1598 caput
938 1559 968 1585 et
991 1550 1090 1584 bene-

337 1601 403 1635 ficia
431 1613 486 1636 seu
515 1600 657 1636 membra
693 1600 797 1635 omnia
830 1609 861 1635 et
894 1599 1018 1646 singula
1051 1599 1089 1634 ad

337 1651 439 1697 ipsum
461 1659 556 1697 capnt
580 1650 769 1698 pertinentia
794 1649 840 1684 vel
864 1649 1091 1696 dependentia,

336 1700 375 1734 ab
396 1700 508 1735 eodem
524 1700 679 1743 facienda,
703 1699 880 1734 secundum
901 1699 1090 1734 taxationem

338 1750 382 1785 vel
406 1750 658 1785 aestimationem
683 1749 826 1784 decimae
856 1749 884 1783 in
909 1749 1034 1783 taxatis.
1057 1748 1090 1782 ln

339 1812 400 1834 non
429 1800 541 1834 taxatis
569 1812 641 1834 vero
668 1799 842 1841 beneficiis,
872 1798 1093 1845 proportiona-

339 1849 443 1884 biliter
464 1857 494 1883 et
511 1848 737 1883 rationabiliter
754 1848 930 1883 secundum
956 1847 1092 1882 valorem

341 1899 493 1944 ipsorum,
529 1898 560 1932 in
597 1898 697 1944 primo
728 1896 899 1932 cuiuslibet
934 1896 1094 1930 Ecclesiae

340 1947 526 1981 cathedralis
553 1947 695 1982 eiusdem
717 1946 839 1980 ordinis
860 1957 916 1979 seu
934 1945 1095 1990 religionis

341 2008 377 2030 ac
410 1996 592 2030 monasterii
621 2008 675 2030 seu
712 1995 868 2042 prioratus
897 1995 940 2029 vel
965 1994 1095 2028 alterius

342 2045 426 2085 toci,
464 2044 609 2079 abbatem
640 2045 802 2091 proprium
833 2056 894 2078 non
926 2043 1095 2083 habentis,

341 2094 480 2141 capitulo
512 2094 650 2140 generali
694 2106 748 2140 per
783 2094 902 2140 priores
939 2092 984 2127 vel
1019 2092 1096 2126 alios

343 2144 478 2178 maiores
500 2152 569 2190 post
601 2143 774 2178 antistitem
798 2143 828 2176 in
861 2141 1096 2176 cathedralibus

343 2192 505 2227 EcclesiiS.
525 2192 558 2226 In
582 2192 780 2227 monasteriis
803 2204 887 2231 vero,
905 2191 1096 2238 prioratibus

344 2242 389 2276 vel
412 2242 482 2276 aliis
503 2242 704 2288 supradictis,
728 2254 783 2289 per
804 2240 932 2275 abbates
953 2241 997 2274 vel
1016 2242 1097 2288 prio-

344 2304 405 2336 res⁷
428 2304 483 2326 scu
512 2291 590 2326 alios
619 2291 834 2338 praesidentes
857 2289 998 2324 eiusdem
1024 2302 1095 2325 cnm

343 2342 474 2375 consilio
497 2348 526 2375 et
541 2353 671 2375 assensu
689 2340 818 2387 capituli
842 2352 899 2374 seu
922 2348 1097 2374 conventus

345 2403 398 2425 seu
424 2390 552 2425 maioris
575 2391 670 2436 partis
693 2391 847 2437 ipsorum.
863 2388 964 2430 Quam
980 2389 1004 2423 si
1020 2389 1097 2423 sorte

346 2439 447 2474 facere.
475 2439 671 2485 neglexerint
694 2439 740 2474 vel
772 2439 953 2478 noluerint,
977 2439 1098 2485 praesi-

345 2488 893 2535 dentesprovincialicapituloillius
905 2488 1097 2534 provinciae,

347 2536 1098 2585 ubitalesnegligentesfuerint,etquilibetipso-

347 2601 413 2623 rum
431 2588 676 2636 praesidentium
690 2615 698 2628 ,
720 2599 756 2622 ac
779 2587 955 2621 visitatores
977 2598 1030 2632 per
1049 2585 1099 2620 di-

346 2647 431 2673 ctum
450 2637 641 2685 provinciale
655 2637 829 2683 capitulum
842 2635 984 2682 deputati
1006 2644 1034 2669 et
1049 2647 1098 2670 eo-

425 2695 499 2726 Ball.
516 2694 592 2724 Rom.
616 2694 668 2723 Vol.
687 2693 732 2723 Il'.
920 2692 957 2722 46

1118 420 1175 453 alia
1188 428 1366 464 opportuna
1384 418 1520 452 remi-dia
1538 418 1575 452 ad
1596 419 1678 453 illam
1695 419 1869 454 faciendam

1119 468 1354 515 (appellatione
1377 472 1543 511 cessante)
1568 468 1758 515 compellere
1783 477 1872 503 tene-

1120 526 1223 558 antur,
1247 529 1413 564 quousque
1430 517 1504 551 certi
1521 526 1549 551 ct
1568 518 1710 564 perpetui
1732 517 1872 552 redditus

1121 580 1176 614 pro
1194 567 1270 614 ipsis
1295 566 1503 613 pensionibus
1531 566 1731 601 exsolvendis
1757 568 1873 601 extite-

1121 618 1180 652 rint
1203 617 1366 663 assignati.
1403 615 1558 650 Volumus
1581 624 1684 650 antem
1708 617 1791 662 quod
1820 629 1874 663 per

1122 667 1203 707 illos,
1226 667 1279 713 qui
1303 666 1340 700 ad
1366 666 1424 700 lioc
1448 677 1501 710 per
1530 678 1586 699 nos
1608 678 1679 699 cuni
1708 666 1873 700 sufficienti

1123 724 1274 763 potestate
1292 715 1406 749 suerint
1427 714 1579 761 deputati,
1593 726 1664 748 cum
1679 714 1875 749 antistitibus

1123 766 1153 800 in
1171 765 1406 800 cathedralibus
1421 764 1574 799 Ecclesiis
1598 764 1823 803 monacalibus,
1846 773 1875 798 et

1123 828 1194 850 cum
1229 813 1396 849 abbatibus
1419 821 1451 848 et
1474 812 1633 860 prioribus
1654 821 1683 847 et
1706 812 1775 847 aliis
1810 813 1876 847 loca

1124 863 1344 899 conventualia
1363 871 1394 897 et
1421 862 1588 902 solemnia,
1613 870 1645 896 ut
1673 861 1877 908 praedicitur,

1124 912 1354 951 obtinentibus,
1380 924 1452 947 cum
1476 911 1610 946 consilio
1633 919 1663 945 et
1681 923 1811 945 assensu
1825 923 1877 946 ca-

1126 962 1296 1010 pitulorum
1320 970 1350 996 et
1369 969 1584 996 conventuum
1607 960 1806 1000 eorumdem,
1822 973 1879 995 au-

1125 1013 1269 1047 ctoritate
1291 1011 1462 1059 apostolica
1487 1010 1656 1056 praedicta,
1681 1010 1803 1056 possint
1824 1021 1879 1056 pro

1127 1061 1296 1108 praedictis
1337 1059 1546 1107 pensionibus
1574 1059 1726 1105 assignari
1765 1059 1811 1093 vel
1840 1058 1878 1092 ad

1127 1111 1258 1145 invicem
1290 1110 1370 1144 uniri
1394 1117 1445 1143 aut
1464 1108 1614 1143 Ecclesiis
1637 1107 1880 1150 cathedralibus,

1128 1160 1327 1194 monasteriis
1350 1171 1404 1192 seu
1430 1158 1507 1192 locis
1529 1158 1597 1191 aliis
1619 1156 1881 1191 conventualibus

1127 1208 1317 1255 supradictis
1346 1208 1390 1241 vel
1419 1219 1528 1241 eorum
1553 1205 1882 1240 administrationibus

1127 1266 1180 1292 aut
1208 1257 1320 1292 officiis
1343 1268 1397 1289 seu
1422 1256 1500 1290 locis
1529 1254 1737 1289 vicinioribus
1759 1255 1795 1288 ad
1821 1253 1881 1288 Ec-

1128 1306 1241 1341 clesias
1263 1305 1472 1342 cathedrales,
1496 1305 1698 1344 monasteria,
1727 1305 1882 1350 prioratus

1128 1368 1184 1390 seu
1214 1356 1279 1390 loca
1309 1354 1491 1388 liuiusmodi
1516 1352 1768 1399 pertinentibus,
1792 1360 1883 1398 prout

1129 1405 1187 1439 erit
1215 1403 1428 1447 commodius,
1449 1403 1608 1450 prioratus
1630 1401 1755 1448 aliaque
1779 1401 1884 1436 bene-

1131 1454 1198 1488 ficia
1221 1453 1433 1489 ecclesiastica
1462 1452 1530 1486 sine
1554 1463 1627 1486 cura
1651 1451 1750 1498 ipsius
1764 1450 1884 1485 ordinis

1131 1516 1186 1538 seu
1208 1503 1372 1549 religionis
1389 1510 1540 1536 consueta
1564 1501 1704 1535 monacis
1730 1499 1883 1546 assignari

1131 1562 1160 1587 et
1187 1553 1224 1587 ad
1261 1552 1419 1587 Ecclesias
1454 1549 1672 1590 cathedrales,
1696 1549 1884 1584 monasteria

1132 1615 1187 1637 sen
1215 1601 1283 1636 loca
1311 1601 1369 1636 alia
1393 1600 1614 1635 conventualia
1638 1598 1775 1646 praefata
1811 1610 1886 1645 spe-

1133 1652 1266 1686 ctantia:
1290 1651 1365 1685 dum
1391 1659 1493 1684 tamen
1530 1649 1595 1696 ipsa
1619 1648 1770 1683 beneficia
1799 1656 1886 1683 tauto

1134 1710 1276 1748 tempore
1311 1700 1350 1734 ab
1385 1712 1447 1735 uno
1481 1698 1526 1733 vel
1564 1698 1707 1745 pluribus
1743 1698 1886 1733 monacis

1134 1751 1252 1785 fuerint
1273 1750 1423 1784 continue
1459 1760 1495 1782 ac
1526 1747 1654 1794 pacifice
1686 1746 1885 1793 gubernata,

1136 1810 1165 1834 ut
1182 1799 1389 1846 praescriptio
1404 1798 1542 1843 legitima
1560 1798 1598 1832 sit
1612 1796 1885 1844 completa,etiam

1134 1850 1159 1884 si
1174 1858 1246 1884 ante
1261 1848 1306 1883 vel
1332 1856 1402 1895 post
1424 1847 1527 1882 clerici
1546 1847 1725 1881 saeculares
1744 1845 1888 1892 quando-

1135 1912 1196 1945 que
1220 1897 1467 1932 ministraverint
1491 1897 1521 1930 in
1545 1895 1689 1930 eisdem:
1715 1895 1888 1929 dummodo

1137 1960 1191 1995 per
1224 1948 1310 1994 ipsos
1344 1946 1478 1981 clericos
1512 1945 1649 1990 legitima
1685 1944 1889 1990 praescriptio

1137 1998 1267 2031 minime
1289 1997 1328 2031 sit
1349 1996 1488 2042 impleta.
1512 1994 1604 2035 Quod
1628 1995 1652 2027 si
1683 1993 1761 2028 forte
1784 1993 1891 2027 liuius-

1139 2046 1221 2080 modi
1253 2046 1409 2093 prioratus
1445 2057 1500 2078 seu
1538 2042 1691 2077 beneficia
1718 2043 1787 2077 sine
1817 2054 1889 2077 cura

1138 2108 1199 2130 non
1224 2095 1425 2129 inveniantur
1447 2092 1651 2128 accommoda
1677 2091 1723 2125 vel
1745 2104 1807 2126 non
1830 2090 1892 2126 suf-

1139 2145 1243 2179 ficiam
1268 2144 1304 2178 ad
1329 2144 1521 2190 praemissa,
1548 2143 1668 2188 possint
1688 2153 1743 2187 per
1770 2139 1892 2187 praedi-

1137 2203 1217 2237 ctos,
1242 2193 1336 2228 modo
1373 2193 1547 2240 praemisso
1569 2199 1600 2225 et
1633 2198 1665 2224 nt
1691 2189 1891 2224 commodius

1139 2244 1203 2277 lieri
1234 2243 1359 2289 poterit,
1379 2254 1474 2289 super
1501 2240 1570 2275 aliis
1601 2239 1791 2286 prioratibus
1806 2266 1814 2279 ,
1833 2238 1891 2274 ad·-

1140 2292 1423 2327 ministrationibns
1445 2303 1498 2324 seu
1530 2289 1692 2324 beneficiis
1721 2288 1892 2323 monacali—

1140 2342 1197 2376 bns
1232 2342 1350 2376 curatis
1373 2342 1417 2384 (si
1447 2339 1610 2374 facultates
1632 2350 1742 2372 eorum
1766 2338 1803 2372 ad
1832 2337 1892 2372 hoc

1139 2391 1327 2434 sufficiant),
1355 2390 1423 2424 aliis
1445 2401 1554 2423 eorum
1575 2387 1728 2422 oneribus
1754 2399 1892 2434 suppor-

1141 2441 1232 2484 tatis,
1255 2440 1294 2474 de
1327 2447 1413 2487 parte
1449 2438 1612 2472 dumtaxat
1648 2449 1741 2483 quain
1767 2436 1889 2471 monaci

1141 2490 1319 2537 percipiunt
1341 2502 1379 2523 ex
1402 2488 1523 2523 eisdem
1550 2499 1605 2534 pro
1629 2486 1800 2533 praedictis
1823 2498 1891 2532 per-

1142 2548 1253 2586 petuae
1271 2539 1439 2586 pensiones
1463 2537 1593 2584 imponi.
1615 2535 1825 2570 Proliibemus
1838 2547 1893 2570 au·

1141 2600 1202 2624 tem
1230 2588 1314 2636 quod
1339 2588 1413 2622 nulli
1438 2598 1571 2621 monaco
1593 2585 1820 2632 quodcumque
1834 2584 1892 2619 be-

1141 2638 1289 2673 neficium
1322 2645 1619 2683 quantumcumque
1655 2633 1890 2670 modicumve!

1886 265 1933 291 An,
1953 265 1979 290 C.
2002 263 2067 290 ¹335
