2274 3265
220 272 270 298 An.
288 272 318 298 C.
334 271 401 297 ΠΜ)

232 679 310 698 Cautus
329 684 402 698 omnes

219 711 368 734 soff-ntisffntlil

231 1023 331 1047 Baiones,
340 1022 366 1042 uli
370 1028 402 1042 os-

220 1059 259 1081 que
276 1053 383 1080 puniendi:

235 1562 355 1586 Omnesque
366 1560 405 1580 de—

223 1592 308 1617 putandi
324 1590 405 1611 offiriu-

223 1622 261 1640 les·

235 2153 353 2179 (Iulpabtles
366 2159 403 2179 pu-

223 2185 292 2204 ntentlt

238 2451 327 2471 Dtsstdiu
347 2457 407 2471 cunt-

225 2484 326 2508 ptinendi·

467 260 537 292 504

416 333 569 372 quantuni
593 322 630 357 ad
662 323 836 357 Romanum
865 322 1040 357 Eccletsiim
1071 324 1167 369 pcrti-

416 381 486 413 net
510 371 716 415 reformandi,
734 371 886 426 regendi,
905 371 1102 417 gubernandi
1139 379 1170 405 et

416 400 668 464 adniinistrandi,
683 433 718 455 ac
734 421 819 455 ineis
834 421 1084 456 iurisdictionem
1101 422 1169 466 ple-

417 471 554 510 nariam,
578 480 667 517 prout
688 478 717 504 et
745 471 775 504 in
802 478 957 517 quantum
988 470 1025 505 ad
1054 470 1166 504 dietant

417 520 591 555 Ecclesiam
616 520 760 566 pertinet,
785 520 830 553 vel
860 520 1017 566 pertinere
1046 519 1168 566 poterit,

416 569 598 604 exercendi.

465 619 485 666 ἓ
512 621 544 653 5.
571 617 692 653 Civiles
714 625 745 652 et
766 617 945 652 criminales
968 629 1090 657 causas.
1114 629 1169 664 per

418 677 447 703 te
469 667 516 703 vel
543 668 638 702 alium
672 679 726 701 seu
759 667 837 702 alios
859 667 1022 706 audiendi,
1049 666 1168 701 exami-

419 717 527 759 nandi,
548 716 753 761 discutiendi,
775 725 806 750 et
828 728 995 751 causarum
1012 716 1168 762 cognitio-

418 779 489 802 nem
512 774 542 801 et
557 766 762 805 decisionem,
778 765 828 799 alii
852 777 906 799 seu
930 765 1012 808 aliis,
1029 777 1169 799 commu-

418 818 500 852 niter
511 817 562 850 vel
579 815 717 854 divisim,
732 815 922 859 generaliter
934 814 979 848 vel
991 814 1169 860 specialiter

416 866 647 904 committendi,
659 872 688 898 et
702 866 739 898 ad
753 871 793 907 te,
809 875 879 898 cum
896 864 1060 910 placuerit,
1077 875 1168 898 revo-

416 915 519 950 candi.

465 964 485 1011 S
510 967 543 998 4.
565 963 753 1008 Omnesque
777 970 807 995 et
823 961 966 1007 singulos
985 962 1169 995 cuiuscum-

416 1025 478 1060 que
499 1012 722 1050 excellentiae
750 1011 956 1054 auctoritatis,
985 1010 1167 1049 nobilitatis

417 1061 685 1115 praeeminentiae,
698 1060 894 1094 conditionis
915 1068 967 1094 aut
981 1068 1081 1094 status
1103 1060 1169 1093 exi-

417 1118 510 1151 stant,
536 1123 635 1158 quos,
662 1110 777 1144 iustitia
801 1109 966 1147 suadente,
1000 1110 1169 1155 privandos

419 1160 546 1201 videris,
564 1159 703 1206 privandi
719 1170 773 1193 eos
786 1159 931 1202 statibus,
945 1158 1167 1203 dignitatibus,

418 1209 603 1250 honoribus,
628 1208 868 1256 priucipatibus,
889 1208 1067 1247 ducatibus,
1085 1219 1169 1242 mar-

418 1258 628 1297 chionatibus,
651 1258 863 1295 comitatibus.
888 1257 1039 1301 baroniis,
1066 1257 1170 1291 domi-

419 1309 493 1353 niis,
528 1308 631 1348 terris,
668 1307 781 1347 feudis,
810 1306 1014 1346 reti-ofeudis,
1039 1307 1168 1341 iurisdi-

419 1358 588 1401 etionibuS,
611 1356 745 1399 iuribus,
771 1356 865 1390 rebus
889 1364 919 1390 et
947 1356 1038 1390 bonis
1068 1356 1169 1390 mobi-

420 1406 504 1442 libus
516 1406 786 1453 quibuscnmque,
802 1417 918 1452 easque
934 1405 1035 1440 dictae
1050 1405 1169 1439 Roma—

420 1468 477 1491 nae
504 1455 665 1491 Ecclesiae
696 1455 889 1489 confiscandi
913 1463 942 1490 et
976 1455 1167 1502 applicandi.

468 1505 542 1552 §5-
571 1504 617 1539 Aa
645 1505 675 1538 in
705 1504 910 1543 patrimonio,
937 1504 1050 1538 ducatu
1079 1504 1170 1538 Mar—

419 1554 507 1589 ciiiae
530 1555 700 1592 Anconae,
730 1553 910 1600 provinciis,
933 1553 1113 1587 civitatibus
1139 1561 1169 1587 et

420 1604 510 1638 terris
531 1603 688 1641 eiusdem,
706 1612 856 1645 rectores,
881 1610 1062 1649 potestates,
1082 1603 1170 1649 eapi-

420 1662 538 1697 taueos,
567 1652 754 1687 vexilliferos
767 1659 798 1686 et
816 1652 1033 1692 castellanens,
1050 1651 1170 1686 iudices

418 1711 447 1736 et
469 1713 691 1749 quoscumque
712 1701 861 1735 officiales
883 1701 961 1735 alios
983 1702 1147 1746 generales
1161 1729 1169 1741 ,

419 1751 607 1799 temporales
634 1751 679 1785 vel
708 1750 887 1797 spirituales
902 1758 932 1784 et
953 1750 1055 1785 officia
1079 1762 1170 1798 prae-

419 1801 500 1835 dicta
521 1809 553 1836 et
575 1800 633 1835 alia
661 1801 766 1834 omnia
789 1808 818 1834 et
845 1800 982 1846 singula,
1010 1801 1168 1846 generalia

418 1858 448 1884 et
469 1850 627 1897 specialia,
647 1862 851 1896 quocumque
870 1849 999 1883 nomine
1016 1849 1061 1883 vel
1081 1851 1170 1884 titulo

418 1900 589 1945 fungantur
610 1899 657 1933 vel
682 1908 918 1946 nuncupentur,
942 1907 1033 1945 prout
1049 1899 1086 1933 ad
1106 1899 1171 1933 tto-

419 1960 542 1983 manam
566 1948 741 1983 Ecclesiam
779 1948 986 1996 pertinuerit,
1017 1949 1169 1989 creandi,

418 1998 654 2041 constituendi,
689 1998 897 2042 instituendi,
925 1998 1143 2044 suspendendi
1162 2026 1170 2041 ,

419 2047 612 2091 removendi,
633 2047 814 2094 deponendi
838 2056 868 2081 et
889 2047 1095 2081 destituendi.

466 2097 487 2143 S
509 2098 540 2130 6.
565 2096 604 2131 Et
626 2096 800 2143 culpabiles
822 2096 955 2131 civiliter
973 2105 1002 2130 et
1019 2097 1171 2131 crimina-

419 2145 490 2180 liter
512 2158 566 2192 per
593 2154 622 2180 te
646 2146 692 2179 vel
716 2146 810 2180 alium
834 2158 890 2180 seu
918 2146 995 2180 alios
1016 2146 1168 2192 puniendi

418 2203 445 2229 et
469 2196 613 2243 quere-las
639 2203 745 2230 contra
772 2196 857 2242 ipsos
874 2207 930 2242 per
951 2207 1170 2243 quoscumque

421 2245 598 2292 propositas
611 2244 760 2279 audiendi
780 2245 952 2280 summarie
978 2253 1007 2279 et
1023 2244 1062 2279 de
1079 2246 1171 2292 plano

421 2293 600 2333 iudicandi,
629 2302 661 2328 et
688 2294 841 2329 emendas
873 2302 901 2329 et
942 2294 1171 2329 satisfactiones

420 2343 540 2377 debitas
563 2344 628 2378 lieri
652 2343 799 2378 faciendi.

469 2393 489 2439 S
516 2395 548 2427 7.
573 2392 657 2427 lnter
684 2393 854 2440 principes,
877 2393 986 2438 duces,
1006 2393 1171 2428 marollio-

422 2454 489 2486 nes,
514 2443 657 2482 comites,
681 2442 826 2482 barones,
848 2443 995 2477 dominos
1017 2451 1173 2490 tempora-

423 2492 477 2530 tes,
501 2492 623 2526 nobiles
650 2499 679 2525 et
709 2503 861 2538 personas
888 2492 974 2536 alias,
990 2493 1172 2527 eommuni-

422 2548 499 2574 tates
520 2548 551 2574 et
579 2542 798 2576 universitates
812 2553 847 2576 ac
865 2542 997 2588 populos
1013 2550 1042 2575 et
1059 2554 1171 2576 omnes

422 2590 497 2622 alios
518 2598 548 2623 et
570 2590 713 2635 singulos
739 2590 900 2625 discordes
921 2600 947 2624 et
982 2591 1171 2625 dissidentes

996 269 1075 291 titttt
1080 268 1181 290 Attum
1212 267 1372 290 ROMANUM

1213 335 1293 360 runi,
1310 321 1471 355 civitatum
1499 328 1529 353 et
1559 327 1711 354 terrarum
1732 320 1960 366 praedictarum

1213 382 1320 417 paceni
1345 377 1374 403 et
1397 369 1599 404 concordiam
1623 368 1813 403 reformandi
1838 377 1869 404 et
1884 371 1963 405 inter

1212 420 1296 466 ipsos
1319 426 1460 464 treguam
1490 418 1663 458 indicendi,
1691 419 1839 465 ipsosque
1857 418 1894 453 ad
1911 432 1963 454 eas

1211 480 1385 515 earumque
1408 468 1679 502 conservationem
1708 467 1963 515 quibuscumque

1212 519 1322 564 poenis
1361 526 1390 550 et
1418 516 1669 551 districtionibus
1702 528 1738 551 ac
1772 518 1960 557 sententiis,

1213 576 1304 613 prout
1331 566 1368 600 ad
1405 566 1521 601 dictam
1546 566 1717 600 Ecclesiam
1753 566 1962 614 pertinuerit,

1209 615 1386 651 concordes
1423 616 1452 649 in
1485 615 1624 650 caritatis
1658 623 1805 650 aeternae
1837 615 1962 650 vinculo

1211 664 1433 699 confirmandi.

1259 715 1279 761 g
1298 717 1329 748 8.
1345 713 1897 761 Cottigationes,confoederationes,
1914 726 1963 761 pa-

1211 764 1343 802 ctiones,
1366 763 1615 802 conventiones,
1638 763 1804 798 societates
1834 771 1862 797 et
1887 763 1964 810 ligas

1211 822 1319 847 contra
1348 813 1523 848 Romanam
1549 812 1724 847 Ecclesiam
1741 840 1750 856 ,
1775 813 1820 846 vel
1855 822 1962 847 contra

1212 861 1333 897 bonum
1359 863 1444 909 pacis
1475 870 1504 896 et
1526 870 1641 897 statum
1676 861 1796 896 illarum
1827 862 1963 908 partium

1212 912 1390 957 pacificum,
1405 923 1459 946 seu
1486 912 1516 946 in
1541 911 1765 958 praeiudicium
1790 923 1843 945 seu
1872 911 1966 945 dam-

1212 973 1286 995 num
1311 961 1514 1004 patrimonii,
1536 961 1668 995 ducatus
1689 960 1867 999 Marchiae,
1897 972 1966 1007 pro-

1213 1010 1398 1049 vinciarum,
1420 1010 1580 1044 civitatum
1605 1018 1635 1044 et
1662 1017 1816 1044 terrarum
1838 1011 1965 1056 praedi-

1211 1068 1332 1094 ctarum
1356 1059 1446 1093 initas
1469 1071 1503 1093 ac
1523 1060 1615 1094 ctiam
1637 1059 1803 1099 ineundas,
1819 1059 1963 1093 cassandi

1211 1117 1240 1142 et
1268 1108 1464 1152 annullandi,
1483 1117 1509 1143 ct
1534 1120 1652 1156 poenas
1674 1120 1772 1154 supet·
1795 1108 1857 1143 illis
1872 1108 1966 1142 adie-

1211 1167 1276 1193 ctas
1301 1158 1347 1192 vel
1362 1158 1554 1193 adiiciendas
1571 1158 1740 1192 relaxandi.

1260 1208 1333 1254 ἓξ).
1363 1207 1524 1254 Occupata
1553 1208 1668 1242 iniuste
1702 1207 1741 1241 ab
1763 1207 1964 1254 occupatori-

1212 1256 1270 1291 bus
1286 1265 1315 1291 ct
1343 1257 1562 1291 detentoribus
1580 1256 1747 1304 quibusvis
1763 1256 1919 1303 eripiendi
1936 1265 1963 1290 et

1212 1306 1433 1353 recuperandi,
1461 1307 1578 1341 eiectos
1607 1315 1637 1341 et
1671 1305 1821 1353 expulsos
1843 1318 1857 1340 a
1888 1305 1965 1340 locis

1212 1364 1241 1390 et
1276 1355 1372 1391 rebus
1406 1368 1442 1390 ac
1471 1356 1561 1390 bonis
1601 1356 1666 1389 suis
1705 1354 1965 1403 quibuscumque

1212 1404 1319 1451 inique
1348 1406 1506 1452 privatos,
1534 1405 1572 1440 ad
1602 1405 1666 1440 loca
1690 1413 1722 1438 et
1745 1405 1824 1439 bona
1853 1416 1964 1439 eorum

1213 1455 1337 1501 propria
1361 1454 1546 1494 reducendi,
1575 1454 1759 1489 restituendi
1790 1462 1819 1488 et
1848 1454 1967 1489 reinte-

1211 1503 1334 1550 grandi.

1260 1553 1280 1599 ᾖ
1305 1555 1360 1587 lO.
1383 1552 1423 1587 Et
1446 1565 1541 1599 super
1563 1553 1822 1599 quibuscumque
1838 1552 1966 1587 delictis

1213 1602 1291 1636 forte
1316 1602 1418 1642 sactis,
1434 1601 1660 1636 rebellionibus
1677 1614 1732 1648 per
1746 1614 1965 1648 quascumque

1214 1651 1431 1686 universitates
1451 1651 1497 1685 vel
1511 1652 1689 1697 singulares
1713 1663 1863 1697 personas
1878 1663 1968 1686 com-

1213 1701 1330 1745 missis,
1354 1700 1398 1735 vel
1423 1701 1451 1734 in
1469 1709 1630 1747 posterum
1647 1701 1813 1735 vicariatus
1826 1701 1869 1735 ttti
1886 1709 1967 1735 tem-

1214 1762 1288 1796 pore
1310 1751 1560 1795 committendis,
1583 1750 1803 1797 dispensandi,
1831 1762 1965 1797 compo-

1213 1800 1306 1834 nendi
1323 1827 1331 1842 ,
1359 1800 1592 1840 concordandi,
1620 1809 1649 1834 et
1668 1799 1894 1846 delinquentes
1929 1801 1966 1834 ad

1214 1849 1375 1883 Ecclesiae
1390 1848 1551 1884 Romanae
1562 1850 1691 1895 gratiam
1707 1858 1734 1883 et
1753 1849 1965 1884 obedientiam

1214 1899 1321 1933 reduc
1323 1899 1401 1939 ·ndi,
1424 1907 1455 1933 et
1477 1911 1574 1946 super
1597 1898 1849 1933 inhabilitatibus
1868 1907 1897 1933 et
1923 1901 1968 1933 in-

1214 1948 1334 1992 famiis,
1362 1960 1441 1995 quas
1473 1956 1583 1995 propt(
1588 1961 1637 1983 rea
1662 1949 1877 1993 incurterint,
1900 1949 1966 1983 dis-

1214 1976 1380 2044 pensaridi,
1403 2006 1432 2031 et
1448 1998 1670 2033 universitates
1692 2006 1723 2032 et
1740 2010 1890 2053 personas
1908 1998 1968 2032 liu-

1214 2047 1351 2082 iusmodi
1368 2047 1405 2081 ad
1430 2055 1545 2082 statum
1563 2048 1731 2095 pristinum
1750 2049 1779 2081 in
1808 2047 1965 2094 integrum

1213 2096 1401 2131 reducendi.

1262 2147 1282 2190 ἓ
1312 2146 1565 2181 11.Generales
1593 2155 1622 2180 et
1652 2145 1857 2193 particulares
1876 2158 1968 2181 exer—

1213 2196 1294 2230 eitus
1316 2197 1345 2230 in
1366 2195 1518 2230 auxilium
1536 2204 1564 2230 et
1579 2197 1805 2243 protettionem
1822 2196 1966 2231 eiusdem

1215 2245 1387 2289 Ecclesiae,
1409 2253 1509 2279 status
1537 2245 1658 2292 pacifici
1689 2244 1884 2286 l'atritnonii,
1907 2246 1967 2279 du-

1213 2302 1301 2328 ratus
1328 2273 1497 2335 Mai-elnae,
1522 2295 1777 2342 provinciarum,
1802 2295 1965 2329 civitatum

1213 2353 1243 2377 et
1271 2352 1422 2379 terrarum
1449 2344 1697 2391 praedictarum,
1725 2353 1755 2379 et
1780 2353 1887 2379 eontra
1918 2357 1967 2379 re-

1215 2393 1311 2427 belles
1334 2402 1363 2428 ct
1378 2401 1477 2428 status
1495 2395 1612 2449 pacifici
1630 2394 1808 2428 turbatores
1823 2402 1853 2428 et
1869 2407 1968 2442 quos-

1214 2455 1364 2490 cumque,
1387 2456 1423 2478 ex
1441 2444 1546 2478 causis
1567 2451 1595 2477 et
1620 2444 1688 2478 aliis
1709 2444 1967 2491 quibuscumque

1214 2500 1241 2526 et
1265 2493 1565 2541 quomodocumque
1599 2493 1769 2535 videbitur,
1793 2493 1966 2538 indicendi,

1215 2542 1359 2582 lat-iendi,
1388 2543 1609 2589 congregandi.

1263 2594 1282 2637 ξ
1312 2596 1366 2625 ta.
1392 2569 1523 2631 Hostis?
1542 2592 1675 2626 rebelles
1697 2601 1727 2626 et
1749 2593 1967 2627 contradicto-

424 2638 619 2681 l‘att·imonii,
642 2640 775 2673 duratus
798 2639 966 2683 Mareliiae,
996 2640 1171 2687 provincia-
1215 2652 1262 2674 res
1279 2641 1433 2687 quoslibet
1453 2654 1507 2688 per
1522 2641 1757 2678 admonitionis,
1769 2642 1965 2689 privationis,

1980 266 2028 293 An.
2050 267 2078 292 C.
2096 268 2161 294 l35'3

1993 719 2165 740 pactiones-vnn-

1979 754 2010 771 tra
2026 751 2101 771 bonum
2121 752 2160 771 ini-

1980 785 2010 801 tu·
2027 784 2136 802 ¹⁸415-*ittttltt

1992 1219 2100 1245 (lecupata
2131 1224 2168 1239 te-

1979 1251 2094 1276 cuperandi
2107 1257 2110 1261 ·

1995 1561 2043 1581 Cum
2096 1561 2166 1582 delin-

1982 1592 2095 1619 quentibus
2112 1599 2167 1613 corn>

1982 1624 2074 1649 ponendi
2086 1632 2088 1643 :

1991 2152 2101 2173 Exercitn-⁴
2111 2159 2169 2173 eont-

1983 2191 2006 2210 μι
2003 2186 2076 2204 tt'sstltll:

1995 2597 2072 2618 nostes
2106 2605 2165 2619 runi-

1982 2630 2095 2656 peut-ndi:
