2274 3265
201 269 250 289 Λι»Α
270 263 299 289 C.
315 263 381 289 twa

214 1999 336 2025 Cadmeum
349 2005 385 2020 ca-

202 2032 271 2050 nonici
288 2036 315 2051 sax
326 2030 381 2050 cala-

203 2067 235 2081 τις
261 2067 281 2080 in
311 2062 384 2081 eadem

202 2095 337 2112 1n=t7¹uuntur

450 253 517 284 '150

398 319 487 353 aliam
498 316 641 352 eiusdem
657 315 752 350 Urbis
765 314 941 350 Ecclesiam
957 315 1146 356 dedicatam,

398 366 576 401 dilectionis
610 373 640 400 et
678 364 853 399 devotionis
885 364 998 400 affectu
1038 376 1147 411 prose-

397 417 523 464 quimur
541 414 677 462 speciali:
709 415 888 460 pracsertim
923 414 964 448 ob
1002 426 1146 448 reveren-

397 467 469 500 tiam
498 464 667 500 Salvatoris
693 464 819 498 Domini
841 463 936 498 nostri
960 464 1027 498 lesu
1052 463 1147 497 Cbri-

398 516 448 558 sti,
472 522 503 549 et
525 513 605 549 beati
648 512 785 554 Ioannis,
821 524 955 560 quorum
1000 522 1047 547 est
1081 512 1145 558 ipsa

398 563 539 599 Ecclesia
564 562 715 598 vocabulo
731 562 890 609 insignita,
914 568 1039 596 nostrae
1057 572 1146 595 men—

399 616 437 648 tis
466 613 564 648 aciem
588 619 819 652 convertentes,
853 623 888 646 ac
923 610 1146 653 attendentes,

397 662 481 709 quod
507 662 588 697 dicta
616 661 768 704 Ecclesia,
796 661 825 694 iu
849 674 909 708 qua
933 659 1010 694 ordo
1038 658 1144 693 Sancti

398 710 567 758 Augustini
590 711 629 745 ab
650 711 779 757 antiquo
802 710 900 744 fuerat
917 710 1092 751 institutus,
1109 720 1146 742 ex

397 773 434 796 eo
467 760 626 803 maxime,
661 759 746 805 quod
795 758 938 793 canonici
988 757 1146 803 regulares

397 810 538 845 eiusdem
572 809 733 843 Ecclesiae
772 808 915 841 vivebant
951 807 1145 845 enormiter,

398 868 427 893 et
451 860 640 906 impotentes
662 865 749 892 erant
777 856 814 891 ad
845 857 909 890 iura
946 856 1045 902 ipsius
1078 855 1145 889 Ec—

397 909 510 943 clesiae
529 907 731 949 defensanda,
755 905 930 952 patiebatur
953 916 1013 938 non
1043 904 1146 939 modi—

397 970 464 991 cam
485 958 515 991 in
539 955 754 1002 spiritualibus
777 967 812 989 ac
839 955 868 988 in
896 953 964 988 suis
987 953 1079 988 bonis
1117 960 1147 987 ct

399 1006 522 1041 iuribus
554 1005 735 1045 laesioncm3
760 1016 816 1038 nec
836 1016 889 1050 per
916 1003 1017 1043 alios,
1052 1014 1145 1049 quam

398 1055 573 1090 saeculares
595 1054 727 1089 clericos
752 1060 871 1100 poterat
893 1053 1002 1087 eadem
1026 1052 1145 1086 Eccle—

397 1106 442 1140 sia
475 1104 640 1138 salubriter
689 1102 871 1142 rcl'ormari3
912 1114 984 1136 cum
1021 1109 1147 1148 propter

398 1154 561 1199 religionis
589 1165 717 1196 nexum,
740 1152 832 1186 cuius
855 1151 1075 1186 observantiae
1104 1163 1147 1185 rc-

398 1202 563 1250 cipiendos
587 1201 715 1236 indicta
739 1200 878 1236 Ecclesia
901 1213 933 1235 sc
949 1200 1146 1245 adstringere

397 1251 572 1299 oportebat,
601 1251 656 1285 viri
681 1258 837 1298 potentes,
881 1249 985 1285 idonei
1014 1257 1044 1284 et
1075 1249 1146 1283 lite-

399 1302 453 1337 rati
488 1301 525 1336 ad
561 1300 774 1335 defensionem
816 1299 955 1345 ipsorum
992 1298 1145 1333 bonorum

398 1359 427 1386 et
454 1351 581 1390 iurium,
609 1349 713 1397 quiin
750 1348 892 1384 Ecclesia
930 1348 995 1395 ipsa
1032 1347 1147 1383 vellent

400 1400 533 1443 institui,
556 1411 618 1433 uon
649 1406 791 1445 poterant
821 1398 966 1438 inveniri3
998 1396 1148 1432 firmiter-

398 1461 459 1497 que
487 1461 521 1484 ac
549 1447 764 1482 indubitanter
793 1448 968 1487 credentes,
1005 1446 1089 1492 quod
1122 1447 1145 1480 si

398 1511 435 1534 ex
459 1497 672 1545 providentiae
695 1504 819 1532 nostrae
844 1497 1000 1544 praesidio
1023 1495 1060 1530 ad
1077 1508 1147 1530 sae—

398 1547 519 1582 culares
546 1546 677 1581 clericos
701 1546 915 1587 transferatur,
938 1545 1050 1580 exinde
1084 1544 1148 1579 bo-

399 1609 456 1631 nor
481 1596 642 1643 proveniet
666 1595 724 1642 ipsi
749 1595 908 1630 Ecclesiae
922 1606 957 1630 ac
976 1594 1146 1642 profectus:

399 1646 510 1681 horum
539 1644 790 1680 consideratione
813 1645 911 1685 ducti,
937 1652 1005 1690 post
1029 1643 1149 1679 delibe-

399 1695 550 1730 rationem
579 1706 672 1741 super
695 1694 754 1728 boc
776 1706 847 1728 cum
866 1693 1013 1728 fratribus
1035 1693 1150 1728 nostris

400 1743 611 1791 praehabitam
640 1743 833 1790 diligentem,
856 1743 895 1778 de
923 1744 1064 1790 ipsorum
1088 1742 1150 1778 fra-

400 1804 479 1828 trum
521 1792 655 1828 consilio
685 1793 877 1840 providimus
909 1802 939 1829 et
983 1792 1047 1827 fore
1091 1792 1150 1827 de—

398 1844 554 1878 crevimus
577 1842 691 1877 dictam
715 1842 889 1878 Ecclesiam
910 1843 947 1877 dc
968 1842 1149 1877 huiusmodi

399 1892 599 1927 solummodo
622 1892 835 1927 saecularibus
857 1892 979 1928 clericis
1000 1900 1150 1939 perpetuo

399 1942 618 1983 ordinandam,
641 1955 677 1977 ac
699 1943 812 1977 amotis
842 1942 956 1977 exinde
989 1942 1151 1977 canonicis

401 1992 598 2039 regularibus
622 1993 652 2026 in
681 1992 790 2027 cadem
821 1992 959 2027 Ecclesia
996 1993 1151 2027 manenti-

401 2044 470 2087 bus,
498 2042 676 2090 quindecim
700 2042 814 2077 electas
836 2050 866 2077 et
889 2042 1019 2077 idoneas
1042 2055 1152 2090 perso-

400 2106 468 2137 nas,
492 2105 547 2140 per
575 2104 707 2140 quarum
741 2092 937 2139 probitatem,
966 2092 1151 2127 industriam

399 2156 428 2181 et
453 2148 622 2194 potentiam
660 2146 770 2182 eadem
809 2146 948 2181 Ecclesia
985 2146 1153 2182 salubriter

401 2202 515 2248 poterit
543 2202 573 2236 in
601 2200 819 2248 spiritualibus
852 2209 882 2236 et
925 2200 1152 2247 temporalibus

399 2254 579 2301 gubernari,
602 2264 632 2291 et
654 2256 683 2290 in
715 2255 884 2302 praedictis
906 2255 998 2290 bonis
1028 2262 1058 2289 et
1097 2255 1153 2289 iu-

401 2308 488 2344 ribus
523 2310 720 2345 manuteneri
758 2309 888 2352 utiliter,
924 2316 953 2343 et
1000 2308 1151 2349 defendi,

399 2364 582 2398 auctoritate
605 2363 775 2410 apostolica
805 2363 1002 2398 instituimus
1024 2364 1054 2398 in
1088 2364 1152 2410 ipsa

401 2417 540 2452 Ecclesia
564 2418 593 2452 in
618 2418 789 2453 canonicos
811 2426 841 2452 et
865 2418 894 2452 in
920 2418 1039 2453 fratres.
1069 2417 1151 2452 Nulli

400 2484 474 2517 ergo
502 2472 631 2507 omnino
660 2472 824 2507 bominum
857 2472 948 2507 liceat
983 2472 1062 2507 hanc
1098 2483 1153 2519 pa-

401 2526 504 2571 ginam
554 2535 677 2562 nostrae
713 2526 917 2561 institutionis
956 2526 1152 2573 infringere,

402 2579 448 2613 vel
471 2580 498 2614 ei
522 2593 599 2615 ausu
629 2581 793 2616 temerario
820 2580 988 2621 contraire;
1029 2580 1054 2615 si
1083 2580 1153 2628 quis

401 2640 505 2666 autem
529 2642 581 2667 etc.

964 260 1149 283 BULLARIUM
1177 259 1339 282 ROMANUM

1954 257 2003 283 An.
2022 257 2049 283 C.
2071 255 2138 282 ¹500

1239 315 1353 349 Datum
1381 313 1491 348 Trebis
1513 313 1603 348 tertio
1625 324 1725 347 nonas
1739 312 1939 359 septembris,

1190 364 1392 413 pontificatus
1414 362 1515 398 nostri
1543 373 1626 396 anno
1648 374 1675 395 v.

1219 426 1280 456 Dat.
1296 426 1343 456 die
1359 425 1377 455 3
1393 423 1570 463 septembris
1594 423 1674 457 1299,
1692 427 1769 461 pont.
1789 431 1864 452 anno
1881 431 1905 451 v.

1530 598 1597 634 XV.

1189 682 1342 714 Institutio
1359 681 1555 715 Sanctissimi
1572 680 1713 723 lubilaei,
1725 680 1942 724 plenariaeque

1235 737 1425 774 peccatorum
1472 730 1657 763 remissionis
1708 741 1768 773 pro
1808 729 1940 773 quolibet

1236 780 1394 812 centesimo
1431 791 1513 812 anno
1548 780 1689 812 basilicas
1716 778 1764 811 Ss.
1801 779 1886 811 Petri
1914 785 1940 809 et

1239 829 1333 861 Pauli
1346 829 1565 872 Apostolorum
1586 829 1622 860 dc
1646 828 1722 860 Urbe
1736 828 1939 860 visitantibus.

1456 905 1669 936 stannatum}

1188 971 1382 1001 visitantibus
1406 970 1567 1000 Ecclesiam
1603 971 1630 1000 S.
1657 971 1735 1001 Petri
1764 971 1873 1002 Romae
1896 973 1940 1002 in-

1228 1016 1405 1054 dulgentiae.
1432 1032 1471 1037 —
1493 1015 1519 1044 1.
1538 1014 1716 1045 Innovantur
1738 1025 1752 1045 a
1781 1015 1940 1047 Bonifacio.

1226 1077 1265 1082 --
1286 1060 1314 1090 2.
1340 1059 1395 1089 Pro
1422 1058 1554 1098 quolibet
1576 1059 1738 1089 centesimo
1762 1069 1837 1089 anno
1856 1059 1938 1090 lubi-

1228 1104 1324 1133 laeum
1351 1103 1527 1133 institutum.
1546 1119 1585 1125 -
1606 1103 1632 1132 3.
1649 1102 1770 1137 Quoties
1789 1101 1942 1142 Apostolo-

1229 1158 1293 1177 rum
1317 1148 1459 1177 visitanda
1480 1147 1613 1177 basilica.

1232 1222 1385 1251 Bonifacius
1402 1222 1545 1258 opiscopus
1572 1228 1665 1250 servus
1684 1228 1824 1250 sorvorum
1840 1221 1896 1254 Dei,

1323 1272 1356 1299 ad
1384 1271 1546 1307 perpetuam
1570 1271 1611 1299 roi
1637 1270 1807 1299 memoriam.

1238 1343 1450 1390 Antiquorum
1481 1342 1574 1377 babet
1597 1341 1657 1377 lide
1690 1342 1822 1387 relatio,
1856 1343 1940 1390 quod
1985 1360 2120 1381 insufflamus

1188 1391 1414 1428 accedentibus
1445 1391 1482 1426 ad
1526 1391 1744 1427 honorabilem
1782 1391 1939 1427 basilicam
1956 1390 2143 1443 ξξξξῗῗξζῐᾞηὶἰ

1189 1441 1345 1489 Principis
1356 1440 1584 1489 Apostolorum
1607 1440 1646 1476 de
1658 1440 1756 1486 Urbe,
1771 1454 1941 1477 concessae
1957 1438 2087 1480 angimus

1189 1500 1261 1526 sunt
1285 1502 1416 1538 magnae
1439 1490 1642 1526 remissiones
1669 1499 1699 1525 et
1729 1490 1942 1538 indulgentiae

1191 1549 1401 1588 peccatorum.

1238 1595 1253 1634 ς’
1278 1593 1308 1624 1.
1332 1589 1396 1624 Nos
1423 1587 1518 1636 igitur
1540 1590 1606 1636 qui,
1643 1589 1727 1624 iuxta
1764 1589 1858 1624 officii
1889 1602 1942 1624 no·
1971 1603 2098 1624 innovantur
2132 1609 2142 1622 a

1190 1642 1245 1675 stri
1269 1639 1423 1682 debitum,
1445 1638 1579 1674 salutem
1602 1639 1780 1686 appetimus
1815 1648 1844 1674 et
1868 1651 1943 1686 pro·
1957 1635 2071 1656 ¹³⁰¹‘'f”‘³⁰’

1191 1701 1340 1725 curamus
1362 1688 1511 1724 libentius
1533 1688 1743 1735 singulorum,
1760 1688 1940 1723 huiusmodi

1192 1739 1395 1774 remissiones
1429 1745 1459 1772 et
1500 1737 1718 1784 indulgentias
1759 1750 1870 1773 omnes
1914 1745 1957 1772 et·

1191 1788 1332 1836 singulas
1371 1796 1451 1824 ratas
1474 1795 1504 1822 et
1526 1794 1630 1835 gratas
1665 1787 1829 1832 habentes,
1859 1787 1943 1834 ipsas

1191 1837 1376 1874 auctoritate
1399 1837 1568 1885 apostolica
1592 1837 1818 1872 confirmamus
1841 1845 1870 1872 et
1892 1849 1944 1884 ap-

1193 1888 1376 1935 probamus,
1404 1895 1434 1922 et
1456 1887 1550 1922 etiam
1574 1887 1772 1931 innovamus,
1794 1895 1824 1922 et
1853 1899 1944 1934 prae-

1192 1938 1290 1973 sentis
1329 1937 1436 1985 scripti
1480 1936 1654 1984 patrocinio
1692 1937 1942 1972 communimus.

1241 1990 1310 2031 ξΞ.
1336 1988 1376 2023 Ut
1398 1995 1502 2022 autem
1546 1986 1721 2022 beatissimi
1762 1986 1876 2022 Petrus
1914 1994 1942 2021 et
1971 1999 2011 2020 rso
2049 1999 2142 2023 quotibet

1193 2038 1310 2072 Paulus
1351 2037 1484 2085 apostoli
1512 2048 1549 2071 eo
1577 2037 1714 2084 amplius
1738 2036 1943 2077 honorentur,
1959 2034 2144 2083 ffissjffie'ffnffffnffssf

1193 2100 1257 2135 quo
1279 2099 1387 2122 eorum
1424 2086 1571 2121 basilicae
1608 2086 1646 2120 de
1677 2086 1763 2121 Urbe
1800 2086 1944 2122 devotius
1960 2097 2032 2114 tutum-

1195 2137 1310 2172 fuerint
1337 2149 1351 2171 a
1382 2135 1530 2171 fidelihus
1559 2135 1783 2183 frequentatae,
1807 2143 1836 2171 et
1860 2135 1946 2171 fide-

1194 2187 1239 2222 les
1262 2187 1319 2234 ipsi
1343 2185 1552 2233 spiritualium
1578 2185 1742 2232 largitione
1765 2197 1944 2229 munerum,

1194 2249 1230 2271 ex
1261 2235 1444 2271 huiusmodi
1467 2235 1717 2282 frequentatione
1746 2235 1844 2282 magis
1871 2247 1947 2270 sen-

1194 2286 1291 2321 serint
1312 2297 1346 2321 se
1386 2285 1528 2329 refertos,
1556 2296 1614 2319 nos
1647 2285 1686 2319 de
1716 2285 1945 2332 omnipotentis

1195 2335 1251 2370 Dei
1275 2335 1502 2377 misericordia,
1530 2342 1561 2369 et
1596 2334 1781 2369 eorumdem
1817 2342 1945 2381 aposto·

1195 2386 1298 2420 lorum
1315 2386 1385 2419 eius
1413 2384 1533 2419 meritis
1561 2393 1591 2418 et
1614 2384 1800 2419 auctoritate
1824 2384 1945 2424 confisi,

1194 2435 1232 2470 de
1268 2435 1395 2469 fratrum
1426 2442 1604 2469 nostrorum
1629 2433 1761 2469 consilio
1803 2441 1834 2468 et
1868 2445 1947 2480 apo-

1194 2484 1322 2519 stolicae
1346 2483 1543 2531 plenitudine
1585 2483 1756 2530 potestatis,
1797 2483 1948 2521 omnibus

1196 2535 1224 2569 in
1259 2533 1413 2581 praesenti
1429 2545 1512 2569 anno
1528 2533 1695 2568 millesimo
1712 2534 1946 2573 trecentesimo,

1194 2596 1208 2618 a
1251 2584 1328 2619 festo
1360 2582 1538 2619 Nativitatis
1573 2582 1700 2618 Domini
1740 2582 1836 2618 nostri
1876 2581 1945 2618 lesu

1194 2632 1311 2668 Cbristi
1337 2633 1505 2681 praeterito
1545 2633 1686 2680 proxime
1725 2631 1883 2675 inchoato,
1918 2640 1946 2666 et
