2274 3265
1726 256 1793 289 1655

1098 321 1252 368 Ungariac
1280 322 1396 357 babere
1425 336 1458 358 se
1494 323 1650 363 credunt,
1686 323 1776 358 nobis
1815 333 1843 358 et

1096 370 1296 418 Apostolicae
1328 372 1402 407 Sedi
1439 381 1618 409 reverenter
1651 373 1842 413 ostendant;

115 271 207 298 Amc.
229 271 293 298 1305
899 266 1087 290 nominamus
1116 266 1173 288 viii
1204 267 1248 288 rr.

123 333 296 354 V0¹³¹¹¹ffl¹0r2¹==
312 325 469 374 cupimus,
493 335 525 360 ut
551 338 566 360 a
594 324 759 360 contrariis
791 336 917 371 prorsus
953 321 1055 357 absti—

115 365 251 385 t'oneestaum
262 370 298 384 re-

116 403 144 419 „2
161 395 297 421 mmmm„
313 383 407 411 neaut
428 382 459 411 et
484 375 648 415 desistam,
677 373 833 421 praelatis,
866 372 988 408 clericis
1027 379 1055 405 et

1861 266 1907 295 An.
1927 265 1954 292 C,
1973 267 2039 293 ¹505

129 1280 150 1301 Et
167 1281 268 1308 praestita
280 1285 299 1299 ei

115 1314 247 1332 sacramenta
264 1316 300 1331 re-

117 1344 199 1364 scindit:

134 2222 197 2250 Eique
219 2223 303 2249 quadri-

121 2257 201 2274 mestre
223 2255 304 2274 eonsti-

121 2286 159 2305 tuit
175 2285 199 2304 ad
220 2285 264 2305 iura
279 2285 303 2304 de

121 2317 220 2341 petitorio
253 2322 305 2343 pro-

122 2349 222 2369 ducenda.

114 429 222 453 ¹¹¹⁵issn'ff·
312 425 477 472 religiosis,
505 424 673 461 comitibus
700 423 764 457 sive
797 422 898 463 banis,
930 421 1056 457 baroni-

314 475 384 517 bus,
413 475 574 513 militibus,
597 473 718 509 civibus
751 471 925 519 incolisque
967 483 1056 518 prae-

313 525 383 560 fatis
409 525 468 560 sub
490 524 584 559 simili
613 535 712 571 poena
747 521 1056 556 excommunicatio-

314 576 374 614 nis,
404 583 433 610 et
460 574 569 609 eodem
604 572 698 608 modo
741 571 974 618 praecipimus,
1019 583 1057 605 ne

313 632 504 660 memoratos
526 635 633 669 regem
661 621 808 656 Boemiae
844 620 890 655 vel
924 621 993 655 eius
1022 620 1057 654 fi-

313 675 402 715 lium,
430 685 532 720 regem
554 671 709 717 Ungariae
733 670 893 705 nominare
931 670 977 705 vel
1018 670 1057 704 ti-

312 725 411 760 tulare
432 723 534 770 aliqua
554 720 768 756 nominatione
784 720 829 755 vel
846 719 1057 767 descriptione

313 780 523 822 praesumant,
547 783 623 806 neve
647 770 724 818 ipsis
746 777 798 805 aut
826 770 976 804 ministris
997 782 1057 804 eo—

311 836 380 858 rum
404 822 443 857 de
466 821 632 864 fructibus,
647 819 834 861 redditibus,
856 819 1057 866 proventibus

311 885 346 908 ac
369 872 489 907 iuribus
511 870 580 905 aliis
609 870 682 905 dicti
714 869 812 916 regni,
839 877 869 904 et
905 869 1059 916 praefato-

312 934 380 957 rum
403 921 461 957 sibi
489 920 697 956 adiacentium
739 919 948 967 respondeant
984 931 1060 967 quo-

311 984 373 1020 quo
401 970 507 1011 modo,
536 970 582 1005 vel
611 970 685 1017 ipsis
707 969 787 1004 circa
804 968 1058 1016 occupationem,

313 1021 516 1065 invasionem,
545 1020 755 1055 detentionem
784 1032 839 1053 seu
878 1019 1060 1066 usurpatio-

313 1083 384 1106 nem
408 1070 570 1105 memorati
599 1069 685 1116 regni
710 1068 877 1114 Ungariae,
900 1077 929 1103 et
967 1081 1060 1116 prae-

312 1121 495 1161 missorum‚
523 1132 602 1167 qnae
630 1131 749 1154 annexa
772 1126 846 1152 sunt
885 1117 943 1153 sibi
961 1145 970 1162 ,
1006 1130 1061 1153 oc-

313 1170 398 1206 culte
421 1170 467 1205 vel
495 1169 618 1216 publice
642 1167 807 1203 consilium
832 1167 880 1202 vel
911 1167 1058 1202 auxilium

313 1220 455 1261 afferant,
482 1219 528 1254 vel
551 1218 685 1253 alicuius
721 1217 911 1264 praesidium
949 1217 1060 1251 favoris

315 1269 508 1318 impendant.
536 1268 600 1303 Nos
627 1267 710 1301 enim
736 1267 899 1313 praelatos,
929 1266 1062 1301 clericos

314 1328 344 1355 et
371 1319 546 1365 religiosos,
569 1318 700 1353 comites
725 1316 791 1351 sive
818 1316 927 1360 banOS,
964 1315 1062 1350 baro—

315 1381 381 1410 nes,
404 1368 532 1412 milites,
554 1367 640 1402 cives
666 1374 696 1401 et
719 1366 836 1401 incolas
871 1374 1062 1401 memoratos

313 1418 351 1453 ab
373 1417 524 1453 omuibus
550 1416 715 1462 homagiiS,
743 1416 946 1450 sacramentis
985 1416 1062 1450 fide-

314 1468 420 1508 litatis,
435 1467 645 1514 colligationis
658 1474 710 1500 ant
729 1465 967 1509 coniurationis,
983 1478 1062 1513 quae

314 1516 495 1566 praelibatis
528 1517 592 1564 regi
620 1515 782 1556 Boemiae,
810 1514 871 1549 filio
913 1523 966 1549 aut
1002 1516 1064 1550 mi·-

315 1567 421 1603 nistris
442 1579 552 1603 eorum
569 1565 805 1614 praestiterunt,
818 1573 871 1599 aut
889 1577 961 1600 cum
986 1565 1063 1613 ipsis

314 1619 345 1652 in
368 1617 599 1665 praeiudicium
623 1615 779 1650 dictorum
808 1615 934 1661 reginae
963 1624 992 1650 et
1016 1627 1064 1650 re-

314 1668 360 1714 gis
384 1667 539 1714 Ungariae
554 1666 755 1713 aliquatenus
774 1665 921 1706 inierunt,
942 1665 1064 1700 etiamsi

315 1730 350 1753 ea
378 1717 493 1752 fuerint
521 1717 782 1755 iuramentorum,
807 1727 979 1763 poenarum
1009 1715 1064 1750 ad-

317 1767 449 1803 iectione
473 1767 519 1802 vel
546 1767 659 1814 quovis
678 1766 739 1801 alio
763 1765 886 1800 vinculo
909 1764 1063 1805 roborata;

315 1829 395 1866 quae
418 1817 537 1854 viribus
565 1830 660 1854 vacua
682 1826 712 1853 et
734 1817 818 1852 nulla
853 1815 917 1850 sore
954 1827 1065 1851 cense-

317 1880 387 1903 mus
418 1877 447 1904 et
470 1881 575 1904 carere
598 1869 800 1905 decernimus
833 1867 918 1902 omni
954 1866 1064 1902 robore

317 1922 484 1963 firmitatis,
506 1921 710 1961 absolvimus,
737 1927 767 1954 et
794 1919 831 1955 ad
865 1931 972 1954 eorum
1008 1918 1065 1953 ob-

316 1973 536 2016 servationem,
559 1970 859 2019 quomodocumque
881 1977 930 2004 ant
964 1981 1066 2016 qnan-

317 2031 521 2069 tumcumque
545 2034 578 2057 se
593 2020 795 2056 astrinxerint
818 2032 873 2067 pro
901 2019 1065 2054 observan-

317 2072 364 2107 dis
395 2072 536 2113 eisdem,
561 2073 646 2119 ipsos
680 2070 882 2106 decernimus
921 2081 980 2104 nou
1019 2078 1065 2103 te-

318 2134 395 2157 neri.

367 2173 386 2219 ,ξ
408 2176 440 2207 6.
464 2172 645 2215 Caeterum,
669 2179 713 2213 ut,
736 2183 815 2218 quae
844 2169 983 2217 gravitati
1008 2169 1066 2203 Se-

319 2222 367 2257 dis
389 2222 589 2270 Apostolicae
623 2230 813 2268 congruunt,
849 2233 920 2255 cum
962 2219 1064 2253 debita

321 2274 495 2308 maturitate
522 2284 694 2316 servemus,
718 2284 775 2306 nee
810 2270 1016 2306 excludamus
1051 2281 1065 2303 a

319 2323 434 2358 nostris
478 2322 678 2370 processibus
711 2321 843 2356 amicam
884 2321 914 2354 in
954 2320 1065 2354 throno

319 2372 502 2408 sedentibus
528 2372 730 2420 aequitatem,
753 2372 816 2419 regi
845 2370 991 2406 ssoemiae
1029 2370 1066 2403 ss-

320 2422 427 2470 lioque
450 2422 593 2470 praefatis
618 2422 863 2469 peremptorium
896 2421 1064 2455 terminum

319 2480 452 2519 quatuor
475 2473 644 2517 mensium,
672 2485 687 2507 a
715 2471 766 2507 die
793 2471 882 2506 datae
924 2482 1068 2518 praesen-
1102 2488 1108 2493 -

321 2523 398 2558 tium
428 2522 659 2558 numerandum
688 2523 719 2556 in
742 2530 844 2562 antea,
881 2529 910 2555 et
942 2533 1065 2568 pereni-

322 2573 421 2621 ptorie
445 2573 659 2621 praefinimus,
684 2572 761 2607 infra
788 2572 879 2605 cuius
919 2570 1067 2617 temporis

321 2624 455 2670 spatium
478 2624 536 2671 ipsi
566 2636 620 2670 per
642 2635 675 2657 se
698 2622 743 2655 vel
767 2621 843 2655 alios
871 2628 922 2655 aut
958 2621 1066 2657 alium,

322 2674 347 2708 si
376 2685 434 2720 qua
458 2673 523 2708 iura
562 2674 600 2708 de
641 2672 830 2719 proprietate
865 2670 940 2705 dicti
979 2670 1066 2716 regni

1097 420 1210 467 illaque
1233 428 1338 467 petant
1376 430 1406 457 et
1446 431 1687 470 prosequantur,
1724 431 1755 457 ut
1790 435 1843 458 ex-

1098 469 1183 517 pedit
1205 470 1314 505 ordine
1342 470 1458 512 debito,
1481 482 1511 507 et
1535 472 1716 507 rationabile
1740 473 1843 510 suerit.

1097 520 1179 554 sicut
1202 519 1277 567 ipsis
1300 520 1413 556 melius
1437 521 1592 556 ridebitur
1613 522 1772 569 expedire.
1787 522 1846 557 Su-

1099 581 1153 617 per
1180 570 1373 616 possessorio
1401 579 1503 605 tamen
1527 571 1754 618 cuiuscumque
1772 584 1845 618 spe-

1098 620 1155 655 ciei
1179 619 1226 654 vel
1253 621 1378 666 generis
1407 632 1462 667 pro
1484 620 1568 655 dicto
1591 633 1686 667 regno
1730 620 1845 667 Unga—

1099 670 1162 704 riae
1198 677 1382 711 meinorato,
1417 670 1481 716 regi
1518 670 1665 705 Boemiae
1701 670 1746 704 vel
1783 671 1845 705 filio

1098 727 1309 767 competente,
1337 728 1463 767 propter
1485 731 1595 754 eornm
1615 720 1844 755 contumaciam

1098 771 1143 804 sic
1171 776 1360 804 contractam
1397 778 1581 816 perpetuum
1610 769 1768 804 silentium
1802 770 1846 804 eis

1099 819 1248 854 duximus
1283 818 1521 866 imponendum.
1560 818 1646 853 Ultra
1683 819 1846 865 praemissi

1101 881 1171 904 vero
1195 869 1343 916 temporis
1369 869 1503 915 spatium
1534 868 1774 916 quadrimestre,
1810 881 1847 903 ne

1101 919 1129 953 in
1152 926 1302 966 potestate
1324 918 1363 953 sit
1390 918 1545 954 dictorum
1581 918 1729 954 Boemiae
1765 919 1848 964 regis

1100 977 1130 1004 et
1154 968 1206 1003 fitii
1236 967 1408 1015 inquietare
1448 981 1502 1015 pro
1540 967 1639 1009 libito,
1683 967 1848 1003 molestare

1101 1019 1290 1065 frequenter,
1313 1026 1343 1053 et
1366 1026 1398 1053 ut
1425 1018 1542 1053 vitandi
1574 1016 1714 1053 scandali
1757 1029 1848 1052 occa-

1101 1068 1220 1103 sionem
1257 1067 1404 1103 tollamus
1453 1077 1483 1103 et
1514 1080 1652 1112 causam,
1690 1079 1729 1102 ex
1765 1079 1849 1102 nunc

1103 1125 1193 1165 prout
1216 1129 1252 1151 ex
1270 1125 1344 1152 tunc
1363 1118 1392 1152 in
1417 1117 1483 1152 iure
1505 1131 1539 1153 ac
1556 1117 1744 1165 proprietate
1762 1128 1849 1152 com-

1103 1166 1280 1214 petentibus
1308 1167 1383 1214 ipsis
1411 1167 1539 1202 forsitan
1570 1167 1600 1201 in
1637 1179 1733 1213 regno
1757 1179 1848 1212 prae-

1103 1217 1163 1251 fato
1183 1216 1409 1251 iurisdictionis
1437 1225 1560 1252 nostrae
1596 1223 1628 1251 et
1649 1215 1849 1264 Apostolicae

1101 1266 1193 1301 Sedis
1221 1265 1417 1313 denegamus
1458 1265 1647 1301 immutabili
1691 1266 1850 1301 edictione

1104 1315 1305 1363 praesidium:
1333 1323 1362 1351 et
1389 1316 1434 1351 eis
1462 1317 1493 1351 in
1522 1315 1668 1350 tribunali
1695 1328 1850 1362 quocum-

1103 1378 1164 1413 que
1192 1373 1253 1399 tam
1288 1365 1326 1400 de
1362 1365 1491 1406 iustitia,
1528 1366 1646 1408 fomite,
1681 1378 1776 1412 quam
1812 1364 1851 1400 de

1104 1415 1203 1462 ipsius
1232 1416 1394 1462 potestatis
1428 1415 1624 1463 plenitudine
1664 1422 1850 1463 perpetuum

1104 1465 1265 1500 silentium
1290 1464 1494 1512 imponimus,
1517 1465 1555 1500 de
1573 1465 1702 1500 fratrum
1721 1465 1851 1500 consilio

1106 1514 1348 1562 praedictorum.
1373 1515 1415 1550 Ita
1434 1514 1575 1562 quidem,
1591 1514 1676 1563 quod
1697 1514 1851 1562 praedicta

1105 1565 1229 1600 termini
1265 1565 1451 1612 praefinitio,
1492 1564 1719 1600 iurisdictionis
1754 1564 1852 1600 dene—

1104 1615 1199 1661 gatio,
1223 1614 1380 1662 impositio
1419 1614 1534 1650 silentii
1563 1628 1600 1651 ex
1628 1627 1712 1650 nunc
1746 1614 1852 1661 elapso

1106 1665 1165 1699 iam
1189 1664 1272 1699 dicto
1296 1664 1535 1711 quadrimestris
1575 1664 1687 1713 spatio,
1723 1663 1853 1711 perinde

1106 1715 1243 1761 vigorem
1267 1714 1401 1749 babeant
1430 1722 1460 1750 et
1498 1714 1656 1755 effectum,
1691 1726 1726 1749 ac
1760 1714 1785 1748 si
1821 1713 1851 1748 in

1106 1763 1247 1800 eiusdem
1269 1763 1418 1800 Boemiae
1446 1765 1529 1811 regis
1556 1772 1585 1800 et
1618 1763 1673 1798 lilii
1708 1764 1851 1798 notitiam

1107 1827 1161 1862 per
1184 1814 1314 1849 formam
1353 1815 1510 1850 citationis
1544 1814 1654 1849 solitae
1689 1814 1852 1861 pervenis-

1106 1873 1186 1909 sent,
1209 1878 1281 1900 cum
1305 1865 1505 1912 magistratus
1529 1864 1577 1900 alii
1598 1864 1691 1899 etiam
1714 1876 1776 1898 non
1792 1875 1853 1898 ma-

1108 1916 1189 1951 iores
1216 1916 1255 1951 de
1278 1916 1354 1951 iuris
1376 1915 1500 1951 licentia
1525 1927 1580 1962 per
1607 1913 1708 1949 edicta
1735 1913 1764 1947 in
1781 1913 1853 1948 seri-

1108 1967 1168 2015 ptis
1192 1966 1316 2014 publice
1339 1966 1385 2000 vel
1414 1966 1443 2000 in
1466 1964 1560 2000 aedes
1579 1964 1737 2012 proposita
1759 1963 1853 1998 citare

1108 2017 1241 2057 valean13
1271 2028 1328 2052 nec
1355 2016 1393 2050 sit
1421 2015 1586 2051 verisimile
1615 2014 1660 2049 vel
1689 2026 1852 2062 praesum-

1108 2075 1208 2114 ptum,
1233 2075 1265 2102 ut
1288 2066 1458 2114 praemissa
1484 2066 1514 2100 in
1540 2064 1682 2100 notitiam
1709 2073 1738 2099 et
1774 2075 1851 2098 cou-

1107 2117 1268 2152 scientiam
1291 2116 1445 2151 dictorum
1469 2115 1615 2150 Boemiae
1643 2113 1724 2160 regis
1745 2121 1775 2148 et
1798 2112 1851 2146 filii

1107 2167 1212 2202 debito
1240 2175 1382 2213 tempore
1417 2165 1564 2201 devenire
1605 2176 1666 2198 non
1709 2163 1852 2199 valeant.

1107 2229 1186 2264 quae
1204 2217 1234 2251 in
1258 2216 1432 2264 praesentia
1453 2215 1552 2263 ipsius
1574 2213 1752 2249 consistorii
1770 2223 1854 2259 prae-

1107 2268 1263 2302 dictorum
1289 2266 1510 2314 praelatorum,
1534 2264 1731 2310 aliorumque
1777 2261 1852 2309 plu—

1109 2318 1188 2353 rium
1217 2326 1245 2352 et
1268 2315 1449 2352 eorumdem
1474 2314 1663 2349 nunciorum
1686 2324 1721 2347 ac
1755 2323 1853 2347 excu-

1108 2376 1245 2404 satorum
1270 2367 1404 2401 maxime
1431 2372 1503 2400 sunt
1526 2373 1585 2399 tam
1617 2362 1750 2409 vulgate,
1779 2369 1853 2397 tani-

1108 2431 1167 2467 que
1189 2417 1372 2452 solemniter
1394 2414 1563 2462 publicata.

1108 2502 1235 2564 collapsi
1260 2516 1426 2563 disponere
1454 2526 1524 2549 cum
1548 2513 1687 2560 ipsorum
1725 2511 1851 2546 fratrum

1109 2619 1180 2658 rint,
1207 2615 1355 2664 praevisis
1378 2614 1516 2649 consiliis
1543 2612 1790 2660 opportunisque
1808 2622 1853 2645 re-

1110 2668 1233 2711 mediis,
1273 2673 1400 2700 auctore
1436 2663 1582 2707 Domino,
1618 2668 1852 2710 proponentes,

1158 2468 1176 2511 Ε
1204 2471 1234 2501 7.
1262 2466 1307 2501 De
1340 2464 1559 2500 reformatione
1600 2461 1726 2510 praefati
1767 2460 2028 2507 regniffneiormamn.

1867 2504 2050 2554 ἶὲῖἰῒῖῗὲηῖῗὲέ

1108 2569 1250 2608 consilio,
1279 2573 1369 2614 prout
1393 2573 1532 2611 tempora
1555 2575 1587 2598 se
1612 2569 1682 2610 apta
1706 2560 1850 2609 praebue-
1867 2565 1982 2591 promum.
