2274 3265
219 215 266 241 An.
289 214 317 242 C.
335 215 399 243 ¹356

462 205 531 238 596

412 272 540 306 cedente
568 270 723 304 licentiam
753 270 798 304 vel
828 270 920 304 dante
942 270 1150 305 obedientiam

413 320 622 368 praeligatum
647 331 704 353 nec
719 318 812 353 alicui
829 319 1009 354 huiusmodi
1027 320 1151 354 licentia

411 369 600 405 concedatur
622 369 689 403 sine
707 381 798 403 causa
822 369 899 404 iusta
914 379 944 404 et
967 369 1152 408 rationabili,

411 432 504 467 quam
528 418 553 453 is
575 419 626 465 qui
655 418 706 452 dat
724 418 893 458 licentiam,
915 419 1063 452 aextimet
1084 431 1152 453 esse

412 481 528 504 veram.
551 467 632 502 Cum
650 478 752 502 autem
775 468 866 502 alicui
891 468 1151 503 dabiturlicentia

413 517 608 564 ingrediendi
631 517 800 560 civitatem,
823 518 938 561 villam,
954 527 1088 551 castrum
1107 517 1152 551 vel

412 566 574 615 oppidum,
603 566 653 600 ubi
682 566 790 602 fratres
819 575 1001 606 morantur,
1031 566 1079 606 is,
1101 567 1153 612 qui

412 616 582 652 licentiabit
600 629 684 659 eum,
707 616 842 662 inquirat
864 616 902 650 de
925 617 992 650 loco
1007 615 1051 649 vel
1067 615 1153 653 locis,

412 666 450 701 de
475 678 604 712 persona
626 678 680 700 seu
702 666 853 711 personis,
869 666 897 699 in
911 665 1025 711 quibus
1040 674 1153 699 etcum

412 715 527 762 quibus
554 715 644 749 l'rater
672 714 879 749 licentiandus
896 714 1020 748 babebit
1037 713 1153 761 aliquid

412 765 558 810 expedire
575 778 582 805 3
605 772 634 798 et
654 764 799 810 praefigat
821 764 880 798 sibi
904 774 1018 798 certain
1035 763 1155 802 horam,

414 814 490 848 infra
518 826 612 860 quam
649 814 749 847 redire
785 813 821 847 ad
861 813 963 846 locum
982 840 988 851 ,
1017 812 1055 847 de
1093 825 1156 859 quo

413 863 570 909 egreditur
592 891 600 906 ,
628 871 779 897 teneatur.
814 861 921 896 Frater
953 874 1024 896 vero
1052 862 1158 897 huius-

414 912 497 947 modi
526 912 681 946 licentiam
700 912 870 957 accipiens,
898 919 1016 949 caveat,
1053 924 1091 946 ne
1118 912 1155 945 ad

413 962 470 996 alia
498 962 563 996 loca
586 960 734 1004 declinet,
758 973 815 994 nec
836 973 906 994 cum
931 961 1073 1006 personis
1087 961 1158 995 aliis

415 1019 533 1051 tractet,
557 1022 614 1045 nec
637 1009 714 1044 ultra
740 1009 906 1056 praelixam
929 1009 988 1044 sibi
1005 1009 1156 1044 redeundi

414 1061 520 1095 boran]
558 1072 675 1094 moram
704 1058 886 1105 protrahat,
916 1059 973 1092 nisi
1006 1072 1159 1106 superve-

416 1111 504 1144 niens
539 1109 733 1144 necessitatis
766 1108 915 1143 articulus
939 1120 1011 1142 eum
1034 1119 1158 1154 cogeret

415 1159 502 1194 aliter
537 1171 569 1193 se
604 1158 740 1198 babere,
771 1171 864 1204 «eptem
894 1158 958 1204 ipse
996 1166 1025 1191 et
1053 1159 1159 1193 socius

415 1209 483 1243 eius
525 1209 554 1242 in
589 1220 696 1243 eorum
733 1219 875 1253 regressu
912 1220 969 1242 suo
1006 1208 1158 1254 superiori

385 1277 388 1280 -
416 1270 577 1312 exponere
614 1265 799 1292 teneantur..
832 1256 1048 1292 Provinciales
1088 1270 1159 1292 vero

416 1307 547 1341 ministri
571 1308 601 1341 in
628 1319 738 1341 eorum
764 1306 932 1351 provinciis
955 1315 984 1340 et
1012 1307 1160 1342 custodes

416 1358 590 1403 inquorum
606 1355 770 1398 custodiis,
785 1368 820 1390 ae
838 1355 1013 1401 guardiani
1030 1356 1059 1390 in
1079 1369 1161 1403 quo-

417 1418 483 1440 rum
506 1405 713 1440 conventibus
728 1405 890 1439 discursus
909 1405 1033 1439 inutiles
1047 1406 1160 1439 suerint

416 1455 616 1502 frequentati,
645 1455 775 1500 puniant
801 1454 1013 1489 discurrentes
1039 1467 1161 1489 secun—

416 1505 490 1538 dum
518 1503 699 1538 huiusmodi
727 1504 929 1538 discursuum
953 1504 1159 1550 quantitatem

416 1562 446 1588 et
468 1554 560 1587 etiam
583 1553 783 1599 qualitatem:
816 1561 845 1587 et
873 1553 897 1587 si
921 1552 995 1587 dicti
1024 1554 1159 1588 ministri

416 1602 597 1637 huiusmodi
628 1602 790 1636 discursus
826 1603 855 1636 in
884 1603 952 1636 suis
990 1603 1161 1649 provinciis

418 1651 619 1698 permiserint
641 1651 844 1698 frequentari,
861 1664 915 1698 per
934 1651 1110 1687 visitatores
1131 1652 1159 1685 id

417 1701 619 1735 denuntietur
640 1701 777 1746 generali
797 1700 936 1755 capitulo
958 1701 1004 1735 vel
1023 1701 1159 1748 generali

418 1751 571 1794 ministro⁷
596 1758 627 1784 ut
651 1750 798 1797 praedicti
828 1750 959 1784 ministri
989 1764 1043 1797 per
1071 1763 1162 1797 prae-

418 1800 496 1835 fatos
526 1799 698 1847 capitulum
729 1800 773 1834 vel
802 1799 1003 1841 ministrum;
1033 1800 1160 1846 praefati

419 1862 489 1885 vero
505 1849 651 1884 custodes
664 1858 694 1884 et
708 1849 869 1895 guardiam
886 1863 940 1896 per
956 1849 1162 1895 provinciales

420 1901 577 1935 ministros
610 1900 647 1934 de
670 1900 851 1934 huiusmodi
880 1899 1067 1946 negligentia
1104 1899 1162 1935 de—

418 1951 481 1985 bite
515 1951 723 1997 corrigantur.
758 1949 856 1984 Porro
892 1962 962 1983 cum
991 1950 1020 1984 in
1058 1951 1161 1995 regula

419 2002 491 2036 dicti
515 2000 644 2036 Ordinis
670 1999 867 2034 contineatur
889 2012 1048 2046 expresse,
1078 2000 1161 2046 quod

420 2051 528 2086 fratres
556 2064 616 2085 non
649 2049 783 2084 debeant
807 2050 958 2096 equitare,
983 2050 1039 2083 nisi
1065 2050 1164 2083 mani-

421 2101 495 2135 festa
519 2101 702 2135 necessitate
726 2099 770 2133 vel
799 2099 978 2134 infirmitate
1001 2108 1163 2145 cogantur,

420 2160 528 2185 tenore
544 2150 741 2197 praesentium
759 2149 951 2187 ordinamus,
963 2149 1046 2195 quod
1060 2149 1165 2195 prius-

422 2213 514 2246 quam
541 2200 652 2247 aliquis
675 2200 767 2233 l'rater
789 2198 827 2232 de
865 2198 932 2233 loco
957 2199 1061 2245 aliquo
1089 2198 1163 2232 dicti

422 2249 551 2284 Ordinis
574 2249 769 2295 prolecturus
795 2256 903 2288 exeat,
927 2248 965 2283 de
998 2247 1163 2294 praedictis

424 2301 608 2334 necessitate
647 2308 677 2333 et
711 2298 911 2341 infirmitate,
948 2298 1090 2332 minister
1121 2298 1163 2331 vel

423 2358 552 2390 custos,
580 2351 603 2384 si
634 2349 745 2383 fuerint
771 2348 886 2383 ibidem
913 2357 1102 2395 praesentes,
1119 2347 1164 2381 vel

426 2400 454 2433 in
473 2412 580 2434 eorum
596 2398 734 2434 absentia
751 2398 789 2433 de
811 2398 1017 2433 discretorum
1033 2397 1165 2432 consilio

424 2449 614 2495 guardianus
637 2449 681 2483 vel
704 2450 774 2483 eius
798 2448 928 2483 vicarius
951 2447 1061 2482 debeat
1087 2447 1167 2481 arbi-

426 2500 514 2533 trari:
543 2499 567 2533 si
596 2511 667 2532 vero
682 2498 772 2532 alicui
789 2498 872 2532 fratri
897 2505 980 2532 extra
1009 2497 1074 2531 loca
1091 2496 1164 2531 dicti

427 2547 565 2588 Ordinis,
583 2549 611 2582 in
626 2549 736 2582 itinere
759 2548 804 2582 vel
827 2547 897 2582 alibi
917 2547 1089 2581 constituto
1112 2559 1167 2580 ne-

429 2597 553 2631 cessitas
574 2598 616 2631 vel
642 2597 803 2632 inlirmitas
823 2596 1001 2631 huiusmodi
1019 2596 1167 2641 evenerit,

983 216 1084 238 BULLA
1090 216 1169 238 ΚΗΛ]
1197 215 1358 237 Romanum

1194 271 1230 304 ita
1241 268 1324 315 quod
1338 269 1568 316 praedictorum
1582 269 1716 303 ministri
1726 270 1939 308 autcustodis.

1197 318 1358 365 guardiaui
1382 330 1436 352 seu
1462 317 1565 352 vicarii
1585 318 1759 363 praeseutia
1775 321 1939 354 commode

1195 380 1256 403 non
1282 367 1379 414 possit
1392 367 1515 410 haberi,
1538 375 1614 401 tuuc
1627 367 1731 406 frater,
1746 379 1839 414 quem
1855 371 1941 416 equi-

1195 427 1258 452 tare
1268 417 1445 463 contigerit,
1455 416 1566 451 debeat
1578 417 1681 451 statim
1692 428 1763 451 cum
1778 419 1894 453 venerit
1903 419 1939 453 ad

1196 466 1401 513 praesentiam
1410 466 1547 501 alicuius
1561 465 1791 513 praedictorum
1807 468 1940 514 superiov

1196 529 1263 550 rum
1279 528 1423 557 suorum,
1436 528 1573 555 causam,
1585 523 1711 562 propter
1723 528 1816 562 quam
1828 517 1944 563 equita-

1196 565 1462 611 verit,explicare,
1478 565 1530 611 qui
1548 577 1619 599 cum
1641 564 1774 599 consilio
1795 565 1943 600 discreto-

1197 628 1264 649 rum
1277 627 1401 649 causam
1426 614 1607 649 huiusmodi
1622 615 1800 649 examinare
1816 614 1943 654 habeam

1196 672 1226 699 et
1247 664 1272 698 si
1293 676 1361 699 eain
1381 663 1600 710 approbaverit
1614 690 1623 706 .,
1646 663 1740 698 frater
1762 663 1942 699 huiusmodi

1197 714 1236 748 sit
1252 713 1402 747 immunis
1416 725 1431 747 a
1447 725 1557 767 poena,
1585 713 1723 759 alioquin
1748 721 1808 747 tam
1841 713 1877 756 is,
1891 714 1943 760 qui

1197 763 1265 797 siue
1300 762 1461 816 praedicto
1495 775 1595 809 primo
1617 762 1748 797 arbitrio
1780 775 1946 810 praesum-

1199 812 1295 859 pserit
1317 812 1468 858 equitare,
1491 824 1586 859 quam
1608 812 1700 846 etiam
1725 811 1786 852 ille,
1806 812 1898 847 cuius
1915 826 1944 846 ιιι

1198 874 1271 895 casu
1296 861 1438 907 proximo
1457 873 1580 895 causam
1599 861 1791 908 praedictam
1815 874 1875 896 non
1897 862 1947 896 iu—

1199 910 1369 945 dicaverint
1398 922 1468 945 esse
1490 910 1622 951 iustam
1648 923 1703 958 pro
1724 910 1775 945 die
1794 911 1946 966 qualibet

1198 973 1258 1006 qua
1282 959 1462 994 huiusmodi
1493 959 1534 994 rei
1563 967 1774 1006 transgressor
1797 961 1946 999 extiterit

1201 1021 1260 1043 una
1282 1009 1360 1044 die
1355 1023 1385 1043 in
1410 1021 1489 1055 pane
1512 1017 1542 1043 et
1563 1021 1643 1055 aqua
1665 1009 1801 1044 debeat
1796 1010 1948 1054 ieiunare,

1200 1071 1293 1105 quam
1319 1058 1544 1105 poenitentiam
1569 1058 1646 1093 infra
1669 1058 1851 1105 quindecim
1881 1059 1948 1094 dies

1201 1107 1381 1143 immediate
1403 1116 1573 1155 sequentes
1596 1107 1710 1142 debeat
1733 1107 1894 1147 inchoare
1910 1110 1946 1143 ad

1200 1170 1292 1205 qnam
1322 1157 1413 1192 etiam
1439 1156 1651 1212 peragendam
1677 1169 1741 1212 per
1757 1169 1832 1192 suos
1857 1171 1950 1205 supe-

1202 1208 1298 1242 riores
1320 1215 1459 1253 cogatur.
1495 1206 1588 1249 Quod
1611 1219 1637 1241 si
1665 1206 1800 1241 ministri
1825 1207 1871 1241 vel
1899 1208 1948 1242 alii

1200 1257 1380 1303 superiores
1403 1256 1552 1303 praedicti
1578 1256 1608 1290 in
1630 1256 1690 1291 hoc
1703 1255 1821 1290 fuerint
1837 1258 1948 1304 reperti

1201 1305 1383 1352 culpabiles,
1398 1318 1453 1352 per
1467 1305 1749 1340 visitatoresacrius
1763 1306 1950 1352 puniantur,

1201 1364 1230 1390 et
1257 1356 1280 1390 si
1306 1355 1488 1389 huiusmodi
1518 1355 1623 1389 vitium
1652 1354 1815 1402 equitandi
1839 1354 1868 1389 in
1892 1357 1950 1390 ali-

1201 1418 1259 1452 qua
1285 1405 1445 1451 provincia
1472 1416 1641 1438 commuue
1661 1403 1756 1440 fuerit
1777 1412 1829 1439 aut
1859 1418 1950 1439 com-

1202 1454 1337 1488 muniter
1360 1455 1521 1494 usitatum,
1545 1466 1598 1500 per
1619 1453 1748 1488 eosdem
1777 1454 1950 1490 visitatores

1202 1503 1407 1538 denuntietur
1435 1503 1573 1550 capitulo
1594 1503 1756 1549 generali,
1785 1515 1840 1550 per
1866 1504 1950 1550 quod

1202 1552 1402 1600 provideatur
1415 1552 1586 1599 superlioc
1601 1552 1640 1587 de
1664 1551 1803 1587 remedio
1826 1565 1950 1600 oppor—

1203 1611 1290 1636 tuno.

1250 1652 1270 1697 S
1287 1653 1340 1685 10.
1360 1650 1529 1685 Caeterum
1547 1651 1691 1685 volumus
1706 1658 1737 1685 et
1753 1650 1951 1696 mandamus,

1202 1701 1284 1746 quod
1322 1700 1429 1734 fratres
1457 1700 1531 1734 dicti
1559 1699 1689 1734 Ordinis
1726 1713 1855 1735 munera
1895 1714 1950 1736 seu

1203 1750 1329 1784 donaria
1359 1749 1523 1793 ministris2
1546 1762 1603 1783 seu
1627 1749 1696 1784 aliis
1730 1750 1951 1797 superioribus

1203 1800 1280 1843 suis,
1304 1806 1356 1833 aut
1378 1811 1486 1833 eorum
1514 1799 1611 1833 sociis
1639 1811 1694 1833 seu
1720 1799 1926 1834 familiaribus
1943 1829 1950 1840 ,

1205 1862 1259 1895 per
1286 1861 1319 1884 se
1343 1848 1388 1883 vel
1416 1848 1513 1883 alium
1542 1861 1605 1883 non
1627 1849 1762 1883 audeant
1785 1850 1950 1895 impertiri.

1204 1898 1264 1945 lpsi
1292 1911 1419 1946 quoque
1448 1898 1581 1932 ministri
1608 1910 1664 1937 seu
1699 1898 1877 1945 superiores
1899 1899 1951 1934 alii

1203 1961 1380 1995 eorumque
1402 1949 1478 1983 socii
1501 1957 1553 1982 aut
1577 1947 1756 1990 familiares,
1783 1961 1817 1983 ea
1842 1961 1896 1996 per
1918 1962 1952 1984 se

1205 1999 1252 2033 vel
1279 1999 1374 2033 ulium
1410 1999 1551 2045 recipere
1579 2011 1640 2032 non
1670 2007 1894 2046 praesumant;
1922 2007 1951 2033 et

1205 2057 1266 2083 tam
1290 2049 1424 2083 ministri
1447 2057 1476 2082 et
1499 2048 1679 2095 superiores
1698 2048 1840 2095 praefati,
1856 2061 1950 2095 quam

1205 2098 1314 2133 fratres
1340 2098 1390 2133 alii
1406 2097 1479 2132 dicti
1501 2098 1634 2131 Ordinis
1657 2107 1799 2141 caveant,
1821 2110 1860 2132 nc
1884 2111 1951 2145 per-

1205 2149 1290 2182 sonis
1324 2156 1408 2182 extra
1445 2160 1539 2182 suum
1567 2147 1719 2181 Ordinem
1769 2148 1952 2182 huiusmodi

1206 2210 1336 2232 munera
1352 2210 1405 2232 seu
1419 2197 1545 2232 donaria
1566 2197 1639 2231 dare
1658 2210 1714 2231 seu
1737 2198 1849 2231 oll'erre
1868 2210 1954 2244 pror·

1206 2260 1261 2281 sus
1283 2254 1445 2287 attentent,
1468 2247 1527 2281 nisi
1545 2257 1635 2293 prout
1663 2247 1708 2280 eis
1727 2247 1757 2281 in
1775 2247 1954 2294 praemissis

1206 2297 1331 2331 casibus
1347 2305 1375 2331 et
1397 2308 1505 2331 corum
1522 2296 1662 2343 quolibet
1684 2304 1730 2331 est
1762 2297 1951 2343 permissum

1208 2359 1261 2393 per
1295 2346 1536 2381 constitutiones
1563 2346 1692 2381 Ordinis
1719 2346 1763 2381 vel
1789 2346 1949 2394 privilegia

1206 2396 1297 2431 Sedis
1314 2395 1514 2443 Apostolicae
1537 2396 1613 2430 intra
1639 2396 1684 2431 vel
1700 2405 1783 2430 extra
1799 2396 1951 2431 Ordinem

1207 2446 1273 2479 aliis
1291 2446 1425 2491 elargiri.
1450 2445 1482 2480 Si
1506 2445 1576 2493 quis
1587 2453 1692 2480 autem
1713 2455 1818 2481 contra
1844 2446 1954 2481 liuius-

1209 2495 1291 2529 modi
1308 2495 1535 2530 ordinationem
1552 2495 1625 2530 dare
1643 2496 1688 2530 vel
1702 2495 1840 2542 recipere
1865 2496 1954 2542 quic-

1209 2557 1302 2592 quam
1327 2545 1592 2592 praesumpserim
1620 2545 1752 2580 donator
1775 2558 1830 2592 pro
1852 2545 1955 2593 qnali-

1210 2594 1257 2628 bet
1296 2595 1359 2629 vim
1391 2607 1445 2642 pm
1468 2603 1529 2629 tris
1558 2595 1655 2629 dics
1650 2607 1679 2629 in
1708 2607 1787 2642 pane
1815 2602 1843 2630 et
1874 2607 1953 2643 aqua

1955 217 2003 242 An.
2026 217 2053 243 C.
2070 216 2136 243 ¹556

1980 1663 2007 1684 De
2028 1662 2148 1684 muneribus

1966 1700 2006 1714 nen
2023 1694 2105 1714 dandis.
