2274 3265
119 278 169 305 An.
188 278 216 304 C.
238 278 300 305 ยน317

127 734 222 755 obeunte
239 734 294 754 nm

114 769 249 791 imperatore,
257 773 297 786 im-

114 799 166 823 perti
203 798 295 820 regimen

114 828 138 847 ad
153 827 228 848 Sedent
240 828 297 854 Apo-

112 858 207 879 stolvram
225 860 297 879 devot-

113 892 174 911 vitur-

122 1472 199 1493 Causae
233 1472 256 1492 hu
269 1478 292 1492 us

109 1504 216 1524 faciendae
254 1505 291 1524 de-

109 1535 238 1555 elaratwms.

114 2618 246 2640 Cuilibetsub
256 2625 290 2640 u-

107 2651 281 2671 communicatio-

820 277 955 302 toANNRs
978 279 1031 300 xxi
1057 268 1164 309 (dictus
1187 278 1269 310 xxti)
1298 280 1345 302 re.

317 345 425 368 manae
445 332 615 377 Ecclesiae,
643 345 776 379 sponsae
793 340 926 371 nostrae,
943 332 1061 366 iuribus

314 389 344 416 et
377 382 550 417 honoribus
583 382 829 421 conservandis,
856 395 891 417 ex
921 382 1060 417 iniuncto

315 431 405 466 nobis
423 432 513 466 oflicii
530 432 647 475 debit0,
664 432 850 478 apostolicae
873 431 1060 477 provisionis

315 490 417 528 partes
440 489 584 515 tenemur
600 481 795 527 impendere,
812 492 849 514 ne
864 479 1060 526 temporibus

315 531 430 565 nostris
455 531 667 578 usurpationis
683 529 827 564 iniuriam
844 529 990 571 subeant,
1004 537 1059 564 aut

313 580 537 615 detrimentum
582 579 720 614 cuiusvis
754 578 966 626 derogationis
1009 579 1060 614 in-

312 637 449 664 currant.

360 679 380 726 g
409 684 440 714 1.
471 678 552 714 Sane
580 678 609 711 in
636 684 773 712 nostram
797 684 827 712 et
856 678 982 713 fratrum
1007 691 1060 713 no-

310 736 446 764 strorum
475 728 645 762 deductum
669 735 733 767 est,
757 727 836 762 fama
866 727 1058 773 divulgante,

311 779 465 820 notitiam,
478 777 562 824 quod
591 776 662 812 licet
687 776 725 811 (le
748 778 814 812 iure
836 778 1057 825 sitliquidum,

309 837 340 863 et
367 827 405 862 ab
438 827 511 862 olim
549 827 640 861 fuerit
675 827 862 862 inconcusse
889 836 1057 869 servatum,

309 877 405 925 quod,
426 885 552 911 vacante
581 877 726 922 imperio,
746 878 825 912 sicut
846 885 877 911 et
904 890 986 912 nunc
1002 891 1057 925 per

308 926 426 961 obitum
450 926 609 974 quondam
627 926 753 961 Henrici
765 927 980 962 Romanorum
998 928 1056 963 im-

309 977 461 1023 peratoris
485 988 610 1011 vacasse
638 976 847 1022 dignoscitur,
863 977 982 1012 cumin
1005 978 1056 1012 illo

308 1025 345 1060 ad
379 1026 571 1061 saecularem
612 1026 747 1060 iudicem
782 1035 914 1074 nequeat
949 1026 1055 1062 haberi

309 1088 467 1119 recursus,
489 1076 525 1110 ad
549 1075 715 1110 Summum
733 1075 928 1116 Pontificem,
951 1077 1000 1110 cui
1025 1077 1055 1111 in

309 1137 440 1172 persona
465 1125 545 1160 beati
570 1125 654 1159 Petri
684 1125 796 1160 terreni
821 1125 913 1160 simul
938 1135 966 1159 et
982 1138 1055 1160 eae-

308 1174 395 1209 lestis
425 1175 547 1221 imperii
578 1175 642 1209 iura
669 1173 757 1209 Dens
780 1176 846 1221 ipse
875 1175 1055 1219 commisit,

309 1224 430 1271 imperii
460 1224 615 1270 praedicta
640 1224 825 1265 iurisdictio,
859 1224 997 1270 regimen
1026 1232 1056 1259 et

308 1273 470 1319 dispositio
509 1273 717 1307 devolvuntur
733 1301 740 1313 ,
778 1282 807 1308 et
829 1285 886 1313 ea,
915 1281 1055 1320 tempore

308 1322 439 1357 durante
462 1322 559 1369 ipsius
583 1323 751 1357 vacationis
773 1323 911 1369 imperii,
939 1336 993 1369 per
1022 1336 1055 1357 se

308 1372 352 1406 vel
380 1372 474 1406 alium
510 1384 564 1406 sen
600 1371 678 1406 alios
705 1373 881 1408 exercuisse
915 1374 1056 1407 noscitur

308 1422 337 1455 in
363 1421 495 1468 imperio
518 1430 705 1456 memorato:
730 1422 872 1457 nonnulli
897 1430 999 1457 tamen
1023 1423 1054 1457 in

307 1470 413 1506 ltaliae
450 1472 591 1518 partibus
637 1472 799 1519 potestatis
833 1481 863 1506 et
895 1473 1055 1519 dignitatis

307 1520 462 1568 fastigium
498 1521 604 1556 illicite
630 1521 816 1566 ambientes,
853 1524 881 1557 in
912 1532 1053 1558 nostruin

305 1578 334 1604 et
365 1570 498 1605 Sanctae
534 1571 693 1606 Romanae
732 1572 839 1606 matris
875 1572 1053 1617 Ecclesiae,

305 1629 457 1667 quantum
482 1621 511 1655 in
528 1621 574 1656 eis
595 1629 654 1666 est,
671 1621 898 1668 praeiudicium
914 1622 1053 1667 evidens,

304 1670 589 1705 acdiminutionem
600 1671 728 1706 honoris
742 1680 771 1707 et
786 1672 874 1712 iuris,
887 1673 1054 1707 vicariatus

304 1720 493 1756 seualterius
510 1721 738 1768 cuiuscumque
755 1721 891 1756 nominis
904 1723 1052 1766 officinm,

304 1770 399 1818 quod,
428 1771 495 1818 ipso
520 1771 708 1818 imperatore
736 1772 869 1815 vivente,
887 1784 923 1807 ex
955 1773 1053 1818 ipsius

303 1821 526 1856 commissione
566 1821 714 1867 gerebant
747 1822 777 1856 in
808 1822 903 1857 certis
938 1822 1052 1866 terris,

305 1871 466 1906 territoriis
493 1871 559 1907 sive
575 1871 665 1910 locis,
688 1879 757 1917 post
771 1871 935 1907 decessum
953 1872 1052 1919 ipsius

303 1920 422 1968 absque
447 1929 549 1955 nostra
574 1921 619 1955 vel
650 1921 849 1968 Apostolicae
867 1921 959 1956 Sedis
989 1934 1051 1969 pe-

305 1971 357 2005 tita
383 1970 427 2005 vel
451 1970 577 2005 obtenta
606 1971 731 2006 licentia
757 1972 890 2006 retinere
914 1971 990 2012 sibi3
1023 1979 1052 2006 et

304 2019 448 2055 nonnulli
485 2020 576 2054 etiam
606 2020 644 2055 de
668 2032 748 2055 novo
773 2033 944 2065 assumere,
969 2021 1050 2068 quod

305 2082 365 2104 non
384 2078 559 2116 gesserant,
576 2077 630 2104 aut
652 2078 776 2117 gestum
801 2079 902 2114 antea,
926 2080 1052 2118 postea-

303 2131 363 2167 que
387 2119 565 2163 dimissum,
585 2132 743 2155 resumere
762 2120 934 2155 temerariis
960 2120 1051 2155 ansi-

303 2169 361 2203 bus
402 2179 704 2216 praesumpserunt,
746 2182 808 2217 quo
851 2171 896 2205 vel
935 2170 1052 2217 quibus

302 2218 407 2253 adhuc
440 2231 499 2253 non
529 2226 674 2254 vercntur
697 2219 803 2263 abuti,
831 2232 865 2255 ac
898 2220 958 2255 sul)
984 2220 1052 2255 eius

303 2267 348 2303 vel
371 2280 480 2303 eorum
509 2268 613 2303 colore
641 2269 736 2304 multa
760 2269 862 2304 facere
884 2278 913 2304 et
943 2270 1052 2304 fecisse

303 2326 488 2362 noscuntur,
517 2319 649 2364 quaein
670 2331 807 2354 nostram
835 2327 864 2354 et
892 2319 1051 2355 Ecclesiae

304 2366 478 2414 praedictae
517 2368 659 2402 iniuriam
703 2379 809 2414 aperte
852 2369 1051 2410 redundant,

304 2430 365 2451 non
395 2416 599 2452 abhorrentes
622 2430 675 2464 per
692 2417 721 2451 id
747 2419 838 2452 variis
863 2419 974 2453 involvi
991 2420 1051 2454 cri-

304 2466 464 2510 minibus,
501 2479 558 2500 nec
592 2466 717 2501 divinae
746 2468 918 2502 maiestatis
941 2469 1050 2503 formi-

303 2515 412 2550 dantes
439 2515 603 2550 offensam.

351 2568 419 2608 5ยน2.
454 2565 534 2607 Quia
563 2566 657 2612 igitur
684 2578 782 2606 error,
810 2567 858 2601 cui
883 2580 943 2602 non
973 2568 1051 2603 resi-

303 2615 407 2655 stitur,
426 2614 591 2662 approbari
608 2615 747 2656 videtur,
769 2623 800 2651 et
822 2616 915 2651 latum
941 2617 1050 2664 pandit

304 2664 565 2712 delinquentibus
592 2665 719 2705 sinum,
743 2666 796 2712 qui
830 2678 939 2701 eorum
976 2679 1049 2714 per-

1731 270 1800 301 โถ255

1103 333 1199 367 versis
1222 333 1385 368 conatibus
1408 346 1470 368 non
1494 334 1626 374 resistit,
1650 347 1718 377 nos,
1743 334 1849 369 volen-

1102 391 1148 416 tes
1177 384 1292 417 nostris
1314 392 1342 417 et
1378 383 1537 418 Ecclesiae
1565 396 1701 430 sponsae
1724 392 1849 419 nostrae

1102 431 1224 466 iuribus
1245 440 1276 466 et
1299 432 1470 467 bonoribus
1499 434 1527 466 in
1549 433 1606 467 hac
1623 441 1706 478 parte
1730 434 1850 480 prospi-

1100 489 1228 521 cereโet
1256 481 1345 515 malis
1371 494 1406 516 ac
1432 483 1605 525 scandalis,
1627 495 1707 529 quae
1734 495 1771 518 ex
1799 496 1848 517 re-

1101 530 1264 569 tentione,
1297 531 1512 577 assumptione
1546 543 1599 565 seu
1636 532 1848 579 resumptione

1100 579 1279 615 huiusmodi
1315 588 1380 615 orta
1413 589 1486 614 sunt
1525 580 1688 618 hactenus.
1711 591 1739 616 et
1769 594 1848 628 quae

1101 629 1274 675 periculose
1303 637 1429 677 possent
1451 630 1480 663 in
1504 638 1591 664 antea
1615 630 1765 671 suboriri,
1789 644 1848 666 ceโ

1099 680 1204 714 leriter
1225 679 1368 720 obviareอพ
1389 691 1446 714 nec
1470 691 1530 713 non
1552 679 1700 726 periculis
1726 681 1847 715 anima-

1100 741 1169 763 rum
1190 728 1372 764 huiusmodi
1389 728 1605 772 retinentium,
1618 730 1845 765 assumentium

1098 791 1153 814 seu
1184 778 1410 814 resumentium
1435 778 1559 813 nomina
1582 787 1611 813 et
1639 779 1685 813 eis
1714 778 1847 814 abuten-

1868 280 1913 306 An,
1935 280 2047 308 &1317

1866 344 2048 364 munientium,

1865 375 1988 396 toi-dieitur,
2020 381 2047 395 nat

1865 408 1959 431 temporo
1978 406 2046 425 dietas

1864 437 1979 456 vacationis
2013 443 2031 456 vt

1864 472 1995 488 maruno-ten
2012 468 2043 488 vol

1863 496 1951 517 officinm
2005 498 2045 519 sibi

1863 528 1955 548 vindtrn

1099 829 1189 869 tium,
1217 838 1251 864 ut
1275 829 1461 877 praefertur,
1482 827 1649 863 salubriter
1683 841 1848 864 occurrere
1889 829 1891 832 โ

1097 879 1274 927 cupientes,
1291 879 1500 926 praesentium
1529 879 1713 913 auctoritate
1736 891 1847 914 moneโ

1098 941 1168 964 mus
1187 928 1248 963 sub
1269 928 1606 964 excommunicationis
1621 941 1722 975 poena
1737 941 1847 964 omnes

1097 986 1126 1013 et
1153 979 1297 1025 singulos
1319 978 1547 1025 cuiuscumque
1561 986 1674 1018 status,
1699 980 1846 1025 praeemi-

1098 1028 1232 1068 nentiae,
1264 1028 1424 1075 dignitatis
1458 1036 1511 1062 aut
1546 1028 1737 1062 conditionis
1777 1030 1846 1064 exi-

1097 1085 1188 1118 stant,
1208 1077 1329 1113 etiamsi
1357 1077 1550 1124 patriarchali
1586 1077 1631 1112 vel
1654 1078 1764 1124 quavis
1789 1078 1845 1113 alia

1096 1127 1249 1174 superiori
1295 1134 1348 1162 aut
1376 1126 1544 1174 pontificali
1592 1126 1637 1162 vel
1667 1127 1748 1173 regia
1789 1139 1843 1163 seu

1096 1175 1154 1211 alia
1190 1189 1389 1224 quacumque
1423 1176 1635 1224 praefulgeant
1675 1176 1846 1223 dignitate.

1096 1225 1149 1272 qui
1174 1234 1243 1273 post
1263 1226 1454 1260 vacationem
1487 1226 1608 1272 imperii
1639 1225 1758 1272 absque
1788 1238 1846 1261 no-

1096 1283 1156 1309 stra
1186 1275 1230 1309 vel
1263 1274 1355 1310 Sedis
1378 1274 1554 1322 praedictae
1577 1275 1699 1310 licentia
1728 1275 1846 1310 huiusโ

1098 1323 1180 1358 modi
1213 1325 1319 1359 vicarii
1351 1337 1406 1359 sen
1435 1324 1573 1359 cuiusvis
1599 1324 1728 1359 alterius
1754 1324 1844 1359 officii

1096 1386 1211 1409 nomen
1241 1373 1298 1409 sibi
1329 1373 1457 1408 ubilibet
1487 1374 1696 1414 retinuerunt,
1721 1387 1845 1409 assum-

1097 1432 1227 1469 pserunt
1261 1435 1317 1458 seu
1352 1432 1591 1470 resumpserunt
1624 1432 1653 1458 et
1685 1424 1843 1461 retinent:

1095 1482 1124 1508 et
1147 1474 1199 1521 qui
1234 1482 1394 1508 assument
1429 1474 1473 1508 vel
1507 1482 1669 1509 resument
1704 1474 1844 1510 fortassis

1096 1524 1314 1570 imposterum,
1343 1532 1373 1558 et
1395 1523 1454 1559 snb
1482 1524 1552 1559 talis
1578 1525 1844 1562 denominationis

1096 1574 1188 1621 pallio
1210 1574 1299 1609 abusi
1324 1582 1398 1609 snnt
1421 1581 1450 1608 et
1477 1574 1663 1618 abutuntur,
1686 1576 1732 1611 vel
1748 1577 1841 1612 etiam

1093 1623 1275 1664 abutentur,
1297 1631 1449 1670 potestate
1469 1624 1515 1659 vel
1533 1625 1750 1660 iurisdictione
1765 1639 1843 1675 qua-

1094 1686 1253 1722 cumque,
1276 1687 1331 1709 seu
1357 1674 1426 1708 eius
1457 1675 1604 1709 exercitio
1632 1674 1759 1723 publice
1796 1677 1842 1711 vel

1094 1725 1227 1767 occulte,
1254 1732 1408 1771 quatenus
1438 1723 1477 1758 de
1505 1733 1627 1760 caetero
1653 1738 1670 1760 a
1692 1726 1844 1762 denomi-

1094 1775 1220 1809 natione
1250 1773 1431 1809 huiusmodi
1447 1802 1454 1814 ,
1477 1786 1530 1809 seu
1555 1775 1692 1810 nominis
1718 1788 1842 1811 assum-

1094 1824 1211 1871 ptione,
1234 1824 1450 1871 resumptione
1485 1837 1520 1859 ac
1556 1825 1730 1860 retentione
1755 1839 1843 1872 prae-

1092 1873 1195 1913 dictis,
1218 1886 1276 1909 nec
1299 1886 1360 1909 non
1380 1886 1451 1917 usu,
1474 1881 1624 1921 potestate
1646 1883 1676 1910 et
1698 1876 1844 1911 exercitio

1092 1923 1283 1971 supradictis
1311 1936 1440 1972 prorsus
1461 1924 1637 1960 abstineant
1661 1933 1691 1960 et
1716 1926 1844 1961 omnino

1092 1973 1255 2008 desistant.

1143 2027 1158 2066 แผ
1188 2025 1219 2057 3.
1257 2023 1442 2058 Inhibentes
1474 2024 1604 2071 insuper
1643 2024 1703 2060 sub
1744 2038 1841 2073 poena

1095 2072 1253 2119 praedicta
1277 2072 1426 2108 omnibus
1452 2081 1482 2108 et
1504 2074 1635 2120 singulis
1658 2074 1842 2121 patriarchis

1092 2129 1123 2156 et
1151 2122 1296 2168 praelatis
1327 2122 1418 2157 etiam
1452 2122 1522 2157 aliis
1557 2124 1771 2169 superioribus
1811 2133 1841 2159 et

1093 2171 1303 2217 inferioribus,
1319 2185 1355 2208 ac
1384 2172 1522 2219 regibus,
1551 2173 1742 2217 civitatibus,
1758 2186 1841 2208 com-

1093 2221 1323 2263 munitatibus,
1351 2222 1631 2263 universitatibus,
1658 2223 1840 2270 capitaneis,

1093 2271 1316 2318 potestatibus,
1339 2270 1528 2316 rectoribus,
1550 2272 1729 2317 comitibus,
1756 2273 1840 2308 vice-

1092 2321 1283 2364 comitibus,
1309 2320 1480 2355 baronibus
1506 2329 1535 2355 et
1566 2322 1634 2356 aliis
1667 2322 1839 2362 omnibus,

1092 2371 1323 2418 cuiuscumque
1351 2371 1411 2405 sint
1442 2370 1622 2416 dignitatis,
1649 2371 1839 2407 conditionis

1091 2427 1144 2454 aut
1167 2428 1279 2460 status,
1305 2432 1342 2454 ne
1371 2420 1548 2467 praedictos
1572 2420 1750 2455 huiusmodi
1773 2432 1837 2456 noโ

1092 2481 1162 2503 nten
1191 2482 1246 2504 seu
1270 2468 1354 2504 aliud
1377 2468 1540 2516 quodlibet
1567 2470 1597 2504 in
1632 2470 1742 2505 eodem
1771 2471 1837 2505 imโ

1093 2520 1178 2565 perio
1202 2519 1383 2558 retinenteS,
1406 2527 1439 2553 ut
1462 2518 1646 2565 praefertur,
1668 2528 1721 2554 aut
1747 2532 1836 2555 assu-

1092 2576 1212 2603 mentes
1225 2567 1270 2602 vel
1286 2576 1493 2611 resumentes,
1507 2568 1551 2603 vel
1568 2581 1677 2604 eorum
1700 2568 1835 2617 aliquem

1091 2617 1150 2652 sub
1177 2618 1432 2653 denominatione
1462 2618 1507 2652 rel
1536 2618 1624 2653 titulo
1655 2618 1835 2654 huiusmodi

1091 2667 1274 2711 nominum,
1301 2679 1354 2702 seu
1384 2675 1622 2715 procuratores,
1649 2668 1834 2704 commissa-

1862 2036 2041 2063 Cuicumqneper-

1857 2073 1922 2087 sonae
1949 2068 2038 2088 interdi-

1857 2099 1909 2118 citur
1934 2099 1985 2118 lianc
2007 2100 2039 2119 dฮ-

1857 2129 1955 2154 gun-tom
1997 2130 2038 2150 sibi

1869 2160 2021 2180 vindtoannbus

1869 2190 2023 2218 obtemperare.
