2274 3265
468 249 538 281 488

419 323 446 347 et
471 325 627 357 congruas
648 311 798 345 adbibere
828 310 977 350 medi-las,
1005 310 1169 343 iuli-aseri—

420 371 487 409 ptas
514 362 767 404 constitutiones,
789 360 828 393 de
853 360 1061 406 praelatorum
1096 359 1168 392 dicti

999 255 1182 278 tthAttttm
1208 255 1367 277 ttffitstNtm
1979 253 2026 279 Αιι,
2047 253 2073 278 (ἶ,
2096 253 2162 279 131ιῦ

1213 309 1308 342 remia
1326 307 1487 354 religionis
1504 307 1627 350 reiecta,
1643 306 1757 341 divinis
1771 316 1800 342 et
1815 307 1963 342 humanis
1977 313 2031 364 “¹332
2050 315 2163 364 ogffipffffi

1213 357 1333 402 legibus
1351 358 1380 390 iu
1397 357 1476 390 civili
1498 356 1702 390 damnatione
1720 356 1860 401 calcatis,
1877 369 1963 404 prae.-
1977 375 2097 395 mumma.

223 262 272 287 An.
294 261 322 287 (I.
339 260 404 286 mtto

236 617 263 636 Dc
279 621 320 636 non
336 615 404 634 otl'en-

222 649 294 668 ileudiu
322 646 405 672 pracla-

236 1402 263 1421 De
280 1401 334 1421 cultu
352 1407 406 1427 prie-

223 1433 270 1452 tatis
286 1433 356 1451 uetuit„

419 411 508 456 regni
525 422 560 444 ac
576 422 633 456 per
661 422 718 443 nos
739 408 864 444 concilii
887 409 1069 454 congregati
1094 420 1170 441 con-

419 461 490 494 silio
511 468 541 493 et
560 471 705 498 assensu,
718 459 901 493 auctoritate
918 470 978 504 qua
997 458 1169 503 fungimur,

419 509 570 543 duximus
598 507 855 554 promulgandas.

468 558 488 605 S
510 560 542 592 Ξ.
565 557 647 591 Cum
675 556 892 603 Apostolicam
914 555 1043 595 Sedem,
1065 555 1169 600 inqua

419 607 567 642 Christus
586 607 757 640 catholicae
777 606 846 639 [idei
865 605 968 651 posuit
988 604 1171 637 fundamen-

420 665 499 696 tum,
522 656 766 691 christianorum
791 662 920 688 matrem
945 665 1014 687 esse
1039 653 1169 686 voluerit

420 715 449 740 et
478 706 673 753 magistram.
698 717 758 738 non
774 712 820 738 est
841 703 973 737 dubium
989 703 1064 749 quin
1081 702 1171 735 Chri-

420 765 488 790 stus
515 756 580 802 ipse
607 755 743 800 graviter
769 752 960 792 oll‘endatur,
985 753 1010 784 si
1037 759 1168 785 matrem

421 805 514 849 lilius,
533 812 563 839 et
584 804 765 849 magistram
789 802 966 848 discipulus
984 801 1168 834 dehonorat.

419 854 499 896 Quia
528 854 620 899 igitur
639 853 696 898 ipsi
726 851 928 898 Apostolicae
950 850 1025 884 Sedi
1047 858 1170 884 nonest

421 902 572 949 possibile
607 910 740 936 cunctos
770 900 850 933 lilios
880 907 909 933 et
938 899 1068 933 devotos
1101 911 1169 933 ma-

418 961 509 986 terno
536 951 646 985 affectu
671 959 701 985 et
722 961 780 983 suo
810 949 990 994 magisterio
1020 959 1169 994 praesen—

419 1001 533 1035 tialiter
547 999 726 1041 confovere,
741 998 882 1032 debitum
898 997 1090 1044 apostolicae.
1109 1010 1171 1031 scr-

418 1050 524 1083 vitntis
545 1049 671 1095 explere
695 1048 805 1081 nititur
828 1059 883 1093 per
911 1048 1089 1093 episcopos,
1111 1048 1169 1080 im—

419 1111 470 1134 mo
512 1110 568 1144 per
594 1097 850 1144 archiepiscopos
886 1108 1116 1142 nonnunquam
1140 1104 1168 1129 et

419 1160 473 1195 per
504 1148 622 1193 legatos
646 1159 661 1181 a
691 1147 786 1181 latere
819 1158 878 1180 suo
912 1146 1047 1184 missos,
1076 1157 1169 1191 quos,

417 1198 489 1244 quia
517 1197 585 1231 eius
613 1195 778 1243 privilegio
801 1195 938 1241 gaudent
966 1195 1057 1229 cuius
1087 1195 1169 1239 lega-

419 1247 502 1281 tione
526 1246 713 1292 funguntur,
736 1257 751 1279 a
774 1244 899 1278 cunctis
925 1243 1044 1278 Christi
1076 1244 1172 1277 tideli-

420 1296 489 1336 bus,
505 1303 663 1341 tamquam
688 1294 902 1341 Apostolicam
927 1293 1054 1337 Sedem,
1075 1293 1171 1326 immo

419 1345 583 1379 Christum
618 1344 670 1391 qui
700 1344 728 1377 in
753 1343 800 1377 eis
821 1355 854 1376 se
879 1342 975 1387 recipi
1000 1352 1029 1377 et
1056 1341 1170 1385 audiri,

422 1394 566 1428 honorari
590 1393 738 1427 convenit
760 1401 789 1426 et
813 1392 920 1426 foveri.
946 1391 1169 1425 Verumtamen

423 1443 549 1477 suerunt
576 1450 607 1476 et
633 1449 706 1476 sunt
741 1442 910 1479 nonnulli,
937 1453 1016 1487 quos
1044 1441 1168 1474 termini

422 1500 546 1526 nostrae
577 1491 742 1537 legationis
783 1491 972 1529 includunt,
1000 1490 1082 1524 sicut
1110 1489 1170 1523 fide

420 1541 515 1588 digna
530 1541 679 1575 relatione
703 1540 915 1587 percepimus,
930 1540 995 1586 qui,
1019 1539 1090 1573 licet
1108 1539 1171 1584 glo-

421 1591 542 1624 rientur
564 1590 695 1624 nomine
717 1589 902 1628 christiano,
925 1590 960 1622 ad
991 1589 1094 1634 ipsum
1118 1595 1171 1621 ta—

420 1651 491 1673 men
511 1638 673 1673 Christum
697 1648 727 1672 et
748 1638 963 1684 Apostolicam
984 1637 1098 1671 Sedem
1123 1637 1170 1670 de

421 1689 515 1723 bitam
528 1688 732 1723 reverentiam
744 1699 805 1721 non
819 1687 980 1730 habentes,
992 1687 1170 1733 episcopos,

420 1737 677 1785 archiepiscopos
704 1745 734 1771 et
757 1737 874 1783 legatos
898 1736 1092 1775 huiusmodi,
1108 1735 1171 1769 ‹lo-

419 1796 524 1822 etores
546 1787 718 1821 catholicae
742 1785 813 1820 fidei
830 1795 856 1820 et
876 1785 1056 1831 magistros,
1074 1786 1172 1831 ipsius

420 1836 536 1871 Christi
561 1848 631 1870 vere
658 1836 790 1870 vicarios
810 1844 839 1869 et
862 1836 991 1881 legatos,
1020 1834 1172 1869 hostiliter

421 1886 543 1933 insequi
568 1898 647 1919 ausu
669 1885 835 1931 sacrilegO,
862 1896 975 1931 capere
1002 1893 1029 1918 ct
1058 1896 1172 1931 percn-

421 1945 498 1975 tere,
520 1934 713 1982 quandoque
738 1935 884 1981 nequiter
910 1934 1027 1968 carceri
1050 1933 1172 1967 manci-

423 1996 508 2030 pare,
526 1995 755 2030 nonnunquam
781 1983 996 2017 inhumaniter
1016 1984 1171 2028 perimere

422 2046 484 2067 non
521 2041 676 2067 verentur.
709 2032 741 2066 ln
769 2045 844 2080 quo,
873 2040 1024 2078 quantum
1054 2032 1171 2066 Christi

422 2082 492 2116 fidei
508 2082 631 2116 devotio
647 2083 831 2125 minoratur,
846 2081 1008 2115 evidenter
1029 2081 1173 2125 intelligit

422 2132 474 2178 qui
505 2132 676 2178 prudenter
697 2131 840 2165 attendit.
865 2130 1002 2164 Proinde
1024 2142 1092 2174 nos,
1109 2131 1173 2176 qui,

423 2194 458 2214 ex
485 2181 629 2215 iniuncto
661 2180 753 2214 nobis
776 2180 941 2226 legationis
968 2180 1084 2223 ollicio,
1112 2180 1174 2213 Se-

423 2230 493 2264 deni
517 2230 746 2277 Apostolicam,
767 2229 839 2264 licet
867 2230 1028 2273 immeriti,
1047 2241 1174 2275 reprae-

423 2287 608 2323 sentamus,
639 2280 804 2325 cupientes
837 2291 948 2313 omnes
976 2287 1005 2313 et
1032 2279 1175 2324 singulos

426 2336 550 2363 nostrae
578 2328 725 2374 legationi
758 2330 947 2363 commissos
969 2329 1007 2362 de
1031 2335 1091 2361 tam
1117 2340 1175 2361 ue-

426 2377 527 2412 sandis
554 2378 736 2412 excessibus
758 2390 914 2417 coercere,
935 2377 1090 2424 praesenti
1119 2377 1175 2410 de-

425 2436 511 2461 creto
538 2428 705 2461 statuimus
730 2436 761 2461 ut
785 2427 892 2461 nullus
919 2427 957 2460 ‹le
980 2435 1119 2469 caetero,
1145 2426 1173 2459 in

427 2476 482 2509 Dei
510 2476 672 2515 oll'ensam,
695 2476 897 2523 Apostolicae
921 2476 1015 2510 Sedis
1037 2484 1176 2509 contem-

428 2534 514 2571 ptum
538 2534 567 2559 et
590 2526 764 2560 catholicae
787 2526 857 2559 lidei
888 2526 1071 2567 laesionem,
1093 2537 1174 2570 prae-

428 2582 528 2608 sumat
552 2583 672 2608 tantum
697 2575 821 2609 facinus
853 2583 1015 2609 attentare.
1044 2574 1077 2608 Si
1106 2575 1176 2621 quis

427 2631 542 2662 ¹antem,
573 2625 717 2672 propriae
747 2624 894 2658 inimicus
925 2624 1046 2666 salutis,
1082 2635 1175 2657 reve-

1214 408 1342 440 missum
1371 405 1475 439 scelus
1509 416 1656 439 exercere
1691 407 1962 452 praesumpserit,

1213 467 1267 502 per
1289 468 1321 487 s<-
1347 454 1391 488 vel
1417 467 1472 500 per
1494 454 1602 497 alium,
1619 454 1744 500 publico
1764 455 1808 489 vel
1829 455 1962 498 occulte,

1212 516 1285 538 eum
1322 504 1633 538 excommunicatum
1658 511 1687 537 et
1709 515 1725 538 a
1749 504 1845 538 totius
1869 503 1964 538 Chri-

1212 553 1380 588 stianitatis
1416 553 1578 587 consortio
1617 560 1796 599 separatum
1838 553 1964 600 publice

1212 605 1411 645 nunciantes,
1425 614 1486 648 qua
1510 602 1674 647 fungimur
1688 602 1884 647 auctoritate,
1902 603 1965 649 pri-

1213 664 1321 685 vamus
1347 652 1495 685 omnihus
1530 651 1716 697 privilegiis,
1746 651 1965 698 indulgentiis,

1213 700 1326 741 feudis,
1348 701 1460 745 gratiis
1474 700 1681 735 etbeneliciis
1706 701 1964 748 quibuscumque

1212 751 1238 784 ei
1280 750 1319 783 ab
1354 750 1497 784 Ecclesia
1537 762 1740 798 quacumque
1779 751 1965 791 concessis;

1211 799 1362 833 omnibns
1396 799 1432 833 ad
1461 812 1542 846 quos
1567 800 1704 846 pertinet
1738 812 1848 834 eorum
1878 800 1966 834 ordi-

1213 849 1296 882 natio
1310 861 1365 882 seu
1380 848 1547 895 dispositio
1565 848 1755 895 disponendi
1779 857 1963 896 potestatem

1213 897 1340 931 liberam
1371 899 1596 942 concedentes,
1619 906 1732 933 terram
1762 911 1851 933 suam
1881 899 1966 933 nihi-

1213 947 1349 980 lominus
1377 955 1406 981 et
1434 947 1605 993 quamlibet
1640 948 1731 981 aliam
1750 975 1757 988 ,
1792 959 1873 994 quae
1904 948 1964 983 sibi

1211 996 1383 1030 adhaerere
1399 996 1659 1043 praesumpserit,
1680 997 1848 1032 interdicto
1862 997 1966 1032 eccle-

1212 1046 1338 1080 siastico
1367 1055 1595 1092 supponentes.
1623 1045 1674 1088 Et,
1703 1057 1741 1079 ne
1764 1046 1871 1081 minus
1894 1047 1965 1080 vin-

1212 1095 1312 1129 dictae
1323 1107 1416 1141 quam
1431 1106 1583 1129 excessus
1599 1096 1750 1129 memoria
1768 1103 1965 1142 prorogetur,

1211 1144 1412 1178 decrevimus
1444 1152 1476 1178 nt
1504 1144 1556 1178 lilii
1582 1143 1687 1178 talium
1720 1144 1749 1178 iu
1774 1145 1964 1179 clericorum

1212 1193 1380 1238 collegium
1411 1193 1591 1227 nullatcnus
1614 1193 1831 1237 admittantur,
1856 1206 1914 1228 nec
1935 1195 1965 1228 in

1212 1243 1359 1277 domibus
1382 1243 1582 1288 regularibus
1609 1242 1743 1277 alicuius
1767 1243 1965 1289 praelationis

1211 1300 1420 1338 assequantur
1437 1293 1602 1331 bonorem,
1617 1292 1702 1339 quod
1726 1292 1965 1327 contrafactum

1213 1341 1305 1375 fuerit
1333 1341 1454 1375 irritum
1484 1341 1703 1380 decernentes,
1732 1341 1791 1375 uisi
1825 1354 1896 1376 cum
1921 1343 1967 1376 eis

1214 1403 1268 1436 per
1294 1390 1510 1436 Apostolicam
1546 1390 1661 1424 Sedem
1691 1391 1737 1425 vel
1761 1391 1898 1437 legatum
1927 1391 1967 1425 de

1214 1441 1307 1474 latere
1323 1439 1417 1474 fuerit
1432 1439 1662 1486 dispensatum.
1687 1439 1726 1474 Et
1743 1441 1815 1487 quia
1832 1440 1965 1483 dignum

1212 1497 1307 1523 estut
1322 1489 1347 1522 is
1362 1489 1414 1535 qui
1428 1497 1470 1523 tot
1490 1489 1662 1535 praesumit
1677 1489 1850 1528 offendere,
1867 1501 1965 1536 poena

1214 1538 1379 1584 multiplici
1396 1539 1696 1583 castigetm·,omnes
1710 1550 1818 1572 eornm
1843 1540 1967 1573 vassal—

1213 1587 1270 1629 los,
1284 1588 1480 1626 castellanos,
1500 1588 1642 1627 comites,
1666 1587 1849 1632 iobagiones
1868 1591 1913 1631 (1)
1937 1595 1968 1621 et

1213 1636 1363 1670 officiales
1386 1637 1463 1670 alios
1486 1637 1598 1682 quovis
1623 1637 1750 1670 nomine
1766 1647 1967 1677 censeantur,

1212 1697 1229 1720 a
1253 1686 1413 1726 fidelitate,
1438 1686 1584 1731 homagio
1601 1685 1785 1732 etqualibet
1805 1686 1862 1721 alia
1884 1699 1969 1734 prae·

1213 1736 1347 1769 statione
1369 1747 1430 1781 qua
1459 1736 1505 1769 eis
1534 1735 1724 1769 tenebantur
1750 1736 1883 1779 astricti,
1906 1749 1966 1783 qna

1215 1785 1375 1830 fungimur
1407 1785 1604 1828 anctoritate,
1632 1784 1839 1824 absolvimus,
1867 1786 1968 1820 donec

1214 1834 1250 1868 ad
1291 1834 1449 1879 gremium
1487 1835 1622 1868 Sanctae
1662 1833 1770 1869 Matris
1808 1834 1969 1869 Ecclesiae

1215 1883 1380 1917 humiliter
1408 1884 1599 1926 redeuntes,
1630 1883 1840 1918 absolutionis
1870 1884 1967 1918 bene-

1215 1933 1321 1967 licium
1346 1933 1519 1967 meruerint
1542 1933 1696 1967 obtinere.
1720 1933 1813 1974 Quod
1834 1934 1857 1966 si
1875 1934 1920 1968 eis
1939 1934 1968 1967 iu

1216 1982 1375 2029 praedicta
1411 1983 1739 2017 excommunicatione
1768 1984 1970 2018 manentibus

1214 2031 1388 2066 adhaerere
1417 2032 1494 2066 forte
1531 2032 1791 2078 praesumpserit,
1817 2032 1887 2066 illos
1913 2045 1967 2067 ea-

1215 2080 1286 2114 dem
1311 2093 1383 2115 cum
1411 2081 1487 2127 ipsis
1516 2094 1614 2127 poena
1646 2082 1814 2115 statuimus
1841 2093 1970 2116 excom-

1217 2131 1439 2165 municationis
1463 2130 1588 2164 involvi.
1612 2130 1795 2170 Caeterum,
1819 2139 1850 2164 ut
1872 2131 1971 2165 dicto-

1216 2192 1284 2213 rum
1309 2180 1534 2224 sacrilegorum
1560 2192 1657 2226 poena
1681 2181 1718 2213 sit
1743 2179 1874 2214 aliorum
1898 2193 1970 2215 cau-

1217 2229 1288 2267 tela,
1318 2229 1498 2263 inhibemus
1528 2229 1758 2263 venerabilibus
1782 2230 1812 2263 in
1841 2229 1970 2265 Christo

1216 2279 1465 2325 archiepiscopis
1498 2287 1526 2311 et
1559 2280 1718 2326 episcopis
1752 2288 1780 2313 et
1809 2279 1878 2313 aliis
1907 2279 1970 2313 Ec·-

1216 2328 1381 2362 clesiarum
1399 2328 1555 2374 praelatis,
1584 2340 1760 2375 eorumque
1790 2329 1890 2362 vicem
1914 2342 1969 2373 ge-

1218 2377 1381 2422 rentibus,
1405 2386 1432 2411 ct
1462 2377 1687 2412 ecclesiasticis
1711 2378 1835 2424 pei-soni
1859 2391 1970 2412 saecu-

1218 2426 1336 2460 laribus
1358 2436 1386 2460 (ιι
1413 2427 1579 2473 religiosis,
1604 2439 1726 2461 necnon
1752 2427 1968 2462 Ecclesiarum

1217 2476 1363 2521 capitulis
1385 2486 1414 2510 et
1434 2477 1655 2518 conventibus,
1677 2478 1831 2523 exemptis
1854 2486 1881 2511 et
1906 2490 1968 2512 non

1217 2527 1397 2571 exemptis,
1441 2526 1684 2563 Cisterciensis,
1725 2526 1970 2561 Praemonstra—

1218 2576 1326 2617 tensis,
1349 2576 1455 2609 Sancti
1487 2576 1663 2618 Benedicti,
1680 2576 1852 2619 Minorum,
1876 2576 1971 2610 Prae-

1254 2638 1292 2669 (t)
1311 2638 1472 2668 lnbaqinms.
1492 2637 1597 2663 militiae
1614 2646 1705 2672 genus.
1733 2638 1863 2672 Ducange.
