2274 3265
187 242 235 267 An.
255 242 282 267 C*
300 243 364 267 1356

199 842 226 861 De
258 848 366 862 missarum

185 874 329 893 cetat-ratione
347 876 366 892 et

184 904 289 923 (omniun.
314 909 365 923 ean*

184 938 283 954 ΪΒΓΠῙΠΜ.

434 232 502 264 582

385 296 443 341 Ipsi
466 296 558 329 etiam
588 295 760 327 visitatores
787 293 871 341 quod
899 306 994 340 super
1018 294 1065 327 bis
1081 294 1129 326 in-

385 344 524 379 venerint
553 343 598 377 vel
628 343 778 382 fecerint,
809 343 942 377 referant
971 343 1060 389 plene
1095 354 1131 376 ac

385 392 515 427 tidetiter
538 391 568 425 in
591 391 797 437 subsequenti
819 392 987 426 cuiuslibet
1011 391 1130 437 provin-

382 442 460 484 ciae,
489 441 518 475 in
546 453 639 486 quam
658 441 831 476 visitatores
853 441 990 486 deputati
1019 440 1130 474 extite-

384 491 454 532 rint,
477 490 615 536 capitulo
632 489 823 535 provinciali.
846 490 907 524 Pro
930 489 1130 523 studentibus

384 548 486 573 tamen
511 539 711 585 provideatur
733 539 815 573 iuxta
844 539 1064 573 dormitorium
1093 537 1131 571 de

383 588 481 631 cellis,
504 588 534 622 in
550 587 666 635 quibus
690 588 745 634 ipsi
772 588 898 623 studere.
920 588 1051 626 valeant,
1068 599 1129 619 non

384 649 492 671 iacere.

642 713 720 748 CAP.
745 711 873 746 xxvtt.

433 785 600 819 Moncmus
624 784 753 830 iusuper
788 782 951 816 universos
986 780 1131 827 priores,

383 834 653 868 administratores
675 841 704 866 et
728 844 875 866 monacos
898 830 995 877 ipsius
1011 829 1132 863 ordinis

382 895 437 917 seu
463 882 623 928 religionis
651 883 680 915 in
716 880 890 915 sacerdotio
918 879 1130 918 constitutos,

384 932 462 966 intra
488 931 646 966 Ecclesias
662 958 669 969 ,
694 930 882 964 monasteria
916 937 945 962 et
972 928 1030 962 alia
1065 927 1130 962 loca

382 993 489 1015 eorum
518 979 733 1014 conventualia
762 978 947 1017 residentes,
969 985 1000 1010 ut
1022 989 1129 1011 eorum

382 1029 514 1075 quilibet
542 1029 590 1063 bis
614 1028 659 1062 vel
683 1036 745 1068 ter3
773 1028 824 1074 qui
848 1039 920 1061 vero
949 1027 977 1060 in
1003 1026 1131 1071 priora—-

384 1078 468 1112 tibus
491 1077 627 1113 velabis
655 1077 731 1111 locis
759 1089 820 1110 nou
850 1074 1131 1117 conventualibus,

381 1135 435 1161 aut
462 1127 491 1161 iu
507 1126 636 1169 scbolis,
659 1126 724 1160 sive
746 1125 817 1160 alibi
846 1125 971 1168 suerint,
991 1123 1048 1158 etsi
1070 1136 1130 1158 non

382 1176 589 1222 frequentius,
621 1174 730 1209 saltem
756 1174 852 1209 semel
883 1174 911 1207 in
935 1173 1131 1219 septimana,

382 1225 463 1259 salva
487 1224 649 1259 honestate
671 1233 701 1258 et
720 1223 825 1258 debita
849 1223 1027 1262 devotione,
1056 1222 1132 1255 mis-

382 1287 432 1308 sas
460 1273 611 1308 studeant
641 1273 811 1307 celebrare.
847 1272 887 1306 Et
923 1271 1132 1305 nibilominus

383 1324 436 1369 qui
459 1323 536 1357 locis
553 1322 816 1357 conventualibus
845 1320 1083 1368 praesidebunt,
1101 1320 1130 1353 in

385 1373 470 1406 festis
502 1370 700 1406 solemnibus
740 1371 852 1405 missas
892 1370 1026 1404 maiores
1053 1382 1133 1403 con-

386 1421 547 1456 ventuales
574 1420 735 1455 celebrent
757 1420 786 1454 in
810 1419 942 1454 eisdem.
971 1419 1032 1453 Alii
1063 1430 1133 1452 vero

386 1483 447 1505 non
467 1470 659 1509 sacerdotes,
682 1470 738 1504 etsi
763 1481 825 1503 uon
853 1469 991 1514 saepius,
1021 1468 1131 1502 saltem

385 1519 517 1566 singulis
533 1518 717 1565 septimanis
731 1519 987 1560 confiteantur-,et
1000 1516 1134 1562 singulis

386 1568 560 1611 mensibus,
576 1569 657 1602 iuxta
674 1568 933 1602 constitutionem
951 1566 1132 1612 saepedicti

385 1617 561 1652 Clementis
589 1617 840 1663 praedecessoris
863 1616 976 1649 editam
998 1616 1026 1648 in
1049 1627 1135 1661 prae-

387 1668 447 1702 fato
460 1666 597 1701 concilio
610 1665 796 1705 Viennensi,
811 1666 848 1700 ad
866 1664 1133 1698 Communionem

385 1716 546 1750 accedant.
573 1715 617 1750 Illi
635 1714 778 1749 videlicet
794 1715 846 1760 qui
863 1714 940 1748 infra
965 1714 1134 1752 Ecclesias,

387 1765 572 1799 monasteria
615 1777 671 1798 seu
714 1764 770 1797 alia
806 1764 872 1798 loca
917 1762 1134 1797 conventualia

386 1822 500 1858 erunt,
523 1815 553 1848 in
589 1813 674 1848 altari
704 1813 833 1853 maiori3
862 1813 914 1859 qui
949 1824 1021 1846 vero
1050 1820 1134 1846 extra

388 1863 438 1898 illa
466 1863 600 1903 luerint,
623 1863 678 1897 ubi
714 1863 813 1908 inagis
836 1863 936 1896 visum
961 1862 1054 1895 suerit
1078 1862 1136 1895 bo-

389 1922 510 1947 nestum
533 1912 670 1952 eisdem;
695 1913 752 1946 nisi
774 1912 950 1946 abstineant
977 1924 1013 1945 ex
1042 1924 1135 1945 cansa

388 1961 563 1997 rationabili
597 1971 626 1996 et
658 1962 696 1996 de
725 1961 849 1996 licentia
877 1960 1051 2007 superioris
1085 1968 1137 1994 ant

389 2011 607 2046 consessorum
624 2024 766 2046 suorum.
789 2010 882 2052 Quod
898 2010 923 2044 si
941 2010 1137 2055 negligenter

390 2060 575 2101 omiserint,
604 2073 660 2107 per
686 2060 814 2095 eosdem
848 2059 1028 2106 superiores
1063 2071 1138 2093 suos

390 2111 523 2156 graviter
549 2118 720 2155 arguantur
746 2118 775 2143 et
804 2108 1012 2143 nibilominus
1034 2108 1138 2142 debite

393 2160 572 2205 puniantur.
608 2158 668 2192 Per
697 2159 772 2193 baec
807 2167 910 2193 autem
939 2158 1062 2192 statutis
1093 2157 1138 2191 vel

393 2207 675 2243 consuetudinibus
691 2207 917 2250 Ecclesiarum,
940 2207 1139 2241 monasterio-

393 2269 461 2291 rum
485 2270 540 2292 seu
558 2257 698 2291 locorum
716 2257 960 2303 praedictorum,
978 2257 1007 2289 in
1022 2256 1140 2301 quibus

393 2306 633 2349 observaretur,
665 2315 697 2340 ut
731 2306 871 2340 confiteri
909 2306 954 2339 vel
988 2305 1139 2339 celebrari

393 2368 447 2389 scu
475 2356 712 2390 communicare
749 2355 943 2402 frequentius
984 2355 1141 2393 babeant,

396 2417 455 2438 non
485 2405 678 2439 intendimus
701 2405 729 2438 in
753 2405 859 2450 aliquo
887 2403 1047 2449 derogare.
1077 2403 1143 2437 Ab·

396 2452 481 2487 bates
518 2455 648 2499 insuper
674 2466 709 2488 ac
738 2454 856 2500 priores
883 2466 919 2487 ac
942 2453 1054 2487 caeteri
1081 2465 1142 2486 non

397 2502 546 2537 babentes
582 2503 762 2549 superiores
784 2503 927 2537 eiusdem
957 2502 1118 2548 religionis
1134 2528 1144 2544 ,

397 2551 449 2596 qui
466 2563 503 2586 eo
519 2551 654 2599 amplius
669 2552 780 2586 debent
801 2552 897 2586 forma
919 2552 996 2585 vitae
1015 2551 1144 2597 pollere,

398 2612 458 2646 quo
482 2601 579 2646 magis
601 2609 699 2635 status
724 2601 916 2648 praefulgent
944 2602 1078 2645 bonore,
1095 2600 1144 2633 dic

969 240 1153 262 sst'titffsnttssn
1183 239 1343 261 ttoMAxt‘M

1174 291 1325 338 qualibet,
1349 290 1526 325 rationabili
1555 302 1647 324 causa
1670 298 1824 330 cessante,
1845 290 1922 324 mis-

1173 354 1237 374 sam
1253 340 1413 374 celebrent
1428 340 1472 373 vel
1488 338 1667 378 audianum
1681 339 1710 372 in
1727 338 1922 373 solemnibus

1174 389 1260 423 sestis
1281 389 1309 422 in
1333 389 1398 423 suis
1415 387 1613 423 monasteriis
1634 387 1698 421 sive
1715 387 1792 421 locis
1812 387 1923 422 missas

1173 439 1331 472 solemnes
1344 438 1489 472 studeant
1513 436 1683 471 celebrare.
1707 435 1859 477 Quamvis
1872 449 1923 470 au-

1175 497 1236 521 tem
1261 487 1335 520 satis
1356 487 1395 522 sit
1427 496 1488 521 tam
1519 487 1547 519 in
1572 485 1679 530 regula
1709 484 1788 519 beati
1812 485 1923 519 Bene-

1173 536 1259 576 dicti,
1286 549 1380 582 quam
1415 535 1444 569 in
1469 535 1534 568 iure
1559 534 1740 580 provisum,
1763 534 1923 580 quomodo

1174 585 1203 618 in
1239 585 1413 623 Ecclesiis,
1449 583 1646 618 monasteriis
1681 591 1711 617 et
1745 582 1822 617 locis
1856 583 1924 617 aliis

1173 633 1436 668 conventualibus
1476 632 1667 679 supradictis
1695 631 1817 666 monaci
1846 644 1924 665 con-

1175 684 1279 717 venire
1307 682 1443 717 debeant
1469 682 1507 715 ad
1536 681 1640 715 divina
1668 681 1780 721 officia,
1811 680 1924 715 diurna

1175 731 1317 766 videlicet
1343 740 1374 765 et
1407 739 1560 765 nocturna
1577 757 1585 772 ,
1609 738 1702 776 atque
1732 728 1863 776 psallere
1894 730 1923 764 iu

1173 781 1310 820 eisdem,
1326 780 1396 826 quia
1413 789 1514 814 tamen
1530 779 1605 813 baec
1623 779 1816 825 negligenter
1830 779 1925 813 omit-

1175 839 1243 864 tunt
1267 830 1436 868 interdum,
1461 829 1606 863 volumus
1628 836 1658 862 ct
1680 828 1773 862 etiam
1798 829 1925 862 ordina—

1175 892 1256 918 mus,
1286 886 1318 912 ut
1336 878 1365 912 in
1394 878 1512 912 eisdem
1534 877 1698 916 tic—etesiis,
1728 877 1926 911 monasteriis

1174 929 1238 962 sive
1266 928 1343 962 locis
1366 940 1436 960 cum
1464 927 1614 972 gravitate
1641 939 1676 960 ac
1701 926 1853 960 modestia
1871 925 1926 960 hu-

1176 977 1291 1011 militer
1318 984 1348 1011 et
1371 975 1483 1010 devote
1515 976 1600 1009 boris
1623 974 1736 1009 debitis
1758 975 1795 1008 ad
1819 975 1924 1009 divina

1174 1026 1274 1060 ollicia
1300 1025 1433 1060 universi
1453 1033 1482 1058 et
1505 1024 1619 1069 singuli
1645 1024 1765 1057 monaci
1789 1023 1924 1058 debeant

1175 1075 1361 1114 convenire;
1385 1074 1532 1121 ipsasque
1560 1085 1631 1107 com
1654 1072 1822 1107 devotione
1853 1073 1925 1107 sin-

1174 1137 1244 1158 cera
1276 1124 1395 1158 tractim
1414 1151 1421 1163 ,
1444 1123 1592 1157 distincte
1610 1149 1617 1161 ,
1640 1122 1868 1156 convenienter
1895 1130 1925 1155 et

1174 1173 1278 1208 debite
1306 1171 1466 1207 celebrent
1483 1199 1490 1210 ,
1515 1184 1574 1206 non
1607 1171 1849 1205 transcurrendo
1872 1180 1923 1204 aut

1174 1222 1386 1269 sincopand03
1411 1229 1440 1255 et
1462 1220 1564 1267 quoad
1588 1220 1660 1263 alia,
1683 1232 1763 1266 quae
1786 1220 1833 1253 bis
1871 1221 1927 1254 im·

1176 1272 1391 1318 pedimentum
1409 1270 1567 1312 afferrent,
1582 1269 1737 1304 servando
1753 1269 1925 1307 silentium,

1174 1321 1316 1367 quinimo
1332 1320 1370 1354 ad
1386 1319 1489 1353 divina
1514 1320 1578 1364 ipsa
1594 1319 1721 1352 intentis
1736 1319 1927 1364 praecordiis

1174 1369 1375 1404 attendendo.
1399 1369 1665 1413 Transgressores
1693 1380 1766 1402 vero
1780 1369 1927 1414 praemis-

1175 1432 1280 1453 sorum
1301 1418 1424 1453 debitae
1441 1418 1623 1452 subiaceant
1639 1417 1833 1463 disciplinae.
1850 1416 1928 1451 Cae-

1176 1476 1276 1502 terum
1304 1468 1357 1514 qui
1386 1467 1423 1501 ad
1447 1468 1578 1501 eborum
1603 1466 1650 1501 vel
1677 1467 1715 1500 ad
1748 1465 1926 1501 Ecclesiam

1175 1518 1324 1551 accedi-re
1361 1516 1578 1562 nequiverint,
1607 1515 1858 1562 praedicationi,
1882 1516 1928 1550 le-

1176 1567 1286 1606 ctioni,
1315 1566 1420 1600 studio
1445 1578 1500 1599 seu
1529 1564 1858 1599 administrationibus
1882 1565 1927 1598 vel

1177 1615 1286 1649 olliciis
1307 1616 1386 1653 suis,
1406 1624 1459 1647 aut
1481 1614 1540 1660 piis
1563 1614 1627 1648 sive
1648 1614 1743 1648 licitis
1765 1614 1929 1660 operibus,

1177 1664 1214 1697 de
1233 1664 1356 1698 licentia
1382 1663 1476 1705 illius,
1499 1664 1535 1697 ad
1553 1676 1648 1709 quem
1671 1676 1739 1697 eam
1763 1663 1836 1698 darc
1858 1676 1931 1709 per-

1178 1714 1341 1752 tinuerint,
1367 1713 1524 1758 occupati,
1555 1713 1584 1746 in
1614 1712 1682 1747 loco
1704 1712 1764 1746 alio
1791 1725 1930 1758 congruo

1177 1771 1207 1796 et
1231 1763 1362 1797 bonesto
1384 1763 1497 1796 debitis
1525 1762 1610 1796 boris
1633 1762 1715 1796 iuxta
1740 1762 1930 1808 possibilita-

1179 1820 1239 1846 tem
1273 1813 1378 1858 plures
1414 1812 1507 1845 simul
1544 1812 1745 1854 conveniant,
1764 1820 1793 1845 et
1825 1811 1930 1846 debite

1179 1861 1281 1896 dicant
1314 1861 1454 1895 divinum
1477 1860 1638 1901 Officium,
1661 1870 1691 1895 et
1711 1861 1930 1907 quotidianum

1181 1923 1313 1957 pensum
1337 1911 1499 1945 exsolvant
1522 1909 1645 1944 debitae
1662 1911 1830 1944 servitutis.

1415 1986 1494 2020 Cae.
1524 1985 1670 2020 XXVIII.

1230 2059 1312 2093 Saue
1341 2058 1495 2093 universis
1508 2066 1538 2092 et
1560 2057 1692 2103 singulis
1725 2057 1932 2096 antistitibus,

1183 2108 1358 2154 prioribus,
1381 2107 1527 2150 decanis,
1552 2107 1754 2153 praepositis,
1777 2107 1933 2146 sacristis,

1181 2166 1210 2191 et
1226 2156 1534 2191 administratoribus
1549 2156 1627 2194 aliis,
1642 2155 1758 2202 quibus
1773 2155 1832 2190 boc
1853 2169 1934 2190 com-

1185 2207 1279 2252 petit,
1330 2207 1358 2240 in
1393 2207 1506 2240 virtute
1549 2205 1746 2239 obedientiae
1793 2205 1933 2239 districte

1184 2256 1391 2301 iniungimus,
1416 2263 1448 2289 ut
1464 2255 1633 2296 Ecclesias,
1653 2255 1799 2297 oratoria,
1814 2254 1935 2293 altaria.

1185 2318 1266 2346 vasa,
1293 2305 1479 2351 corporalia,
1504 2305 1686 2338 vestimenta
1710 2312 1739 2337 et
1758 2305 1816 2338 alia
1840 2316 1936 2338 orna-

1186 2362 1287 2388 menta
1321 2353 1544 2396 ecclesiastica,
1568 2353 1683 2386 munda
1704 2363 1731 2387 et
1751 2353 1847 2387 nitida
1866 2365 1936 2387 con·

1185 2412 1320 2442 servent,
1360 2410 1389 2436 et
1429 2403 1542 2437 faciant
1569 2402 1608 2436 ab
1644 2402 1711 2435 aliis
1738 2403 1937 2439 conservari‘.

1186 2452 1336 2499 quodque
1352 2453 1390 2486 de
1407 2452 1579 2494 breviariis,
1596 2451 1786 2491 missalibus,
1802 2451 1938 2498 aliisque

1187 2500 1275 2535 libris
1298 2509 1326 2535 et
1359 2502 1553 2535 vestimentis
1575 2514 1611 2535 ac
1638 2501 1832 2535 ornamentis
1865 2501 1938 2547 qui-

1188 2550 1323 2584 buslibet
1364 2551 1550 2585 necessariis
1584 2551 1713 2585 omnino
1755 2549 1936 2597 provideant

1188 2612 1241 2634 seu
1272 2600 1381 2635 l'ariaut
1411 2600 1579 2647 provideri.

1938 235 1985 261 An.
2005 233 2034 260 C.
2053 233 2119 261 ¹556

1955 2068 1982 2088 Dc
1994 2068 2089 2088 custodia
2101 2071 2133 2085 oi·-

1947 2101 2040 2119 ιηιι-ιιιιιιΔ
2056 2096 2133 2117 Eccle-

1949 2132 2005 2150 siae.
2023 2132 2042 2148 et
2059 2133 2133 2154 provi-

1949 2162 2008 2181 sione
2025 2159 2132 2179 titii-vrum*
