2274 3265
104 285 152 310 Αιι.
171 281 281 308 (215117

123 1083 142 1103 Β.
167 1082 254 1103 Ivonem
283 1089 294 1102 ιι

109 1121 131 1134 se
148 1114 294 1134 canonizatum

110 1146 145 1165 ait:

141 2606 230 2632 Eiusque
266 2609 310 2625 nta—

125 2642 192 2658 Iulum

127 2671 189 2691 diem.

235 2637 311 2657 testum

639 335 707 369 XlI.

303 408 350 441 De
371 409 603 442 canonizatione
622 409 660 442 B.
687 409 789 441 lvonis
802 407 970 452 presbyteri
986 407 1054 439 Tre-

353 459 483 491 corensi's
513 458 609 495 Gaui,
634 459 755 502 eiusque
775 457 948 501 festivitatis
980 457 1055 489 cele-

353 508 491 541 bratione
517 508 571 541 sub
598 508 646 541 die
668 508 713 540 119
736 507 845 540 mensis
866 506 954 539 maii.

576 584 789 616 SUMMARIUM

305 653 334 682 B.
354 652 470 683 Ivonem
491 663 504 682 a
529 662 559 682 se
578 654 783 682 canonizatum
803 652 852 682 ait:
867 669 904 673 —
927 653 954 681 fl.
973 651 1059 681 Eius·

347 708 403 737 que
423 701 563 728 statutum
583 697 688 726 festum
706 697 794 726 diem.
812 713 851 718 —
868 696 895 726 2.
920 695 1058 725 Miracula

346 743 380 772 ad
399 742 430 772 B.
456 741 601 771 tumulum
623 746 743 779 patrata.
765 757 804 763 —-
825 741 851 770 3.
876 739 987 770 Laetari
1012 739 1060 768 de-

346 787 395 816 bet
412 795 460 816 rex
480 785 620 816 Franciac
644 794 694 825 pro
718 789 797 814 tanto
816 789 947 825 patrona.

306 858 428 887 Clemens
450 858 521 893 Papa
554 858 597 890 vt,
633 857 795 885 charissimo
830 857 857 885 in
879 856 988 886 Christo
1007 856 1062 884 filio

349 908 469 943 Philippo
503 905 561 942 rogi
594 907 721 935 Franciae
745 906 863 939 illustri.
889 907 1008 935 salutem
1035 907 1063 934 et

351 956 532 992 apostolicam
551 956 777 984 benedictionem.

359 1022 407 1057 Ad
439 1022 612 1069 spiritualis
646 1022 752 1068 gaudii
781 1029 811 1056 et
839 1022 1064 1057 consolationis

309 1080 515 1118 augmentum
549 1071 690 1119 patefieri
731 1071 826 1118 regali
855 1071 1064 1106 excellentiae

311 1121 459 1156 volumus
488 1134 542 1168 per
565 1129 760 1168 praesentes,
784 1121 868 1168 quod
891 1133 947 1155 nos
969 1134 1065 1167 super

311 1172 441 1217 negocio
455 1171 705 1205 canonizationis
718 1170 789 1204 almi
806 1170 998 1205 confessoris
1006 1170 1063 1205 Do-

312 1221 388 1255 mini
414 1220 485 1255 Iesu
508 1219 644 1259 Christi
665 1219 770 1253 Ivonis
794 1218 939 1253 videlicet
961 1232 1066 1267 quon-

310 1270 381 1304 dam
402 1269 575 1317 presbyteri
595 1269 750 1303 dioecesis
772 1267 992 1312 Trecorensis,
1010 1281 1066 1315 pro

311 1331 372 1366 qua
396 1327 447 1353 tua
471 1318 651 1354 sublimitas
674 1318 826 1352 instanter
838 1317 993 1352 hactenus
1010 1330 1067 1352 nos

312 1368 443 1415 rogavit,
472 1368 501 1402 in
531 1369 660 1402 nomine
683 1366 810 1401 Domini
835 1366 1066 1414 procedentes

310 1418 361 1452 die
388 1416 599 1452 sextadecima
633 1416 808 1463 praesentis
844 1416 963 1451 mensis
991 1417 1066 1450 iunii

311 1467 544 1502 examinatione
568 1466 706 1506 diutina,
730 1465 848 1520 prolixa
872 1465 1067 1513 providentia

311 1524 340 1550 et
357 1524 490 1560 matura,
499 1516 582 1551 sicut
597 1515 692 1561 exigit
705 1515 778 1549 tanti
794 1514 1069 1561 negotiiarduitas

314 1544 534 1612 praecedente,
558 1565 730 1613 praefatum
759 1564 924 1603 Sanctum,
947 1565 1000 1612 qui
1023 1565 1070 1598 ti-

313 1623 374 1650 tam
403 1623 542 1650 sanctam
572 1627 632 1662 pus
654 1614 879 1650 exuberantem
907 1614 1069 1661 operibus,

313 1664 498 1711 castigando
535 1672 566 1699 et
602 1665 632 1699 in
668 1664 851 1699 servitutem
896 1663 1070 1711 redigendo

314 1727 442 1750 carnem
469 1726 583 1759 suam,
605 1714 752 1761 spiritum
777 1725 839 1748 non
868 1714 935 1748 sine
963 1713 1071 1748 multis

315 1773 344 1799 et
372 1765 496 1811 magnis
531 1763 768 1799 austeritatibus
797 1763 935 1809 gessisse
958 1763 1072 1810 poeni-

317 1814 601 1858 tentialibus,dum
627 1814 656 1847 in
681 1813 831 1848 humanis
853 1821 970 1858 ageret,
994 1812 1073 1847 mul-

317 1872 487 1911 torumque
510 1863 727 1898 coruscatione
747 1863 986 1906 miraculorum,
1010 1870 1070 1896 tain

318 1914 347 1946 in
362 1913 424 1956 via,
439 1925 532 1959 quam
559 1920 628 1958 post
644 1911 766 1946 felicem
783 1911 885 1958 ipsius
904 1912 1071 1946 transitum

318 1962 481 2001 claruisse,
511 1961 685 1995 manifestis
713 1961 812 2007 ipsius
836 1960 1075 2006 probationibus

319 2010 377 2046 fuit
400 2019 568 2058 repertus;
602 2018 766 2057 praesente
805 2009 907 2043 tidelis
937 2010 1010 2044 cleri
1045 2018 1073 2044 et

320 2060 427 2107 populi
452 2059 657 2094 multitudine
679 2059 819 2106 copiosa,
847 2059 1075 2106 observataque

320 2110 531 2153 solemnitate,
553 2121 633 2157 quae
656 2109 821 2143 consuevit
842 2109 872 2142 in
892 2108 1008 2143 talibus
1022 2110 1074 2143 ob-

321 2159 451 2203 servari,
473 2159 510 2193 ad
539 2159 663 2193 laudeni
693 2166 723 2192 et
744 2158 874 2205 gloriam
899 2157 994 2191 divini
1011 2157 1076 2192 No—

323 2208 428 2249 minis,
451 2220 487 2243 ac
509 2208 759 2243 consolationem
785 2207 934 2246 bdelium
957 2216 985 2241 et
1009 2220 1076 2241 ma-

321 2257 406 2292 xime
428 2258 516 2304 regni
545 2258 601 2301 tui,
629 2258 666 2291 de
689 2269 753 2304 quo
776 2257 907 2290 traxisse
937 2258 1076 2291 noscitur

322 2307 493 2353 originem,
511 2319 547 2341 ac
567 2308 610 2341 tui
634 2315 663 2341 et
687 2306 831 2340 eiusdem
856 2306 941 2352 regni
965 2306 1078 2341 ‹xalta-

324 2357 442 2391 tionem
471 2334 612 2401 lionoris,
635 2356 674 2391 de
701 2356 833 2390 consilio
862 2355 991 2390 fratrum
1017 2368 1076 2389 no—

323 2414 458 2441 strorum
483 2406 751 2450 canonizavimus,
770 2415 798 2440 et
822 2413 1002 2440 sanctorum
1025 2417 1077 2439 ca-

325 2455 452 2503 thalogo
479 2455 725 2491 adscribendum
749 2454 983 2499 mandavimus,
999 2464 1025 2489 et
1045 2463 1077 2489 ut

324 2514 467 2541 sanctum
496 2505 645 2552 deinceps
673 2517 688 2539 a
705 2504 852 2539 fidelibus
875 2504 1027 2539 venerari.

374 2560 389 2599 g
426 2558 456 2590 Ι.
494 2554 624 2590 Festum
654 2554 754 2602 ipsius
787 2553 838 2588 die.
870 2554 1076 2588 decimanona

326 2606 446 2640 mensis
473 2605 557 2645 maii,
573 2616 636 2652 quo
659 2604 728 2638 eins
750 2604 853 2638 anima
879 2604 960 2637 mole
975 2604 1078 2638 cannis

326 2665 429 2694 exuta,
457 2655 563 2689 coelos
600 2662 727 2701 petens,
756 2665 828 2688 cum
853 2652 934 2687 scala
963 2653 1079 2699 gloriae

407 2712 481 2743 Ball.
505 2711 580 2741 Rom.
604 2710 657 2740 t'ot.
677 2711 722 2740 lt'.
924 2710 961 2739 63

939 278 1085 301 CLEMENS
1108 277 1137 299 Vt
1168 277 1213 298 ΙΨ.

1729 264 1798 297 497

1096 331 1262 366 caelitibus
1275 330 1397 365 civibus
1410 339 1456 365 cst
1468 330 1650 371 coniuncta,
1674 337 1849 365 statuentes

1096 394 1111 415 a
1148 380 1296 415 fidelibus
1337 381 1428 415 annis
1455 380 1590 427 singulis
1612 379 1848 415 celebrandum.

1147 434 1210 473 52.
1234 430 1313 464 Ad
1307 442 1408 476 ipsum
1429 430 1558 485 quidem
1575 430 1750 464 Sanctum
1745 442 1852 476 ingen-

1100 487 1160 514 tem
1200 479 1399 514 devotionem
1436 480 1517 526 gerit
1546 479 1680 534 partium
1718 480 1873 526 ἰι3ι·ιιιη

1101 528 1250 576 populus,
1273 537 1302 564 et
1326 529 1384 563 iam
1410 529 1500 563 multi
1524 529 1589 563 ad
1583 541 1683 575 tpstus
1706 528 1851 583 snII'ragia

1100 578 1221 613 ‹letotis
1248 578 1445 613 orationibus
1484 587 1513 613 ct
1541 578 1667 612 emissis
1706 577 1784 612 votis
1823 577 1852 610 in

1101 628 1277 664 humilitate
1299 628 1428 674 spiritus
1451 635 1660 669 recurrentcS,
1675 627 1789 661 exinde
1804 638 1855 660 sa-

1103 678 1228 712 nitatem
1261 686 1291 712 et
1319 677 1376 712 alia
1406 677 1543 712 remedia
1579 688 1674 724 super
1708 677 1776 711 suis
1804 676 1855 710 iu-

1102 727 1158 761 stis
1182 726 1385 774 petitionibus
1409 734 1621 774 reportarunt,
1643 734 1673 759 et
1697 733 1855 773 reportare

1104 789 1164 810 non
1193 776 1344 811 desinunt
1368 777 1572 811 incessanter.

1152 830 1167 869 ἓ
1190 830 1222 860 3.
1250 826 1298 860 Ex
1326 826 1376 860 liis
1389 838 1503 873 nempe
1526 824 1594 864 tibi,
1615 823 1657 858 fili
1681 824 1857 868 carissime,

1104 874 1253 921 adaugeri
1277 874 1369 910 debet
1396 874 1606 931 proculdubio
1634 886 1764 921 magnae
1792 873 1858 921 spi-

1107 924 1226 959 ιίῑιι31ἰε
1245 924 1382 959 laetitiae
1404 925 1649 965 incrementum,
1672 931 1703 958 et
1725 922 1798 958 inde
1813 931 1859 958 te-

1107 974 1190 1008 neris
1213 973 1280 1008 Deo
1295 985 1472 1020 assurgere,
1492 973 1528 1008 ad
1544 973 1714 1020 gratiarum
1731 971 1860 1007 devotas

1106 1031 1135 1057 et
1164 1023 1304 1058 humiles
1331 1023 1494 1063 actiones,
1529 1023 1582 1071 qui
1612 1022 1668 1058 tibi
1707 1021 1798 1056 talem
1821 1020 1861 1056 de

1108 1084 1204 1118 regno
1227 1080 1293 1117 tuo,
1318 1073 1348 1107 in
1371 1085 1434 1120 quo
1457 1072 1549 1107 etiam
1574 1084 1690 1119 corpus
1712 1071 1861 1118 quiescit,

1107 1121 1249 1156 eiusdem
1286 1130 1453 1169 patronum
1489 1129 1519 1155 et
1549 1122 1789 1156 intercessorem
1830 1120 1860 1154 in

1107 1183 1163 1205 sua
1184 1172 1269 1206 curia
1293 1171 1419 1206 caelesti
1445 1170 1614 1213 concessit,
1637 1170 1674 1205 ad
1702 1182 1798 1217 quem
1814 1182 1864 1203 su-

1109 1232 1164 1266 per
1198 1221 1259 1255 tuis
1295 1219 1562 1260 necessitatibus,
1586 1229 1621 1254 ut
1643 1220 1779 1255 divinam
1809 1217 1864 1252 tibi

1110 1269 1367 1325 propitiationem
1397 1269 1480 1316 apud
1517 1269 1640 1315 Regem
1675 1276 1864 1308 aeternum,

1109 1319 1162 1364 qui
1191 1319 1296 1353 omnia
1323 1319 1428 1366 palmo
1450 1318 1624 1363 concludit,
1647 1318 1798 1356 obtineat,
1814 1329 1866 1351 re-

1110 1379 1238 1402 currere
1277 1368 1416 1415 poteris,
1451 1368 1532 1401 sicut
1564 1347 1737 1410 creilimus,
1765 1366 1865 1401 conli-

1111 1416 1233 1451 denter.

1161 1465 1232 1500 Dat.
1257 1467 1432 1505 Arenione,
1461 1468 1494 1500 tt
1527 1466 1588 1500 kat.
1606 1465 1687 1506 iulii,
1712 1473 1798 1512 pont.
1814 1476 1869 1499 no—

1112 1523 1166 1550 stri
1191 1528 1273 1550 anno
1301 1527 1345 1550 vl.

1160 1577 1221 1607 Dat.
1245 1579 1292 1608 die
1311 1578 1343 1607 -2t
1368 1578 1442 1608 iunii
1463 1578 1546 1614 1347,
1570 1576 1672 1617 pontis.
1696 1585 1772 1606 anno
1791 1584 1828 1606 vi.

1448 1741 1533 1776 xm.

1156 1815 1312 1848 Li'im'tatio
1340 1815 1449 1859 finium
1472 1816 1544 1859 aqri
1565 1815 1774 1848 Beneventani
1790 1815 1844 1857 (t).

1387 1891 1601 1922 SUMMARIUM

1117 1963 1304 1993 Prooemium.
1337 1980 1374 1985 —-
1409 1964 1434 1993 1.
1471 1963 1501 1993 ln
1537 1962 1730 1992 concessione
1764 1971 1779 1992 3
1810 1960 1872 1992 Cle-

1156 2013 1252 2037 mente
1272 2007 1307 2037 lv
1325 2007 1428 2037 Caroto
1453 2007 1656 2046 Andegavensi
1685 2006 1760 2036 sacta
1784 2015 1871 2036 exce-

1157 2058 1223 2092 ptus
1258 2053 1416 2082 comitatus
1451 2052 1677 2082 Beneventanus
1709 2052 1744 2080 de
1777 2051 1873 2091 ipsius

1157 2097 1274 2127 comitis
1291 2106 1447 2126 consensu.
1464 2113 1501 2119 —
1518 2097 1545 2126 ⁶2.
1560 2096 1656 2131 Quare
1674 2095 1762 2125 dilata
1776 2104 1873 2134 usque

1157 2141 1254 2171 adhuc
1270 2142 1336 2170 eius
1353 2141 1455 2171 finium
1475 2141 1637 2170 distinctio.
1652 2156 1690 2162 ——
1708 2139 1785 2169 Haec
1802 2148 1872 2178 pro-

1158 2186 1253 2215 vincia
1275 2185 1412 2224 pluribus
1432 2185 1518 2215 Sedis
1537 2185 1636 2224 Apost.
1660 2184 1764 2221 legatis
1788 2193 1873 2213 coin-

1159 2231 1257 2259 missa.
1280 2246 1319 2251 —
1345 2229 1371 2259 3.
1394 2229 1667 2260 Beneventanorum
1696 2229 1799 2258 finium
1824 2228 1874 2257 de-

1158 2275 1281 2303 cretoria
1302 2274 1472 2313 descriptio.
1491 2291 1529 2295 —
1546 2274 1574 2304 4,
1593 2272 1760 2303 Clausulae.

1163 2349 1287 2377 Clemens
1305 2348 1447 2384 opiscopus
1470 2354 1567 2375 servus
1603 2353 1743 2376 servorum
1766 2346 1829 2379 Dei.

1254 2398 1288 2426 ad
1319 2398 1481 2433 perpetuam
1504 2397 1546 2426 rei
1570 2397 1738 2425 memoriam.

1170 2462 1267 2508 Urget
1291 2475 1347 2497 nos
1376 2461 1566 2508 apostolicae
1592 2461 1751 2496 servitutis
1777 2459 1875 2495 debi-

1121 2521 1200 2552 tum,
1224 2522 1257 2547 ut
1275 2512 1321 2546 sic
1344 2511 1444 2546 simus
1463 2511 1532 2545 aliis
1555 2511 1584 2544 in
1608 2510 1802 2545 exhibitione
1824 2510 1872 2545 iu-

1120 2563 1222 2597 stitiae
1245 2561 1416 2601 debitores,
1437 2568 1468 2594 ut
1491 2561 1558 2595 iura
1577 2559 1739 2595 Romanae
1761 2559 1875 2595 Eccle—

1121 2613 1196 2651 siae,
1219 2611 1281 2650 cui,
1299 2611 1370 2645 licet
1395 2610 1554 2649 immeriti,
1574 2618 1701 2644 auctore
1723 2608 1874 2651 Domino,

1156 2669 1195 2704 (l)
1212 2669 1251 2695 Ex
1272 2669 1377 2703 Regest.
1400 2669 1424 2694 in
1443 2667 1551 2694 Archiv.
1575 2667 1659 2693 Vatic.

1866 275 1913 299 Αιι,
1933 274 1950 298 C
1980 273 2047 299 1350

1880 440 1942 492 §lul-rc
1946 442 1978 460 ula
1992 441 2047 461 ιι1Β

1865 476 1900 492 Iun
1911 473 1951 492 ιιὶιιι
1959 476 2052 498 iptio<

1886 834 1910 854 L=
1915 836 1967 854 etati
1993 835 2017 854 de
2021 834 2045 853 be
2051 838 2056 853 t

1872 871 1908 887 rex
1921 864 2042 891 Franciaepr
2046 871 2057 884 ο

1872 900 1929 918 tantu
1947 903 1971 923 pa
1961 900 2005 916 atro
2009 902 2034 916 uo

1915 2472 2046 2495 Prooemium,
