2274 3265
222 265 271 290 Αι-ι.
290 264 318 289 C.
335 264 402 290 ¹976

468 255 512 286 38

418 320 446 353 in
469 318 599 353 dubium
624 318 776 357 rcvocari;
803 317 1045 364 suspensionem
1066 317 1164 363 ipsam

416 368 454 402 ab
481 367 593 402 eodem
621 366 864 413 praedecessore
886 366 1026 401 Adriano
1054 366 1163 401 factam

416 417 530 455 fuisse,
564 423 597 450 ut
625 416 847 462 praemittitur,
876 415 1086 462 praesentium
1113 424 1165 450 tc-

416 477 490 499 nore
511 472 680 503 testamur;
703 476 739 499 ac
766 465 864 510 ipsam
888 464 1094 498 nibilominus
1115 476 1164 498 ra-

415 514 570 549 tificantes
591 521 620 547 et
645 521 740 548 ratam
765 513 870 548 baberi
899 513 1050 553 volentes,
1074 525 1164 547 revo-

414 563 536 598 catione
552 561 722 610 praedicta,
741 575 812 597 cum
836 562 920 596 nulla
939 562 978 596 dc
997 562 1062 608 ipsa
1086 561 1163 595 fides

415 611 520 647 haberi
556 612 709 658 potuerit,
744 611 968 654 nonobstante,
1006 610 1163 645 constitu-

414 662 529 695 tionem
569 660 722 700 eandem,
757 660 860 706 quoad
897 671 1022 694 omnem
1069 671 1161 693 suum

412 709 576 749 effectum,
615 708 654 743 de
693 708 821 743 fratrum
854 708 995 755 ipsorum
1030 708 1162 742 consilio

412 758 610 794 decrevimus
647 769 716 792 esse
755 769 952 805 suspensam.
993 755 1160 791 Caeterum

412 815 519 854 aperte
553 806 779 853 praedicimus,
807 806 891 853 quod
924 817 980 840 nec
1013 813 1161 847 nostrae,

413 868 469 891 nec
492 856 621 891 fratrum
651 856 789 901 ipsorum
824 854 1006 889 intentionis
1041 854 1160 891 existit

412 913 445 940 ut
472 905 575 940 solum
604 904 633 938 in
657 904 798 938 eiusdem
827 902 1061 938 constitutionis
1089 915 1163 937 sus-

411 954 562 1000 pensione
584 964 641 987 seu
663 953 833 987 abolitione
856 952 1022 991 sistamus,
1046 952 1099 985 sed
1123 952 1159 986 ad

411 1002 564 1037 tollendas
600 1002 783 1036 occasiones
816 1000 951 1035 diffusae
991 1001 1160 1035 vacationis

996 262 1182 285 mmmmm!

409 1051 551 1086 eiusdem
581 1049 753 1091 Ecclesiae,
775 1062 812 1084 ac
839 1050 1030 1084 celeritatem
1055 1050 1161 1095 provi·
1182 1062 1183 1069 ¹

409 1100 508 1135 sionis
547 1099 666 1145 ipsius,
703 1108 795 1146 prout
835 1098 944 1133 eadem
980 1097 1159 1133 intendebat

408 1148 609 1191 constitutio,
631 1156 847 1193 competenter
870 1146 1094 1187 inducendam,
1114 1147 1160 1182 sic

408 1197 601 1232 intendimus
618 1196 773 1243 praefatae
795 1196 1014 1231 constitutioni
1033 1204 1062 1230 et
1085 1196 1159 1231 dicti

408 1246 659 1292 praedecessoris
685 1245 847 1291 Gregorii,
875 1244 1048 1280 conditoris
1075 1245 1160 1280 eius-

407 1295 490 1336 dem,
519 1294 685 1329 intentioni
714 1306 917 1335 concurrere,
944 1305 980 1329 ac
1010 1293 1077 1328 Deo
1099 1294 1160 1328 du-

407 1352 492 1379 ctore
519 1344 648 1379 fratrum
674 1344 814 1389 ipsorum
838 1342 970 1378 consilio
992 1342 1160 1379 salubriter

407 1393 437 1428 in
461 1393 605 1440 proximo
634 1392 811 1439 providere,
833 1392 917 1439 quod
946 1404 1019 1426 cum
1049 1391 1159 1439 dispo-

406 1442 520 1477 sitione
541 1441 646 1476 divina
669 1453 761 1476 casus
783 1441 946 1476 emerserit
972 1441 1073 1476 eidem
1096 1442 1160 1477 Ec-

406 1491 540 1531 etesiae,
575 1490 707 1525 sublatis
734 1490 968 1537 impedimentis
995 1490 1159 1537 quibusli-

407 1540 476 1580 bet,
502 1539 646 1575 celeriter
670 1539 847 1575 desiderata
883 1540 1032 1587 provisio,
1067 1550 1159 1595 prout

407 1588 515 1624 mundi
540 1588 711 1624 necessitas
732 1589 839 1635 exigit,
860 1589 957 1623 valeat
981 1602 1157 1636 prov.eurre

404 1637 490 1673 Nulli
512 1650 600 1684 ergo,
618 1644 671 1672 etc.

455 1686 568 1721 Datum
591 1686 725 1721 Viterbii
740 1686 881 1722 secundo
905 1686 1054 1723 kalendas
1076 1698 1160 1723 octo-

405 1736 481 1776 bris,
504 1735 706 1783 pontificatus
729 1736 826 1771 nostri
854 1749 938 1771 anuo
967 1749 987 1771 1.

428 1798 488 1827 Dat.
508 1798 554 1828 die
570 1798 608 1828 30
626 1798 804 1838 septembris
824 1798 907 1835 1276,
927 1803 1005 1838 pont.
1024 1810 1100 1829 anno
1115 1809 1132 1830 1.

762 1945 800 1980 ll.

476 2019 656 2064 Encyclicae
676 2020 802 2053 Ioannis
824 2019 905 2052 XXI
925 2021 968 2053 ad
986 2022 1087 2065 fideles
1177 2025 1179 2051 t

513 2069 549 2101 de
570 2080 627 2102 sua
646 2069 839 2113 promotione
859 2069 965 2102 literae
993 2074 1001 2111 (
1012 2071 1049 2102 tr.

677 2137 891 2168 SUMMARIUM

403 2200 574 2230 Cardmales
597 2201 626 2230 in
651 2201 756 2239 palatio
783 2200 959 2231 Viterbiensi
983 2201 1154 2232 Pontificem

443 2244 566 2274 electuri
595 2245 779 2274 conveniunt.
802 2262 840 2267 —
870 2245 1021 2280 Quomodo
1045 2247 1078 2276 ad
1104 2247 1156 2277 Se-

443 2289 508 2318 dem
532 2289 729 2327 Apostolicanr
749 2294 876 2319 evectus.
904 2306 943 2311 —
965 2290 1156 2321 Commendat

444 2341 475 2361 se
494 2332 625 2362 fidelium
651 2332 800 2372 precibus.

469 2407 578 2435 loannes
598 2408 739 2444 episcopus
757 2415 853 2437 servus
873 2415 1012 2437 sorvorum
1031 2408 1087 2437 nei.
1175 2408 1177 2440 l

452 2472 566 2508 Felicis
580 2473 808 2509 recordationis
823 2474 963 2510 Adriano
977 2488 1054 2523 papa
1068 2488 1155 2523 prae—

403 2521 569 2557 decessore
592 2532 697 2558 nostro
722 2533 792 2571 post
812 2524 1043 2572 promotionem
1064 2537 1152 2560 suam

438 2592 533 2660 (⁰25¹
552 2594 699 2629 Raymrldo,
720 2595 873 2622 Continuat.
891 2595 999 2628 Annal„
1017 2598 1080 2622 tom.
1103 2603 1153 2628 xv,

403 2640 462 2667 pag.
516 2634 541 2660 5.

1210 261 1286 284 ROM,
1288 261 1370 283 ᾸᾺἸΠΙ

1207 316 1243 351 ad
1272 315 1388 350 summi
1419 314 1611 369 apostolatus
1632 313 1751 360 apicem
1782 313 1865 349 brevi
1889 313 1958 348 die-

1208 378 1275 399 rum
1300 377 1432 399 rrunrero
1456 364 1533 398 ritae
1555 376 1629 398 suae
1650 371 1791 409 tempora
1810 374 1958 397 consum-

1184 434 1186 441 >
1207 422 1321 454 rn;,rnte
1342 421 1411 461 post
1430 412 1567 448 exhibita
1582 412 1715 447 eidem
1710 424 1740 445 tn
1762 411 1957 447 solemnibus

1206 463 1346 509 exequiis
1360 462 1464 497 debita
1476 462 1676 496 humanitatis
1690 460 1850 507 obsequia,
1861 473 1918 495 nos
1927 469 1957 496 et

1207 512 1316 546 fratres
1343 511 1438 546 nostri
1464 511 1493 545 iu
1517 510 1685 558 episcopali
1715 509 1830 556 palatio
1852 508 1957 544 Viter-

1207 560 1306 594 bieusi
1329 560 1546 598 convenimus
1575 559 1720 594 electioni
1742 557 1955 593 substituendi

1207 609 1381 649 l‘outisicis,
1402 609 1485 644 iuxta
1510 609 1707 643 necessitatis
1729 606 1910 642 instantiam
1927 615 1957 642 et

1207 658 1330 692 fervens
1358 666 1499 693 nostrum
1529 658 1722 692 desiderium
1746 655 1898 697 vacaturi,
1927 664 1956 691 et

1206 706 1277 741 licet
1296 706 1409 741 diebus
1432 707 1587 761 aliquibus
1610 719 1664 753 per
1683 705 1954 760 importunitatem

1205 755 1451 789 viterbiensium
1475 769 1591 790 crvrum
1622 755 1765 790 tractatui
1793 754 1957 789 electionis

1205 804 1347 838 instantis
1366 816 1423 838 nec
1445 804 1519 839 dare
1542 817 1708 851 possemus
1731 803 1876 844 initium3
1899 815 1958 858 po-

1204 861 1326 899 stquam
1343 861 1446 887 tamen
1471 853 1512 887 illi
1532 866 1639 888 vacare
1656 853 1828 900 potuimus,
1848 852 1955 892 astitit,

1206 909 1238 935 ut
1264 901 1434 936 credulitas
1462 902 1572 936 devota
1595 902 1758 949 supponit,
1781 902 1955 948 sapientiae

1203 950 1362 1005 Spiritus,
1390 962 1427 985 ex
1459 963 1546 985 more
1581 964 1596 985 a
1626 951 1715 986 nobis
1750 958 1780 986 et
1807 950 1956 986 fratribus

1205 999 1282 1045 rpsis
1307 999 1493 1046 suppliciter
1523 1001 1695 1040 invocatus,
1718 1008 1749 1034 et
1777 1000 1874 1046 prima
1904 999 1954 1034 die

1203 1048 1271 1082 de'
1264 1060 1403 1095 ipsorum
1427 1047 1557 1083 fratrum
1581 1048 1730 1084 concordi
1756 1056 1840 1090 voto,
1869 1049 1955 1095 pari-

1203 1109 1264 1143 que
1293 1097 1460 1132 concordia
1490 1098 1642 1144 processit
1670 1097 1708 1132 de
1736 1096 1846 1140 nobis,
1880 1105 1955 1132 tunc

1202 1146 1351 1200 episcopo
1383 1146 1576 1190 Tusculano,
1613 1146 1890 1207 impraemeditatis
1925 1154 1953 1181 et

1203 1207 1321 1234 roseus,
1343 1194 1381 1230 ad
1409 1195 1492 1230 Petri
1517 1191 1705 1230 Catlredram
1728 1195 1839 1231 electio
1858 1207 1954 1230 cano-

1202 1244 1283 1287 nica,
1305 1245 1485 1280 communis
1510 1252 1540 1279 et
1562 1257 1705 1280 concors.

1251 1292 1315 1327 ln
1310 1293 1347 1327 ris
1373 1293 1477 1340 itaque
1499 1302 1663 1340 stupemus
1685 1305 1749 1328 non
1777 1294 1953 1335 immerito,

1203 1342 1316 1388 pariter
1331 1349 1360 1377 et
1380 1350 1546 1378 terremur.
1570 1343 1682 1377 Nonne
1704 1351 1826 1398 stupor,
1848 1355 1954 1378 nonne

1203 1399 1329 1432 tremor,
1357 1391 1442 1438 quod
1482 1404 1551 1433 nos,
1587 1393 1641 1439 qui
1678 1392 1802 1427 tutioris
1828 1405 1954 1440 semper

1202 1441 1382 1487 putavimus
1409 1453 1476 1475 esse
1499 1441 1634 1485 consilii,
1657 1453 1770 1477 secure
1797 1442 1828 1476 in
1850 1442 1953 1477 Domo

1202 1489 1327 1524 Domini
1364 1489 1474 1530 abiici
1510 1503 1604 1537 quam
1644 1490 1819 1537 periculose
1858 1503 1954 1546 super

1201 1538 1334 1573 aliorum
1369 1552 1475 1573 euram
1511 1548 1542 1574 et
1576 1540 1716 1585 regimen
1757 1540 1870 1575 elevari
1909 1541 1954 1575 sic

1200 1588 1305 1622 subito
1333 1589 1362 1622 in
1384 1589 1479 1623 maris
1505 1588 1705 1624 altitudinem
1735 1590 1900 1624 venrmtts⁹
1913 1589 1954 1625 Et

1200 1637 1275 1671 dum
1300 1637 1337 1671 ad
1365 1637 1496 1672 iniuncti
1527 1638 1634 1673 oneris
1667 1638 1822 1673 sarcinam
1851 1638 1954 1674 insuf-

1178 1686 1342 1721 :ficientes
1371 1687 1519 1721 virtutum
1554 1695 1702 1734 sumptus
1729 1687 1954 1735 dispungimus

1178 1744 1228 1782 ,et
1259 1736 1337 1770 vires
1371 1735 1506 1791 impares
1537 1749 1767 1783 comparamus,
1790 1737 1829 1772 ab
1848 1737 1951 1777 illius

1178 1786 1180 1792 '
1201 1785 1407 1830 necindigue,
1424 1786 1570 1821 timemus
1593 1794 1777 1833 tempestate
1791 1787 1953 1835 demergi?

1178 1861 1179 1869 r
1200 1833 1286 1868 Haec
1305 1834 1472 1869 efficaciter
1498 1835 1722 1882 suggerebant,
1746 1844 1778 1870 ut
1805 1837 1836 1871 in
1860 1849 1952 1872 voca-

1200 1884 1302 1924 tione,
1331 1883 1361 1918 iu
1389 1896 1451 1931 qua
1488 1896 1544 1919 uos
1580 1892 1758 1920 vocaterat
1772 1885 1951 1931 Dominus,

1200 1945 1412 1974 maneremus,
1440 1943 1472 1968 et
1504 1934 1649 1969 debilitas
1676 1947 1757 1970 onus
1784 1935 1951 1983 refugeret,

1199 1994 1234 2016 ac
1260 1994 1342 2030 opus
1367 1983 1588 2018 insufficientia
1617 1992 1721 2019 nostra
1744 1984 1864 2020 vitaret.
1889 1985 1952 2021 Ve-

1177 2043 1280 2076 rum,
1308 2032 1379 2079 quia
1411 2044 1533 2068 merces
1561 2033 1721 2068 laboribus
1748 2046 1952 2070 commensu-

1200 2088 1284 2114 ratur
1317 2089 1347 2115 et
1374 2082 1532 2126 redditur,
1560 2090 1688 2129 propter
1721 2083 1806 2130 quod
1833 2083 1951 2119 Doctor

1176 2147 1178 2154 ⁴
1199 2138 1228 2163 et
1251 2129 1453 2165 Praedicator
1474 2132 1631 2178 egregius,
1657 2144 1719 2167 non
1747 2132 1786 2167 de
1809 2132 1949 2180 profectu

1199 2179 1348 2225 glorians,
1371 2180 1426 2214 sed
1451 2181 1601 2216 veraciter
1624 2193 1701 2216 suos
1725 2181 1849 2217 labores
1871 2190 1950 2218 atte-

1198 2235 1300 2272 stans,
1331 2241 1392 2263 nou
1417 2230 1530 2276 inquit,
1554 2230 1625 2277 plus
1647 2231 1796 2266 omnibus
1820 2231 1950 2279 profeci,

1176 2292 1177 2298 ¹
1198 2278 1244 2312 vel
1269 2278 1386 2325 profui,
1409 2279 1462 2313 sed
1480 2278 1551 2325 plus
1574 2279 1727 2321 laboravi;
1751 2281 1823 2316 licet
1845 2281 1950 2317 deter-

1176 2342 1177 2346 ¹
1199 2335 1279 2362 reret
1298 2339 1378 2362 onus
1401 2336 1429 2363 et
1452 2328 1551 2370 labor,
1567 2329 1603 2363 ad
1622 2329 1824 2365 subeundum
1845 2338 1948 2366 tamen

1199 2376 1305 2422 iugum
1325 2376 1516 2424 apostolicae
1539 2378 1708 2423 semirutis,
1731 2387 1761 2414 et
1785 2379 1814 2414 in
1839 2392 1872 2415 ea
1893 2392 1949 2427 pro

1200 2425 1317 2460 uiribus
1340 2426 1560 2471 laborandum,
1584 2440 1706 2463 merces
1734 2428 1949 2464 retributionis

1197 2483 1342 2510 aeternae
1376 2476 1641 2524 uniuscuiusque,
1680 2477 1738 2512 nisi
1777 2478 1861 2513 aliud
1891 2478 1949 2513 mi—

1196 2524 1366 2559 sericordia
1386 2525 1586 2561 retribuentis
1601 2526 1771 2574 indulgeat,
1786 2539 1948 2563 commen-

1197 2573 1331 2608 suranda
1356 2574 1524 2616 lrboribus,
1548 2576 1696 2618 invitavit,
1721 2584 1751 2612 et
1776 2576 1836 2611 sub
1862 2577 1948 2612 Illius

1197 2622 1324 2667 fiducia,
1348 2625 1399 2671 qui
1420 2624 1500 2659 lasso
1524 2625 1668 2661 virtutem
1691 2625 1834 2668 subiicit,
1857 2626 1948 2662 cuius

1973 262 2024 289 An.
2042 260 2071 286 C
2089 259 2156 286 ¹276

1980 322 2102 343 Cardinalen
2132 323 2152 342 in

1971 353 2049 379 palutio
2083 352 2155 373 Viter-

1971 384 2018 404 brer
2022 389 2038 403 st
2067 383 2094 404 Po
2098 383 2155 403 utin-

1971 420 2016 435 cem
2066 414 2154 435 stet-turi

1971 445 2108 466 conveniunt

1981 1307 2089 1334 Quomodo
2129 1308 2153 1328 ad

1968 1337 2043 1359 Sedorn
2060 1338 2154 1365 Aposto-

1968 1368 2028 1389 IIcam
2044 1372 2138 1390 evectus.
