2274 3265
152 304 192 330 tn.
206 304 236 329 C.
258 304 323 330 t526

145 1107 199 1127 Auta
223 1107 317 1127 defluiti-

133 1143 177 1157 vam
189 1139 315 1158 sententium

132 1168 250 1194 colligenda
270 1175 316 1189 om-

131 1200 186 1219 nium
203 1203 257 1220 vota.

143 2591 234 2618 Quatuar
274 2593 311 2613 11ι-

130 2623 192 2644 beant
220 2627 312 2644 tantum⁶

129 2654 189 2674 modo
205 2658 311 2675 notarios:

845 301 979 323 'omues
1002 301 1053 322 xxi
1078 289 1183 322 (dicius
1207 301 1290 329 xxti)
1313 300 1358 321 rr.

338 356 453 391 referre
489 356 552 391 suis
589 355 849 390 coauditoribus:
872 365 899 390 et
944 368 1078 397 causas,

336 418 414 452 quas
440 406 536 445 audit,
572 406 595 439 si
628 405 664 440 ad
702 405 760 440 boc
789 413 912 452 paratus
946 404 1077 443 existat,

337 455 416 489 inter
442 467 497 490 eos
529 456 558 489 in
596 454 796 489 relationibus
819 463 932 501 ponat,
966 462 997 488 ut
1032 462 1078 487 est

336 505 442 539 moris.
470 505 588 551 Sieque
611 517 665 552 per
678 516 875 551 consequens
898 504 948 538 alii
971 503 1078 537 (1.1)3-

336 554 396 588 latii
416 555 575 589 auditores
601 553 778 588 successive
805 553 979 588 secundum
1007 565 1078 599 gra—

334 603 408 638 dum
432 604 647 651 receptionum
670 614 778 637 eorum
807 602 972 637 cuiusiibet
988 602 1077 636 simi-

334 654 403 688 liter
438 654 588 692 referant:
612 660 642 687 et
674 664 794 690 causas,
817 665 896 700 quas
921 652 1076 691 audiunt,

334 704 364 737 in
388 702 594 738 relationibus
621 709 749 749 ponant,
776 702 801 736 si
825 702 862 737 ad
892 702 950 737 boc
984 702 1075 737 etiam

332 753 394 786 sint
417 753 524 799 parati.
545 752 582 787 Et
605 751 688 798 quod
719 760 883 799 postquam
909 765 968 786 una
984 764 1076 787 causa

332 802 362 836 in
386 801 590 837 relatiffnibus
620 801 801 835 huiusmodi
827 802 924 848 posita
960 802 1051 836 fuerit
1068 829 1076 845 ,

331 851 389 886 alia
414 860 558 900 ponatur,
571 862 736 897 quousque
751 859 853 898 partes
866 851 1076 898 allegaverint,

331 913 412 948 quae
435 901 590 936 voluerint
610 900 759 946 allegare,
783 913 844 936 non
865 909 968 936 tamen
991 901 1078 936 audi-

331 960 415 985 tores
449 951 508 998 ipsi
533 949 643 985 audire
670 950 871 997 allegationes
902 952 1077 998 superfluas

330 1000 577 1047 adstringantur.

379 1054 394 1093 ξ
423 1052 478 1085 10.
518 1049 595 1085 ltem
631 1049 712 1095 quod
759 1050 863 1083 nullus
899 1050 1074 1084 auditorum

331 1099 432 1146 ipsius
446 1099 555 1133 Palatii
575 1099 710 1146 aliquam
734 1099 925 1134 delinitivam
946 1108 1077 1134 seuten-

331 1150 428 1189 tiam,
461 1161 678 1197 quaecumque
716 1149 808 1183 fuerit
843 1161 897 1183 seu
934 1150 1076 1195 quamvis

331 1198 596 1234 interlocutoriam
615 1211 712 1246 super
734 1198 987 1233 devolutionibus
1001 1211 1076 1233 eau-

329 1261 433 1283 sarum
456 1249 486 1282 in
515 1248 654 1283 Romana
682 1247 777 1282 Curia
816 1248 1047 1282 tractandarum
1064 1277 1072 1286 ‚

329 1298 354 1331 si
383 1299 462 1332 iuter
489 1305 592 1345 partes
619 1298 658 1333 de
681 1298 746 1344 ipsa
770 1297 970 1332 devolutione
992 1310 1075 1332 con-

329 1347 477 1382 troversia
500 1347 592 1382 suerit
615 1347 662 1382 iel
690 1358 785 1393 super
807 1346 1000 1380 admissione
1030 1348 1073 1382 iel

329 1396 507 1451 repulsione
534 1397 739 1431 articulorum
762 1403 814 1430 aut
837 1409 934 1443 super
963 1396 1074 1431 remis-

328 1459 416 1481 srone
455 1458 552 1493 super
589 1446 707 1481 eisdem
743 1445 883 1480 articulis
915 1454 966 1480 aut
1007 1445 1075 1481 11115

329 1495 567 1542 probationibus
588 1504 673 1531 extra
690 1496 807 1530 curiam
831 1495 993 1534 faciendis
1015 1496 1073 1530 nisi

327 1544 431 1580 forsan
445 1545 483 1580 de
498 1558 656 1580 consensu
672 1545 807 1593 partium
832 1545 917 1579 lieret
933 1545 1074 1580 remissio

327 1595 372 1629 vel
400 1595 549 1630 admissio
588 1592 788 1643 supradicta,·
827 1607 947 1629 necnon
980 1608 1075 1642 super

328 1645 521 1680 restitutione
542 1657 597 1679 seu
621 1646 816 1680 revocatione
839 1652 1074 1685 attentatorum,

326 1695 390 1729 sive
418 1695 660 1750 innovatorum,
695 1695 748 1729 lite
780 1693 824 1728 iel
864 1694 1074 1741 appellatione

327 1744 506 1791 pendente,
537 1745 600 1779 sive
623 1757 718 1792 super
745 1743 1009 1799 appellationibus
1037 1745 1074 1779 ab

327 1794 571 1835 interlocutoria,
586 1795 631 1829 vel
648 1807 662 1829 a
677 1794 856 1841 gratantine
872 1794 1073 1841 interpositis,

326 1851 379 1878 aut
410 1843 502 1878 aliam
534 1855 768 1891 quamcumque
808 1843 1072 1878 interlocutoriam

327 1905 422 1940 super
449 1906 492 1933 re,
514 1893 552 1928 de
579 1906 637 1940 qua
661 1895 775 1940 agitur,
804 1902 910 1927 contra
946 1894 1072 1928 alteram

328 1943 461 1989 partium
484 1943 576 1977 linem
605 1944 729 1989 negotio
752 1943 980 1989 imponentem,
1002 1943 1075 1978 abs-

327 2004 388 2038 que
415 1992 565 2026 relatione
594 1993 714 2039 publica
738 1999 768 2026 et
791 1992 922 2026 consilio
944 1994 1074 2027 coaudi-

328 2050 429 2076 torum
459 2041 604 2088 proferat.
629 2042 734 2089 Super
759 2042 829 2076 aliis
852 2055 924 2076 vero
949 2043 1076 2077 interlo-

327 2092 456 2126 cutoriis
489 2091 609 2138 absque
638 2092 761 2139 publica
799 2091 973 2135 relatione,
1001 2105 1071 2127 cum

327 2141 458 2175 consilio
485 2141 701 2175 coauditorum
725 2141 893 2181 dictorum,
909 2141 946 2175 ad
965 2154 1072 2177 eorum

327 2191 533 2236 prolationem
560 2192 657 2237 possit
681 2191 868 2238 procedere,
892 2199 982 2237 prout
1006 2192 1074 2226 bac-

327 2248 418 2274 teuus
440 2240 541 2274 extitit
565 2241 593 2274 in
611 2240 730 2276 Palatio
752 2240 949 2276 laudabiliter
972 2241 1072 2276 obser-

328 2298 442 2324 vatum.
471 2289 546 2324 Item
570 2290 652 2337 quod
677 2291 798 2325 auditor
820 2291 967 2329 reserens,
996 2291 1072 2325 facta

327 2339 477 2374 relatione
504 2339 743 2375 coauditoribus
766 2341 843 2381 suis,
867 2341 995 2374 consilia
1019 2353 1073 2375 eo-

328 2389 471 2423 rumdem
507 2388 672 2433 diligenter
710 2399 838 2436 quaerat
878 2398 905 2424 et
952 2390 1071 2425 eisdem

327 2438 469 2473 consiliis
505 2438 640 2483 habitis,
668 2439 766 2474 dictas
788 2452 897 2473 causas
924 2439 1015 2475 finire
1043 2449 1072 2475 et

328 2488 495 2523 terminare
517 2488 660 2522 celeriter
682 2497 835 2523 teneatur.

376 2538 396 2585 g
434 2540 487 2571 tt.
529 2537 605 2572 ltem
635 2539 717 2584 quod
753 2538 884 2585 quilibet
918 2538 1070 2573 dictorum

327 2590 502 2622 auditorum
542 2588 679 2622 notarios
718 2588 929 2633 intelligentes
966 2589 1072 2623 fideles

327 2646 357 2671 et
393 2637 541 2672 honestos
580 2637 702 2675 babeat,
743 2639 781 2672 ita
820 2638 903 2684 quod
940 2647 1073 2686 quatuor

327 2687 517 2722 notariorum
555 2699 721 2722 numerum
750 2700 811 2722 non
839 2688 977 2723 excedat.
1009 2688 1070 2730 Qui

1746 290 1814 338 3]ss

1120 353 1246 400 quidem
1273 354 1383 388 notarii
1420 366 1473 401 per
1494 367 1527 389 se
1550 362 1578 389 et
1605 367 1665 389 non
1689 366 1744 401 per
1769 353 1863 393 alios,

1119 415 1224 437 coram
1264 403 1458 438 auditoribus
1493 404 1579 450 ipsis,
1603 404 1632 438 in
1661 403 1764 439 causis
1785 403 1864 438 scri-

1121 452 1204 487 bant.
1246 453 1308 487 Ncr
1345 453 1418 487 dicti
1464 454 1624 488 auditores
1667 453 1860 489 committant

1119 502 1301 536 scribendas
1319 503 1411 537 alicui
1427 503 1513 537 alteri
1527 503 1646 537 notario
1661 515 1770 538 causas
1781 515 1863 537 com-

1120 553 1232 586 missas
1253 551 1372 586 eisdem
1390 565 1397 591 3
1421 564 1477 587 nec
1503 552 1614 600 aliquis
1635 552 1789 587 dictorum
1811 565 1864 587 au-

1119 601 1254 636 ditorum
1278 613 1466 649 quemquam
1491 601 1521 636 in
1545 602 1697 636 notarium
1722 602 1862 650 recipiat,

1118 651 1170 697 qui
1198 652 1237 684 sit
1263 652 1390 685 alterius
1417 651 1567 685 auditoris
1594 652 1742 686 notarius.

1167 702 1186 748 S
1227 702 1282 734 1⁶2.
1319 701 1394 735 ltem
1423 701 1506 748 quod
1537 701 1662 748 praefati
1705 701 1862 736 auditores

1120 750 1303 797 provideant
1325 751 1513 798 diligenter,
1542 751 1624 798 quod
1654 750 1728 785 dicti
1752 751 1861 785 notarii

1118 812 1213 846 super
1236 800 1373 847 ipsorum
1398 801 1579 847 receptione
1601 800 1702 835 salarii
1727 813 1787 835 nou
1815 813 1861 835 ex-

1118 849 1242 889 cedant,
1274 863 1331 885 nec
1352 849 1468 897 aliquid
1500 850 1576 885 ultra
1613 849 1776 898 recipiant,
1804 851 1862 885 nisi

1119 909 1211 946 prout
1245 910 1291 934 est
1328 900 1531 947 descriptum,
1555 908 1690 934 taxatum
1718 907 1748 934 et
1770 900 1862 935 etiam

1118 949 1306 985 ordinatum.
1339 949 1414 984 ltem
1439 949 1523 997 quod
1546 950 1570 983 si
1604 950 1697 997 aliqui
1720 950 1783 984 sint
1817 950 1862 984 vel

1118 999 1243 1041 fuerint,
1266 999 1318 1046 qui
1338 999 1378 1033 ob
1393 1007 1606 1047 paupertatem
1628 1007 1862 1047 nequeantacta

1119 1048 1270 1083 redimere
1283 1061 1358 1083 suae
1373 1061 1497 1089 causae,
1516 1048 1675 1084 auditores
1687 1061 1762 1084 suos
1775 1061 1863 1084 com-

1118 1098 1234 1145 pellant
1264 1099 1399 1133 notarios
1432 1098 1606 1134 scribentes
1634 1099 1664 1133 in
1700 1099 1779 1134 actis
1800 1099 1864 1133 eis-

1117 1149 1188 1182 dem
1225 1148 1262 1182 ad
1306 1149 1531 1183 restituendum
1559 1149 1655 1195 gratis
1681 1148 1861 1183 huiusmodi

1117 1206 1256 1232 actorum
1285 1198 1406 1244 copiam
1432 1198 1521 1244 parti,
1544 1198 1664 1233 solvere
1693 1201 1748 1240 (ut
1770 1210 1860 1245 prae-

1117 1247 1266 1289 mittitur)
1302 1248 1485 1294 nequeunti,
1516 1247 1540 1282 si
1575 1247 1708 1283 auditori
1748 1259 1861 1283 causae

1118 1296 1200 1331 illius
1224 1305 1389 1342 paupertas
1411 1297 1557 1331 notabilis
1580 1297 1730 1332 videatur.

1164 1348 1184 1391 g
1223 1348 1275 1379 15.
1312 1345 1389 1380 Item
1417 1346 1501 1393 quod
1542 1346 1646 1381 nullus
1677 1346 1859 1382 eorumdem

1116 1396 1294 1429 auditorum
1323 1396 1352 1429 in
1376 1396 1491 1437 causis,
1518 1408 1598 1443 quae
1625 1404 1698 1431 sunt
1721 1397 1752 1431 in
1775 1396 1861 1431 dicto

1117 1444 1247 1488 Palatio,
1283 1444 1328 1479 vel
1352 1445 1381 1479 in
1407 1444 1490 1480 brevi
1514 1453 1681 1493 sperantur
1710 1446 1860 1486 existere,

1882 298 1928 323 An.
1945 297 1971 323 (ἶ,
1993 296 2059 323 1325

1895 709 2028 735 euentuque
2037 726 2042 733 ‚

1855 752 1861 757 ·
1878 746 1904 761 ne
1924 741 1943 760 hi
1964 742 2011 767 quid
2027 742 2060 760 ut-

1877 776 1909 793 ιη
1925 775 1990 792 tunm
2015 773 2060 791 exi-

1879 807 1925 829 “dni

1889 1359 2001 1380 Consilium
2017 1366 2059 1380 non

1876 1394 1985 1417 praestent
2040 1398 2058 1411 tn

1876 1423 1946 1442 causis
1990 1428 2059 1442 reram

1877 1454 1906 1472 eis
1927 1459 2061 1478 reguosren-

1841 1496 1846 1500 -
1876 1486 1913 1504 dis.

1116 1494 1282 1529 consilium
1307 1507 1364 1529 nec
1387 1507 1441 1541 per
1463 1507 1507 1537 se,
1537 1507 1593 1530 nec
1620 1508 1675 1542 per
1697 1496 1861 1543 interposi-

1117 1553 1177 1578 tam
1219 1556 1383 1592 personam
1425 1544 1565 1591 partibus
1602 1545 1766 1601 praebeat,
1804 1557 1861 1579 nec

1115 1594 1240 1649 aliquod
1270 1594 1475 1641 patrocinium
1499 1602 1646 1641 pr,aestet
1669 1595 1728 1630 nisi
1749 1607 1861 1630 causae

1117 1644 1260 1691 propriae
1295 1645 1340 1678 vel
1368 1656 1499 1679 suorum
1537 1657 1636 1692 usque
1668 1645 1705 1679 ad
1735 1645 1860 1679 tertium

1115 1694 1246 1740 gradum
1264 1693 1562 1740 consanguinitatis,
1586 1694 1631 1729 vel
1660 1694 1859 1729 dominorum

1116 1752 1167 1778 aut
1201 1743 1399 1778 familiarium
1428 1756 1578 1786 suorum,
1612 1756 1666 1779 seu
1700 1743 1861 1778 Ecclesia-

1117 1806 1196 1837 ium,
1229 1794 1258 1828 in
1293 1793 1408 1840 quibus
1435 1793 1640 1829 beneficiatus
1667 1794 1757 1838 foret,
1791 1794 1861 1828 exi-

1115 1851 1243 1877 sterent.
1272 1843 1309 1877 Et
1339 1843 1369 1877 in
1394 1844 1574 1891 praemissis
1597 1844 1713 1878 ultimis
1735 1843 1861 1878 casibus

1116 1893 1152 1926 ad
1181 1893 1397 1928 coauditorum
1420 1905 1552 1928 suorum
1580 1893 1708 1928 consilia
1730 1893 1860 1928 minime

1115 1942 1310 1984 admittatur;
1338 1942 1487 1989 quodque
1514 1943 1574 1977 hoc
1596 1943 1731 1978 revelare
1755 1951 1862 1978 tenea-

1115 2001 1182 2035 tur,
1204 1993 1229 2027 si
1252 1993 1397 2027 existeret
1421 1992 1449 2026 id
1474 1992 1646 2027 occultum.
1673 1992 1751 2027 Item
1777 1992 1859 2039 quod

1117 2041 1221 2075 nullus
1245 2042 1422 2076 auditorum
1457 2043 1594 2089 ipsorum
1629 2055 1755 2077 causam
1780 2042 1860 2076 reci-

1117 2091 1181 2137 piat
1207 2092 1407 2131 audiendam,
1440 2093 1463 2126 si
1497 2090 1711 2128 committatur
1745 2092 1860 2135 eidem,

1116 2141 1146 2174 in
1173 2153 1233 2188 qua
1261 2141 1428 2176 consilium
1462 2141 1593 2181 dederit,
1630 2142 1684 2177 sed
1712 2141 1750 2176 ad
1785 2153 1861 2175 cau-

1115 2190 1270 2225 cellariam
1301 2191 1398 2238 ipsam
1423 2191 1628 2226 incontinenti
1653 2192 1788 2227 remittat
1814 2190 1863 2225 al-

1116 2240 1170 2274 teri
1198 2240 1467 2275 committendam.

1162 2290 1182 2336 ἓ
1217 2293 1271 2324 14.
1298 2290 1375 2325 Item
1404 2291 1487 2337 quod
1516 2290 1698 2325 eorumdem
1734 2290 1859 2325 audito-

1114 2351 1183 2373 rum
1207 2340 1356 2383 eonsilia,
1384 2352 1462 2386 quae
1480 2340 1668 2386 praebentur
1691 2341 1720 2374 in
1744 2340 1846 2374 causis

1114 2389 1291 2424 scribantur
1314 2402 1368 2436 per
1390 2390 1544 2424 notarium
1574 2390 1658 2425 illius
1679 2401 1805 2429 causae,
1828 2390 1857 2424 in

1114 2451 1174 2485 qua
1203 2438 1382 2473 huiusmodi
1405 2440 1534 2474 consilia
1557 2439 1798 2486 impenduntur,
1830 2449 1861 2474 et

1114 2496 1231 2523 secreta
1259 2501 1424 2523 causarum
1449 2497 1477 2523 et
1500 2490 1702 2524 consiliorum
1726 2501 1860 2524 eorum—

1114 2538 1197 2577 dem,
1230 2548 1289 2573 tam
1319 2551 1375 2586 per
1402 2539 1487 2585 ipsos
1508 2539 1669 2574 auditores
1705 2539 1858 2574 dictarum

1114 2600 1303 2627 causarum,
1340 2600 1433 2635 quam
1470 2601 1524 2635 per
1560 2589 1714 2623 notarium
1751 2589 1780 2623 in
1814 2589 1860 2623 eis

1113 2638 1299 2673 scribentem
1329 2638 1388 2672 sub
1423 2638 1527 2684 sigillo
1563 2638 1743 2673 credentiae
1772 2647 1859 2674 tene-

1113 2697 1214 2723 antur.

1907 2302 2027 2323 Auditorum

1874 2333 1963 2353 constitu
1973 2340 1984 2353 a
1995 2337 2057 2353 nota-

1851 2368 1859 2382 7
1875 2365 1911 2384 riis
1920 2367 2004 2384 secreta
2014 2370 2058 2384 ser—

1875 2399 1957 2416 Vbsslur.
