2274 3265
185 275 223 300 An
253 272 279 297 C,
301 268 362 297 1⁴11

205 1299 288 1319 Poenus
303 1298 374 1318 adiicit

191 1330 326 1356 temporales.

235 2369 353 2390 clausulae.

433 258 503 290 (358

385 333 444 357 tate
460 321 605 370 promissi
623 319 668 354 vel
684 318 789 354 donati
810 319 1014 353 simoniacam
1034 318 1135 365 pravi—

385 386 476 411 tatem
500 375 621 421 sapiat,
644 372 984 407 excommunicationis
1007 379 1036 405 et
1058 382 1134 405 ana-

385 430 530 464 tlicinatis
569 427 733 462 sententiis
760 438 799 460 eo
835 426 902 472 ipso
935 425 1134 472 percellatur,

383 499 397 519 a
421 484 538 531 quibus
570 481 675 516 nullus
710 479 918 515 absolutionis
946 479 1134 513 beneficium

383 538 422 572 ab
444 537 516 576 alio,
539 548 633 582 quam
656 548 671 569 a
700 533 843 568 Romano
877 532 1030 567 l'outilice
1046 559 1054 572 ‚
1079 531 1137 565 nisi

383 592 545 624 dumtaxat
567 591 598 623 in
623 589 732 623 mortis
758 587 904 627 articulo,
941 599 997 620 nec
1019 585 1057 619 ad
1081 584 1136 618 ab·

384 644 553 678 solutionis
564 642 744 677 liuiusmodi
761 641 962 680 tmnotieium,
977 641 1034 673 nisi
1052 639 1138 685 prius

385 698 578 733 taiitunidcm
602 697 682 739 eius,
705 695 790 742 quod
814 695 935 728 dederit
971 694 1016 727 vel
1050 705 1137 726 rece-

386 752 477 798 perit,
500 759 551 784 aut
574 751 642 783 eius
663 750 851 793 condignam
887 748 1137 782 aestimationem

386 804 622 839 miserabilibus
666 812 719 838 aut
767 803 901 836 inlirinis
948 799 1139 848 pauperibus

388 860 583 905 integraliter
607 858 756 904 largiatur
792 869 847 889 seu
873 856 1029 893 restituat,
1059 853 1141 887 ulla-

387 922 477 947 tenus
500 912 692 951 admittatur,
724 911 781 945 nisi
819 910 896 944 forte
920 909 956 943 ad
983 909 1062 942 lianc
1086 920 1142 941 rc-

387 967 583 1001 stitutioncm
620 966 657 1000 sit
693 966 818 1012 penitus
867 964 1044 1009 impotens,
1078 974 1142 1009 quo

387 1033 474 1060 casu,
508 1020 584 1054 facta
620 1018 877 1066 compensatione
912 1017 1041 1051 alterius
1069 1015 1141 1050 boni

388 1074 509 1120 operis,
533 1073 630 1120 possit
652 1072 781 1107 absolvi.
810 1072 852 1106 Ita
877 1080 979 1106 tamen
1003 1069 1088 1117 quod
1118 1069 1142 1103 si

388 1128 425 1162 ad
446 1127 603 1162 fortunam
628 1127 824 1173 pinguiorem
850 1125 1037 1172 pervenerit,
1055 1124 1145 1158 resti-

389 1181 542 1215 tutionem
568 1180 667 1227 ipsam
697 1180 790 1214 faciet
811 1179 896 1213 dicto
920 1179 1024 1213 modo.

438 1238 453 1277 ἕ
487 1236 520 1268 5.
557 1233 698 1269 Laicales
720 1245 849 1280 quoque
878 1244 1029 1279 personae
1052 1232 1143 1265 etiam

391 1288 621 1334 cuiuscumque
658 1296 768 1329 status,
796 1287 914 1332 gradus
955 1299 1009 1320 seu
1033 1285 1147 1320 condi-

393 1342 487 1375 tionis
510 1341 637 1379 suerint,
661 1353 740 1387 quae
765 1341 949 1387 praeniissa,
969 1339 1015 1373 vel
1036 1352 1145 1374 eorum

392 1396 494 1441 aliqua
515 1395 762 1441 contempserint
799 1406 853 1427 seu
879 1393 1073 1439 neglexerint
1096 1392 1149 1426 ol)-

394 1460 575 1491 servare7eo
589 1449 656 1495 ipso
669 1448 762 1481 simili
775 1448 928 1482 *enitentia
944 1447 1147 1482 innodentur.

395 1502 433 1536 Et
457 1502 664 1537 nibilominus
699 1514 752 1536 eas
787 1502 937 1536 omnibus
962 1501 1148 1541 bonoribus,

394 1555 613 1600 dignitatibus,
639 1556 822 1602 privilegiis,
845 1555 1100 1602 exemptionibus
1119 1563 1147 1588 et

394 1610 514 1655 gratiis,
539 1622 595 1644 nec
631 1623 691 1644 nou
729 1611 830 1644 feudis
852 1619 881 1643 et
911 1609 1098 1644 retrofeudis
1120 1618 1149 1643 et

396 1664 487 1697 bonis
509 1664 588 1703 aliis,
608 1676 689 1710 quae
713 1677 727 1698 a
751 1664 907 1704 Romana,
928 1664 972 1697 vel
995 1663 1066 1697 aliis
1088 1663 1150 1697 Ee*

395 1717 511 1760 ‹flesiis‚
535 1719 732 1752 monasteriis
770 1726 822 1752 aut
844 1718 1062 1763 singularibus
1086 1730 1150 1764 per-

396 1771 483 1804 sonis
518 1772 756 1811 ecclesiasticis,
796 1773 888 1806 etiam
926 1772 955 1805 in
987 1771 1151 1819 quibusvis

395 1825 604 1869 dignitatibus
626 1827 808 1861 constitutis
830 1826 1071 1873 quomodolibet
1093 1825 1152 1859 ob-

397 1880 578 1923 tinuissent,
603 1881 762 1927 privamus
789 1889 817 1914 et
848 1881 982 1927 privatas
1010 1880 1152 1913 declara-

396 1946 466 1967 mus
494 1942 587 1980 atque
620 1935 822 1969 decernimus
841 1947 878 1969 eo
903 1935 989 1981 ipso:
1020 1935 1152 1981 ipsaque

397 1987 488 2022 feuda
512 1997 540 2022 et
568 1989 624 2023 alin
656 1989 734 2024 bona
763 1990 800 2024 ad
838 1989 1050 2024 concedentes
1084 2001 1153 2022 esse

399 2043 542 2088 protinus
565 2043 723 2087 devoluta,
760 2056 794 2078 ac
824 2044 891 2078 illas
916 2043 1153 2077 inliabilitamus

398 2095 434 2128 ad
463 2096 578 2130 similia
601 2105 627 2130 et
653 2098 709 2132 alia
735 2099 943 2144 imposterum
969 2097 1151 2131 obtinenda.

398 2149 436 2182 Et
461 2150 629 2195 praemissa
658 2151 750 2194 trabi,
788 2151 979 2198 extendique
1009 2151 1154 2184 volumus

399 2203 435 2237 ad
461 2204 624 2250 praeterita
663 2213 732 2252 post
766 2206 1016 2252 assumptionem
1042 2205 1155 2238 liuius-

402 2257 485 2290 modi
507 2260 682 2304 praeseutia
706 2267 734 2292 et
759 2259 872 2293 l'utura.

453 2310 536 2345 Nulli
572 2324 646 2358 ergo
691 2314 822 2347 omniuo
859 2313 1022 2347 bominum
1065 2311 1155 2345 liceat

403 2365 481 2398 lianc
514 2367 658 2412 paginam
693 2376 869 2401 nostrarum
907 2366 1156 2407 constitutionis,

403 2419 624 2454 declarationis
647 2431 674 2454 et
705 2421 887 2468 privationis
913 2420 1084 2464 iusi-ingere
1103 2428 1154 2453 etc,

453 2474 567 2508 Datum
592 2474 712 2509 Romae
734 2476 816 2522 apud
840 2475 992 2509 Sanctum
1026 2474 1154 2507 Petrum

405 2527 545 2562 kalendis
587 2530 676 2573 iunii,
712 2530 912 2576 pontificatus
942 2529 1038 2562 nostri
1075 2541 1157 2562 anno

405 2582 556 2616 secundo.

465 2639 527 2669 Dat.
545 2640 591 2669 die
612 2641 622 2668 1
651 2641 722 2670 iunii
744 2641 830 2677 1411,
849 2640 952 2679 pontif.
972 2649 1047 2669 anno
1068 2648 1096 2669 u.

971 263 1070 287 nuru
1077 261 1158 285 ntum
1180 259 1342 282 noatANuM

1179 385 1301 418 Erectio
1323 382 1508 416 cathedralis
1533 380 1687 413 Ecclesiae
1712 381 1883 425 Leopolien.
1903 382 1936 413 in

1225 433 1366 478 partibus
1383 431 1510 464 Rus-siae
1525 441 1592 462 cum
1613 430 1848 474 privilegiorum
1862 441 1937 462 con-

1229 483 1358 515 cessione
1386 483 1440 523 (sl).

1457 556 1674 587 sttMMARlUM

1182 625 1374 654 Prooemium.
1394 640 1432 646 —
1449 623 1565 659 Quibus
1584 623 1619 653 de
1643 623 1743 653 causis
1767 632 1858 652 novae
1878 623 1940 652 eri-

1224 670 1336 707 gendae
1356 669 1415 698 sint
1436 667 1596 697 Ecclesiae:
1618 684 1658 689 -—
1681 668 1708 696 1.
1739 666 1858 697 Peteute
1887 668 1943 697 ita-

1222 723 1279 752 que
1304 712 1466 742 Wladislao
1487 711 1627 741 l'oloniae
1644 721 1723 750 rege,
1741 728 1779 733 —
1798 711 1943 741 &Archi-

1223 759 1427 796 episcopatum
1459 756 1683 796 Leopoliensem
1707 757 1804 794 erigit.
1834 772 1873 778 —-
1900 756 1942 785 Ad

1223 802 1308 831 illum
1329 800 1468 830 transfert
1492 799 1629 830 lx’alitien.
1648 799 1800 829 Ecclesiae
1831 804 1942 829 metro-

1225 846 1354 886 policuin
1375 846 1432 874 ius.
1451 861 1490 867 —
1515 845 1543 874 4.
1563 845 1804 884 Archiepiscopis
1828 849 1943 874 caetera

1226 890 1520 929 metropolitanorum
1555 889 1706 927 privilegia
1730 889 1878 919 concedit.
1907 905 1944 910 —

1225 936 1251 964 5.
1275 934 1485 972 Suffraganeas
1509 934 1645 972 designat
1667 933 1829 963 Ecclesias.
1857 950 1897 955 —
1918 934 1944 963 ὃ.

1226 980 1352 1018 Antiqua
1380 988 1472 1009 novae
1492 978 1647 1017 metropoli
1671 978 1828 1008 confirmat
1851 978 1944 1016 privi-

1227 1024 1312 1061 legia.
1334 1039 1373 1044 —
1397 1023 1423 1052 7.
1447 1022 1484 1051 De
1504 1022 1672 1051 obedientia
1702 1023 1768 1051 eius
1792 1021 1945 1060 archiepi-

1227 1077 1316 1106 scopo
1340 1066 1515 1096 exliibenda.
1538 1083 1578 1088 —
1606 1066 1632 1095 8.
1653 1065 1821 1105 Leopolien.
1845 1064 1947 1094 Eccle-

1228 1112 1289 1141 siae
1330 1110 1459 1140 consulit
1496 1109 1692 1140 indemnitati.
1719 1127 1757 1131 -
1786 1110 1824 1146 9,
1848 1109 1885 1139 10
1921 1114 1949 1138 et

1229 1156 1274 1185 11.
1311 1155 1505 1185 Obstantibus
1538 1155 1667 1193 derogat.
1702 1170 1741 1176 —
1774 1153 1820 1183 12.
1857 1152 1946 1182 Clau-

1228 1201 1323 1230 sulae.

1250 1273 1363 1300 Ioannes
1379 1271 1522 1307 episcopus
1545 1276 1643 1299 servus
1661 1275 1804 1298 sorvorum
1828 1268 1885 1301 Dei.

1322 1322 1356 1349 ad
1383 1322 1546 1357 pei-petuam
1575 1320 1615 1348 rei
1643 1318 1813 1348 memoriam.

1240 1384 1274 1418 ln
1292 1385 1443 1418 eminenti
1459 1383 1589 1430 specula
1606 1382 1770 1417 militantis
1785 1380 1948 1415 Ecclesiae

1190 1435 1355 1469 Romanus
1389 1433 1536 1468 Pontifex
1571 1432 1652 1466 beati
1681 1431 1763 1465 l'etri
1802 1430 1948 1465 caelestis

1191 1483 1336 1529 clavigeri
1359 1495 1536 1526 successor,
1558 1494 1594 1516 ac
1615 1482 1643 1515 in
1668 1481 1759 1515 terris
1771 1480 1810 1515 ab
1825 1479 1947 1526 Eo,qui

1191 1532 1315 1567 coelum
1333 1540 1512 1579 terramque
1533 1532 1611 1576 regit
1626 1530 1724 1573 solus,
1744 1529 1837 1564 babet
1856 1541 1950 1575 super

1194 1583 1370 1616 universam
1381 1589 1555 1615 creaturam
1568 1580 1800 1626 plenitudinem
1818 1586 1951 1625 potesta-

1193 1632 1242 1675 tis,
1256 1643 1293 1665 ex
1303 1630 1416 1664 throno
1428 1643 1502 1664 suae
1514 1628 1680 1664 ineffabilis
1689 1629 1848 1676 potentiae
1855 1639 1950 1674 super

1195 1681 1356 1714 universas
1378 1680 1464 1714 orbis
1487 1679 1660 1719 Ecclesias‚
1686 1686 1850 1724 terraeque
1873 1676 1951 1710 lati-

1193 1730 1335 1764 tudinem
1365 1730 1568 1776 praecipuum
1606 1728 1764 1762 facultatis
1803 1725 1951 1761 obtinens

1195 1780 1422 1827 principatum,
1437 1778 1597 1826 pervigilis
1620 1789 1706 1812 more
1723 1777 1858 1824 pastoris
1874 1787 1951 1810 suae

1195 1829 1408 1876 providentiae
1431 1827 1532 1862 oculis
1555 1828 1735 1861 universum
1758 1825 1869 1860 orbem
1888 1833 1951 1859 ter-

1195 1891 1298 1913 rarum
1344 1890 1379 1911 ac
1416 1878 1576 1911 nationum
1614 1877 1645 1910 in
1680 1876 1733 1909 illo
1768 1875 1950 1920 degentium

1195 1930 1362 1975 qualitates
1395 1936 1523 1974 paterna
1546 1926 1801 1960 consideratione
1835 1924 1951 1958 discu-

1197 1979 1277 2012 tiens
1299 1989 1333 2011 ac
1360 1977 1544 2011 examinans
1560 1975 1739 2021 diligenter,
1751 1987 1789 2008 ex
1810 1974 1952 2008 iniuncto

1196 2027 1253 2061 sibi
1283 2027 1422 2073 desuper
1445 2025 1608 2072 pastoralis
1630 2024 1723 2059 officii
1757 2036 1853 2058 onere
1879 2023 1953 2057 sin-

1196 2077 1343 2122 gulorum
1377 2076 1509 2109 salutem
1537 2082 1690 2122 appetens
1712 2082 1740 2108 et
1768 2073 1951 2121 exquirens,

1196 2138 1334 2173 superna
1362 2124 1479 2159 fulctus
1501 2125 1653 2171 potentia,
1675 2124 1808 2158 diversis
1831 2123 1952 2157 diversa

1200 2188 1255 2222 pro
1267 2175 1501 2210 mundanorum
1515 2185 1685 2208 eventuum
1706 2173 1832 2207 casibus
1848 2184 1882 2206 ac
1898 2184 1954 2219 pro

1199 2226 1317 2260 meritis
1328 2224 1466 2272 praemia
1479 2223 1687 2263 distribuens,
1702 2223 1857 2270 quosdam
1873 2220 1954 2256 exal-

1199 2283 1241 2309 tat
1270 2283 1300 2309 et
1318 2274 1473 2317 sublevat,
1496 2282 1526 2307 et
1552 2273 1590 2308 ad
1619 2273 1679 2308 alta
1703 2284 1809 2307 rerum
1833 2271 1952 2316 fastigia

1201 2324 1419 2369 magnitudine
1434 2323 1597 2369 dignitatis
1610 2322 1734 2366 attollit,
1748 2331 1777 2355 et
1793 2329 1951 2367 tamquam

1200 2374 1398 2421 dispensator
1426 2373 1595 2406 munificus
1631 2372 1723 2406 donis
1762 2370 1955 2418 specialibus

1200 2436 1234 2457 ac
1257 2423 1396 2457 electivis
1420 2422 1605 2456 muneribus
1627 2435 1700 2468 erga
1724 2421 1855 2455 devotos
1874 2419 1955 2453 lilios

1201 2474 1306 2507 sinum
1336 2473 1434 2519 aperit
1458 2472 1649 2519 apostolicae
1672 2470 1837 2517 targitatis:
1865 2481 1955 2515 prae-

1200 2522 1306 2556 sertim
1338 2534 1411 2568 erga
1439 2522 1504 2556 loca
1534 2521 1595 2562 illa,
1619 2521 1649 2555 in
1673 2521 1787 2568 quibus
1814 2520 1843 2553 in
1878 2530 1954 2564 agro

1200 2572 1317 2618 irriguo
1355 2571 1515 2605 Ecclesiae
1556 2578 1680 2605 sanctae
1719 2570 1777 2605 Dei
1813 2568 1954 2603 novellae

1236 2642 1275 2677 (1)
1294 2642 1330 2668 Ex
1352 2641 1456 2677 Regest.
1470 2643 1502 2677 [in
1523 2641 1634 2668 Archiv.
1655 2641 1739 2667 Vatic.

1950 257 1989 282 Au
2019 256 2047 281 C.
2069 256 2136 282 litlQ

1990 1396 2122 1417 Prooemium.
