2274 3265
94 292 143 319 Λη.
160 293 188 319 C.
212 293 276 319 1535

104 741 209 767 Praecipit
224 748 245 766 pr
248 747 274 761 ιιι-

91 773 138 792 tutis
162 773 256 792 ordinum

90 807 110 823 nt
126 802 235 828 regulare«

91 837 184 860 postulas
195 834 249 853 relv

91 868 163 890 gantes
201 866 249 891 inqu
254 866 272 884 i

90 898 135 914 rant
151 899 172 914 ct
191 896 214 914 :nt
237 900 272 914 ie-

91 926 189 951 tigtonom
208 927 273 946 reitu-

89 960 145 976 canl:

101 1382 225 1402 neniis-nte«
239 1388 274 1402 ve·

92 1419 114 1433 ιο
158 1414 273 1433 secun-lum

181 1445 274 1464 circum-

92 1477 179 1496 nuntias
203 1475 275 1495 uiver-

92 1507 171 1527 simodo
198 1509 295 1531 cogant⁴

91 1537 115 1557 ud
131 1537 193 1557 idern.

101 2166 179 2194 nogent
194 2173 276 2194 quoqu·

95 2199 210 2224 regulares.
244 2200 278 2225 qui

95 2229 119 2249 ab
129 2235 170 2250 uno
180 2230 203 2249 ad
216 2230 277 2249 alium

95 2260 279 2284 ordinem.incon·

96 2290 149 2311 suita
161 2290 215 2311 Sexte
227 2291 281 2317 Apo-

95 2323 176 2350 stolus,
192 2326 282 2344 transie-

97 2358 152 2377 runt.
190 2357 278 2382 primum

96 2391 201 2405 assumere
218 2386 279 2406 habi-

895 294 1090 317 nmssntcrt'rs
1114 295 1159 317 xri
1190 295 1235 316 ΙΨ.

291 347 478 382 temeritatis
501 357 685 383 iexocentur
709 349 858 395 inquunt,
882 358 911 383 et
932 350 969 384 ad
986 362 1041 383 eo-

291 409 359 430 rum
384 397 545 442 religionis
567 397 704 432 abiectae
729 399 921 444 propositum
952 398 1041 431 redu

289 453 418 486 ‹·;autur
442 459 538 492 super
566 448 747 492 praemissis
769 455 965 493 opportunae
986 459 1040 481 or-

289 474 460 529 ‹linatioiiis
505 496 653 535 remedia,
694 504 785 542 prout
827 496 923 529 series
963 496 1040 529 sub-

289 544 402 590 scripta
422 544 583 586 describit,
601 545 719 590 digesta
743 545 771 577 in
795 544 853 578 bac
872 554 968 590 parte,
988 544 1041 578 ‹lc-

290 592 474 627 liberatione
499 593 691 640 praehabita,
722 593 917 640 providimus
939 606 1041 641 appo-

290 642 403 676 nenda.

337 691 357 736 g
384 695 416 725 2.
450 690 605 725 Volumus
637 703 771 746 namque
809 699 838 725 ct
871 691 1038 746 apostolica

289 740 473 774 auctoritate
495 740 678 774 ordinamus
706 740 859 775 ιιιιίιιιι5ἰ5
882 750 908 775 ιιι
934 741 1039 786 singu-

250 788 326 823 „Itis
363 797 423 823 tam
459 790 624 835 exemptis,
659 802 752 836 quam
791 803 852 824 non
884 791 1039 837 exemptis

252 838 434 877 l'praelatis
463 838 654 872 immediatis
687 851 962 886 quorumcumque
990 852 1039 873 rc-

289 886 473 932 ligiosorum
498 887 713 933 quorumlibet
740 888 902 926 ordinum
927 889 955 922 in
984 890 1038 922 xir-

289 943 354 971 tute
394 944 519 970 sanctae
551 936 748 971 obedientiae
782 937 922 972 districte
950 950 1039 984 prae—

287 985 434 1031 cipiendo
457 985 653 1025 mandantes,
679 994 710 1020 ut
730 987 786 1033 ipsi
813 987 939 1033 praelati
963 999 1039 1033 apo-

286 1042 393 1077 statas,
421 1043 450 1068 ct
484 1035 576 1069 etiam
605 1035 644 1069 de
677 1036 743 1069 suis
769 1036 933 1069 ordinibus
974 1037 1039 1070 eie-

287 1091 365 1123 ctos,
389 1091 418 1117 et
446 1085 574 1130 quosvis
604 1085 767 1130 religiosos
790 1085 866 1118 alios
894 1085 940 1119 eis
961 1085 1039 1119 sub-

287 1132 370 1167 ditos
397 1134 465 1168 sine
495 1133 704 1179 pr¹atlatorum
733 1135 918 1168 eorumdem
943 1134 1039 1168 liceu-

288 1181 328 1215 tia
376 1194 430 1228 per
463 1182 626 1217 saeculum
669 1191 837 1229 erogantes
882 1183 1039 1229 inquirant

287 1242 341 1264 seu
366 1231 482 1277 inquiri
507 1231 619 1265 saciant
638 1232 840 1277 diligenter,
834 1243 983 1277 ipsosque
1002 1232 1038 1265 ad

289 1280 472 1325 religionem
494 1280 644 1315 reducere
666 1281 812 1314 studeant
841 1281 1038 1314 eorumdem.

335 1332 350 1371 ἓ
370 1331 402 1362 5.
430 1328 522 1370 Quod
545 1330 571 1363 si
593 1337 764 1374 apostatae,
787 1329 889 1371 eiecti,
912 1341 947 1363 ac
968 1341 1040 1363 eva-

288 1385 398 1424 gantes
420 1377 557 1423 religiosi
582 1378 708 1424 praelati
740 1378 840 1413 redire
865 1378 1039 1418 noluerint;

288 1434 341 1461 aut
376 1427 520 1473 praelatis
561 1427 701 1473 ipsorum
739 1427 909 1472 praedictis
945 1439 1041 1473 super

290 1476 337 1509 his
366 1475 583 1510 inobedientes
618 1488 674 1510 seu
702 1475 835 1510 rebelles
869 1476 1039 1515 extiterint,

291 1524 371 1564 illos,
394 1525 447 1571 qui
470 1525 507 1559 ad
537 1537 685 1572 praesens
707 1525 787 1571 apud
816 1525 932 1559 Sedem
962 1537 1041 1559 con-

289 1574 403 1608 sistunt
429 1574 584 1613 eamdem,
612 1574 737 1608 auditor
757 1586 898 1609 camerae
915 1583 1041 1620 aposto-

290 1623 382 1663 licae;
404 1622 481 1657 alios
504 1635 588 1665 vero,
611 1630 774 1669 exemptos
794 1623 947 1661 videlicet,
970 1635 1043 1669 apo-

288 1673 408 1712 stolica,
450 1684 511 1706 non
548 1681 714 1719 exemptos
746 1681 850 1706 autem
884 1673 1039 1707 ordinaria

289 1722 484 1761 auctoritate,
502 1721 641 1755 locorum
666 1721 814 1756 ordinarii
837 1721 874 1756 ad
905 1722 1041 1768 requisi-

290 1771 405 1805 tionem
434 1771 589 1805 dictorum
615 1771 822 1816 praelatorum
851 1783 962 1818 capere
997 1780 1042 1805 tc-

290 1828 441 1858 neantur;
463 1832 520 1866 per
541 1820 716 1855 auditorem
741 1831 776 1854 ac
795 1820 970 1854 ordinarios
993 1832 1040 1854 an-

290 1869 422 1903 tedictos
455 1869 600 1915 praelatis
622 1869 740 1903 eisdem
771 1870 838 1903 sine
861 1869 1042 1903 difficultate

289 1918 426 1964 qualibet
451 1918 666 1955 remittendos,
690 1925 723 1951 ut
746 1918 790 1952 sic
813 1918 914 1952 redire
933 1918 969 1952 ad
991 1931 1044 1951 re-

290 1968 419 2013 ligionis
435 1967 665 2002 observantiam
681 1975 710 2001 et
729 1966 940 2000 obedientiam
961 1979 1042 2013 prae·

292 2018 425 2051 latorum
459 2028 603 2057 suorum,
639 2028 673 2050 ac
709 2016 737 2049 in
773 2016 833 2050 illis
862 2017 1043 2062 persistere,

291 2066 532 2112 compellantur.

341 2114 360 2161 S
381 2117 413 2148 4.
436 2114 569 2149 Nostrae
594 2122 752 2161 praeterea
777 2114 959 2149 intentionis
983 2114 1045 2148 exi-

293 2164 356 2203 stit,
391 2176 564 2211 rursusque
603 2163 748 2198 volumus
783 2171 812 2197 et
844 2163 1044 2202 ordinamus,

295 2222 327 2246 ut
355 2224 465 2247 omnes
491 2220 664 2260 apostatae,
694 2212 747 2259 qui
777 2212 960 2257 religionem
989 2224 1042 2247 seu

295 2261 470 2307 religionis,
504 2274 596 2308 quarn
634 2262 765 2308 professi
789 2270 874 2304 suut,
903 2261 1043 2295 habitum

295 2311 493 2351 dimiserunt,
513 2311 593 2345 etad
615 2311 795 2357 religionem
816 2310 906 2345 aliam
927 2310 1045 2357 absque

296 2359 474 2405 praedictae
497 2359 600 2398 Sedis,
623 2372 679 2394 seu
703 2360 761 2394 alia
789 2359 892 2393 debita
919 2359 1043 2394 licentia

295 2409 496 2449 transierunt,
553 2408 756 2455 habitumque
808 2417 1045 2455 assumpserunt

295 2458 475 2492 huiusmodi
507 2458 668 2504 religionis
691 2458 831 2501 alterius,
863 2458 985 2492 etiamsi
1015 2459 1043 2492 in

294 2508 360 2553 ipsa
389 2507 541 2553 religione
564 2507 671 2549 altera,
699 2507 728 2540 in
757 2519 829 2553 qua,
858 2515 890 2540 ut
914 2507 1046 2553 praeser-

294 2565 356 2595 tur,
379 2564 621 2603 assumpserunt
640 2555 794 2599 liabitnm,
820 2555 960 2590 secundo
981 2569 1044 2603 pro-

293 2605 366 2639 fessi
407 2604 532 2649 fuerint,
559 2605 596 2639 ad
625 2604 807 2650 religionem
843 2616 952 2639 eorum
983 2606 1046 2651 pri-

294 2665 390 2693 mam,
412 2653 486 2688 dum
510 2662 613 2689 tamen
637 2654 788 2688 canonice
807 2654 837 2687 in
858 2665 893 2688 ea
914 2653 1045 2701 professi

1715 287 1783 319 327

1085 349 1212 391 fuerint,
1247 349 1325 383 iul'ra
1363 349 1457 384 trium
1496 351 1651 386 mensium
1686 353 1834 397 spatium,

1083 398 1333 444 computandum
1368 411 1384 432 a
1408 399 1469 439 die,
1505 412 1565 446 qua
1589 400 1665 434 lianc
1690 401 1834 441 intentio.

1084 447 1227 481 ιοΙιιιιιιι5
1246 455 1275 481 et
1297 447 1455 482 ordinatio
1483 458 1607 483 nostrae
1628 449 1665 483 ad
1695 451 1833 484 notitiam

1082 507 1190 529 corum
1217 497 1429 542 periouerint,
1454 498 1498 531 vel
1520 510 1574 544 per
1598 498 1683 544 ipsos
1701 501 1834 541 steterit,

1082 557 1145 590 quo
1173 545 1281 579 minus
1305 547 1487 600 perveniant
1515 546 1551 579 ad
1575 548 1704 581 eosdem
1733 526 1834 595 (quod

1082 593 1211 647 quidem
1234 595 1373 639 spatium
1394 595 1441 629 eis
1460 607 1516 641 pro
1539 597 1750 650 peremptorio
1773 606 1836 632 ter-

1083 643 1168 676 mino
1191 645 1418 698 assignamus)
1446 652 1557 678 curent
1585 645 1709 689 reverti,
1731 653 1761 680 et
1780 647 1836 681 lia-

1082 690 1180 725 bitum
1207 692 1304 738 ipsius
1320 693 1437 739 primae
1454 693 1613 739 religionis
1629 695 1772 741 nequiter
1786 695 1836 729 di-

1082 753 1212 775 missum
1237 753 1395 776 resumere
1418 754 1454 776 ac
1479 750 1613 788 gestare.

1130 796 1144 832 ,ξ
1173 792 1204 824 5.
1234 790 1389 825 Volumus
1420 803 1546 838 quoque
1569 803 1604 826 ac
1626 792 1720 826 etiam
1747 792 1834 826 ordi-

1081 851 1206 878 namus,
1231 841 1316 886 quod
1347 841 1494 886 praedicti
1528 841 1654 888 praelati
1687 841 1835 875 Ecclesia-

1082 901 1162 927 ium,
1180 890 1454 933 monasteriorum
1474 902 1528 924 seu
1544 890 1675 924 aliorum
1695 891 1835 924 locorum

1081 938 1306 983 quorumlibet,
1334 951 1348 972 a
1377 939 1521 985 quibus
1516 939 1573 986 ipsi
1607 947 1776 985 apostatae,
1805 948 1837 974 ut

1082 987 1303 1032 praemittitur,
1340 996 1456 1022 temere
1490 996 1716 1034 apostatarunt,
1758 1000 1837 1023 eos-

1081 1035 1151 1069 dem
1180 1045 1337 1083 apostatas
1364 1037 1401 1071 ad
1433 1036 1570 1072 habitum
1594 1046 1625 1072 et
1654 1037 1836 1084 religionem

1081 1096 1188 1119 eorum
1218 1086 1339 1131 priores
1373 1086 1512 1132 recipere
1535 1094 1709 1121 teneantur.
1743 1086 1836 1128 Quod

1082 1134 1106 1167 si
1147 1134 1224 1168 forte
1254 1135 1345 1169 iidem
1387 1134 1527 1181 praelati,
1562 1135 1698 1182 capitula
1735 1135 1838 1170 eccle-

1082 1183 1213 1222 siarum
1255 1192 1430 1218 contentus
1467 1184 1750 1223 monasteriorum,
1781 1196 1836 1218 seu

1082 1232 1191 1266 l'ratics
1226 1244 1335 1267 eorum
1370 1241 1399 1266 et
1431 1233 1571 1267 locorum
1605 1233 1836 1280 praedictorum

1082 1290 1263 1315 recusarent
1288 1281 1426 1327 recipere
1444 1290 1602 1328 apostatas
1631 1281 1837 1328 praelibat0s;

1083 1330 1228 1363 volumus
1263 1339 1291 1363 ct
1319 1330 1517 1368 ordinamus,
1547 1331 1631 1377 quod
1664 1331 1721 1377 ipsi
1746 1342 1838 1377 prae-

1082 1377 1145 1421 lati,
1186 1378 1334 1425 capitula,
1370 1387 1545 1413 conventus
1580 1387 1610 1413 et
1638 1378 1749 1414 fratres
1784 1391 1838 1425 per

1083 1435 1186 1461 certos
1225 1435 1449 1474 exequutores,
1482 1440 1581 1475 super
1615 1428 1674 1462 boc
1706 1440 1723 1462 a
1754 1427 1838 1462 Sede

1082 1476 1266 1522 Apostolica
1299 1476 1510 1523 deputandos,
1538 1477 1574 1511 ad
1603 1488 1658 1511 eos
1680 1476 1837 1523 recipien-

1082 1524 1160 1568 dos,
1211 1525 1293 1560 salva
1341 1526 1464 1560 ordinis
1513 1526 1699 1573 disciplina,
1741 1537 1836 1572 quani

1084 1574 1226 1608 volumus
1249 1583 1278 1608 et
1302 1575 1489 1609 mandamus
1520 1575 1601 1609 circa
1618 1574 1700 1617 illos,
1714 1575 1767 1622 qui
1784 1586 1839 1608 vo-

1084 1623 1219 1657 luntarie
1264 1624 1432 1664 redierint,
1473 1624 1531 1658 hac
1560 1625 1646 1664 vice,
1686 1632 1718 1657 ut
1760 1623 1837 1658 infra

1083 1673 1236 1719 sequitur,
1263 1673 1509 1707 misericorditer
1531 1673 1709 1720 temperari,
1736 1673 1839 1707 moui-

1083 1722 1167 1755 tione
1207 1722 1388 1768 praemissa,
1412 1734 1467 1768 per
1491 1734 1655 1756 censuram
1687 1722 1839 1756 ecclesia-

1083 1771 1212 1809 sticam,
1250 1771 1374 1805 sublato
1411 1772 1629 1818 appellationis
1663 1770 1838 1811 obstaculo,

1084 1820 1329 1866 compellantur.

1133 1872 1148 1911 ᾖ
1176 1871 1207 1902 G.
1236 1869 1357 1915 Nempe
1389 1870 1469 1903 circa
1493 1868 1563 1903 illos
1585 1881 1621 1903 ex
1644 1868 1735 1903 dictis
1761 1880 1838 1915 apo-

1084 1918 1183 1957 statis,
1208 1918 1260 1964 qui
1285 1917 1432 1952 ordinum
1450 1918 1696 1952 Mendicantium
1711 1917 1836 1958 suerint,

1085 1967 1176 2000 ctiam
1207 1967 1355 2001 volumus
1377 1976 1407 2001 et
1429 1966 1626 2008 ordinamus,
1647 1967 1731 2013 quod
1754 1967 1779 2000 si
1803 1978 1838 2001 a-

1087 2023 1226 2062 postatae
1259 2016 1314 2062 ipsi
1356 2016 1522 2056 ordinum,
1563 2024 1595 2050 ut
1631 2015 1837 2062 praedicitur,

1085 2064 1332 2099 Mendicantium
1366 2065 1396 2099 in
1431 2065 1499 2099 suis
1527 2066 1636 2111 primis
1669 2065 1746 2099 locis
1782 2076 1838 2098 eo-

1086 2113 1229 2148 rumdem
1249 2126 1377 2148 suorum
1394 2114 1542 2148 ordinum
1561 2114 1655 2160 recipi
1673 2113 1838 2147 commode

1087 2171 1256 2209 nequeant,
1276 2163 1304 2196 in
1328 2163 1398 2197 aliis
1421 2163 1498 2197 locis
1520 2163 1639 2197 ordinis
1661 2162 1838 2196 cuiuscum-

1087 2224 1149 2258 que
1165 2212 1306 2258 ipsorum
1331 2213 1376 2245 vel
1393 2212 1522 2246 alterius
1545 2212 1666 2246 ordinis
1681 2211 1836 2245 dictorum

1086 2261 1344 2300 Meudicantium,
1367 2261 1391 2295 si
1411 2261 1462 2295 alii
1486 2261 1704 2295 Mendicantes
1732 2259 1839 2294 liuius-

1087 2311 1170 2344 modi
1209 2318 1364 2355 apostatas
1405 2310 1542 2356 recipere
1583 2309 1749 2347 voluerint,
1781 2309 1837 2343 bac

1087 2360 1152 2393 rice
1180 2359 1389 2393 collocentur:
1416 2367 1444 2393 et
1473 2358 1678 2392 nibilominus
1700 2358 1837 2403 religiosi

1087 2408 1237 2455 praedicti
1261 2408 1399 2442 locorum
1427 2407 1569 2442 eiusdem
1592 2407 1711 2441 ordinis
1732 2406 1771 2441 ad
1790 2418 1839 2440 re-

1087 2457 1268 2503 cipiendum
1313 2464 1472 2502 apostatas
1498 2457 1596 2503 ipsos,
1625 2457 1676 2503 qui
1707 2456 1839 2490 transire

1087 2506 1123 2540 ad
1152 2506 1208 2541 alia
1232 2506 1297 2540 loca
1320 2505 1462 2539 eiusdem
1487 2505 1618 2549 ordinis,
1641 2513 1675 2538 ut
1706 2504 1840 2551 praefer·

1088 2564 1148 2595 tur,
1172 2554 1395 2598 liabebunt,ad
1412 2554 1631 2601 recipiendum
1651 2553 1752 2588 dictos
1767 2565 1840 2600 apo-

1087 2613 1183 2639 statas
1206 2605 1235 2638 in
1253 2604 1329 2638 locis
1348 2603 1534 2638 huiusmodi
1551 2615 1606 2650 per
1627 2609 1839 2649 exequutores

1087 2666 1102 2687 a
1132 2653 1291 2700 praedicta
1313 2652 1396 2687 Sede
1423 2665 1519 2699 super
1541 2652 1600 2687 hoc
1627 2651 1838 2698 deputandos,

1851 296 1900 322 Αιι.
1919 297 1948 323 C.
1968 297 2033 325 ¹335

1860 802 1972 827 Δροειιιιιιι
1985 807 2034 820 vero

1865 833 2019 857 resipiscentes

1851 868 1881 882 ret
1877 864 1947 888 tipere
1966 864 2034 882 onini-

1852 899 1878 912 ιιυ
1895 896 2014 913 terreantur.

1866 1873 1892 1894 Ex
1912 1874 2036 1894 Menan-:m-

1852 1904 1907 1924 tibus
1922 1910 1985 1928 vero,
2003 1906 2036 1931 qui

1852 1935 1872 1954 in
1888 1936 1960 1960 prirnts
1983 1935 2035 1955 locis

1851 1967 1917 1992 recipi
1952 1971 2035 1992 neque-

1851 2000 1896 2020 unt,
1913 1996 1961 2016 alibi
1977 1998 2036 2016 reci-

1853 2032 1942 2057 piantur,
