2274 3265
214 266 261 291 An.
281 263 310 290 C.
331 265 397 291 i5c5

245 809 361 830 ‹tta-imm.

254 2503 384 2524 Praemium.

464 253 531 286 '182

411 318 535 364 regulae
558 325 584 351 et
614 316 744 355 ordinis,
774 315 819 350 vel
841 315 900 350 alia
929 315 1090 361 quaelibet
1113 328 1162 349 rc-

408 367 526 414 gularis
548 374 648 401 status
670 365 699 399 in
727 364 832 411 aliquo
855 376 917 399 uon
953 364 1062 398 teneri.
1099 364 1163 398 Vo-

410 417 515 451 lumus
536 423 660 458 tamen,
687 414 771 461 quod
794 413 936 448 canonici
960 426 1045 448 nunc
1072 425 1163 459 prae—

409 474 526 508 sentes,
552 465 604 511 qni
630 465 689 498 iam
709 471 783 498 sunt
805 463 835 496 in
851 462 1006 508 praedicta
1023 461 1163 496 Ecclesia

411 514 554 552 instituti,
584 513 643 547 sub
672 513 797 559 regula,
824 512 948 546 statutis
984 519 1014 545 ct
1047 511 1163 545 obser-

411 563 513 598 vantia
542 562 615 597 dicti
643 561 783 605 ordinis,
817 569 847 596 ct
878 561 908 595 in
937 572 975 594 eo
999 560 1105 594 liabitu
1135 567 1165 593 ct

411 612 607 659 professione
639 611 668 646 in
696 623 757 657 qua
780 610 854 645 olim
882 610 1027 650 suerunt,
1062 609 1165 642 vivant

409 672 439 697 et
468 669 649 696 remaneant
678 660 708 694 in
738 660 804 707 ipsa
826 658 984 701 Ecclesia,
1010 658 1164 701 Domino,

411 719 443 745 ut
465 718 624 749 tenentur,
644 717 795 756 perpetuo
814 707 971 743 servituri.

457 760 478 807 S
500 762 532 794 3.
561 758 645 794 Nulli
680 770 754 804 ergo
776 757 907 791 omnino
937 756 1101 790 bominum
1126 754 1163 789 li-

410 818 477 844 ceat
498 809 578 843 lianc
603 808 747 853 pagiuam
771 813 896 840 nostrae
931 803 1164 839 constitutionis

409 866 439 892 et
463 858 630 893 voluntatis
658 856 828 902 infringere
849 863 902 888 etc.

458 907 572 942 Datum
625 905 752 939 Pessaci
805 915 902 950 propo
954 902 1163 949 Burdegalam

409 957 519 1003 quinto
542 955 613 990 idus
635 953 827 996 novembris,
844 952 1043 999 pontilicatus
1066 952 1162 987 nostri

409 1018 492 1040 anno
515 1017 536 1039 1.

449 1062 510 1092 Dat.
528 1062 575 1092 die
591 1063 608 1091 9
625 1059 796 1090 novembris
819 1059 902 1095 1305,
919 1062 998 1097 pont.
1014 1068 1090 1088 anno
1107 1067 1124 1087 1.

771 1181 809 1216 lt.

411 1256 601 1300 Confirmata
633 1253 791 1298 Bonisacii
833 1253 912 1285 VIII
942 1252 1165 1293 constitutione,

458 1317 519 1348 qua
534 1304 718 1348 Hunqariae
738 1314 860 1347 requam
878 1302 1013 1338 Mariua,
1038 1300 1166 1334 Siciliae

459 1354 595 1398 reginae,
616 1354 736 1397 eiusque
768 1352 872 1395 nepoti
906 1350 1016 1383 Carolo
1042 1350 1167 1383 adiudi-

460 1410 559 1442 catur,
585 1403 701 1436 Othoni
726 1402 881 1434 Bavariae
896 1401 976 1437 duci,
997 1411 1016 1432 a
1036 1399 1167 1432 nonnul-

461 1453 497 1486 lis
514 1453 548 1485 in
564 1463 663 1496 regem
685 1452 784 1488 electo,
804 1451 867 1483 dies
888 1449 1047 1486 indicitur,
1070 1456 1100 1481 ut
1122 1460 1167 1481 co-

462 1513 531 1534 ram
557 1501 735 1545 Apostolica
757 1500 835 1533 Sede
860 1499 946 1532 sistat
975 1500 1031 1541 (t).

679 1568 895 1600 SUMMARIUM

414 1634 603 1664 Prooemiuni.
626 1649 665 1655 —
682 1634 706 1661 1.
726 1631 883 1661 Tumultus
903 1630 931 1660 in
952 1630 1099 1668 Hungaria
1118 1629 1168 1658 ad-

456 1674 513 1703 huc
544 1673 687 1711 vigentes.
710 1688 750 1694 -
780 1671 808 1701 2.
832 1671 931 1701 Series
965 1670 1043 1699 facti.
1069 1686 1109 1691 —
1141 1670 1167 1698 3.

455 1712 597 1743 Bonifacii
617 1711 677 1743 Vl·ll
696 1711 935 1741 constitutionem
953 1710 1115 1739 confirmat.
1130 1725 1170 1730 —

454 1754 482 1783 4.
513 1752 652 1782 Nonnulli
684 1760 821 1791 proceres
851 1755 880 1780 et
901 1750 1035 1789 episcopi
1067 1753 1167 1778 contra

456 1792 599 1823 Bonisacii
621 1792 715 1822 edicta
743 1799 865 1821 sensere
890 1799 956 1819 cuni
985 1799 1053 1827 rege
1077 1787 1170 1818 Bobe-

458 1833 543 1862 miae.
578 1848 617 1854 —
652 1831 794 1861 Defuncto
833 1829 1006 1865 Veneeslao,
1035 1829 1170 1858 Bavariae

458 1873 563 1902 ducem
587 1873 623 1901 ad
651 1881 775 1909 regnum
805 1869 1008 1909 occupandum
1033 1877 1171 1899 evocave-

459 1918 540 1950 runt3
561 1929 600 1935 -
617 1912 673 1947 Qui
696 1911 846 1950 profectus
865 1910 893 1939 in
916 1909 1097 1947 Hungariam
1122 1909 1170 1938 in-

460 1954 544 1992 signe
566 1953 680 1990 regium
699 1950 821 1989 accepit.
837 1966 877 1972 --
893 1950 980 1979 Maria
1005 1953 1032 1979 et
1048 1948 1172 1978 Carolus

460 1993 601 2023 auxilium
634 1991 720 2021 Sedis
751 1990 852 2028 Apost.
885 1989 1051 2027 implorant.
1079 2005 1118 2010 —
1142 1988 1170 2017 5.

459 2032 572 2062 Annuit
593 2040 695 2061 eornm
720 2029 859 2070 precibus
875 2028 1020 2058 Clemens.
1039 2045 1077 2050 -—
1100 2027 1172 2057 Cen-

462 2081 548 2102 suras
577 2071 613 2101 iis
636 2071 751 2105 incutit,
779 2069 829 2108 qui
853 2069 882 2098 in
912 2068 1048 2098 Carolum
1079 2067 1174 2097 rebel-

462 2112 568 2142 lionem
599 2110 752 2140 moverint.
779 2125 819 2131 --
844 2109 871 2138 ὃ.
897 2108 1073 2137 lntentatum
1106 2107 1173 2136 duci

461 2151 600 2181 Bavariae
622 2151 787 2180 anathema.
805 2165 845 2171 —
867 2149 891 2177 7.
915 2148 1105 2186 Designatum
1133 2147 1176 2176 ei-

461 2192 527 2221 dem
543 2191 612 2221 dnci
629 2190 697 2220 anni
718 2194 832 2228 tempus
851 2188 886 2217 ad
906 2187 1094 2225 producenda
1112 2187 1173 2216 iura

462 2232 538 2270 apud
562 2230 667 2260 Sedern
685 2230 786 2269 Apost.
812 2245 850 2249 —
869 2228 895 2258 8.
911 2227 1002 2267 Eique
1026 2227 1174 2257 silentium

462 2271 644 2310 impositum.

469 2337 591 2366 clemens
618 2337 760 2373 opiscopus
788 2341 883 2364 servus
908 2340 1049 2363 sorvorum
1076 2333 1132 2366 Dei.

559 2383 592 2410 ad
621 2382 783 2417 perpetuam
816 2380 857 2408 rei
875 2378 1044 2408 memoriam.

475 2445 598 2480 AEterni
614 2442 809 2492 providentia
828 2442 1087 2489 Principis,quae
1101 2440 1179 2475 nihil

427 2495 456 2529 in
480 2503 559 2530 terra
582 2494 650 2529 sine
676 2501 759 2528 certa
795 2505 901 2533 causa,
924 2492 1113 2539 propriaque
1135 2502 1180 2525 ra-

462 2565 501 2600 (t)
518 2566 556 2592 Ex
574 2566 679 2599 Regest.
707 2564 790 2591 Vatic.
808 2579 842 2583 —
859 2563 952 2590 Carolo
968 2562 1053 2589 eidem
1075 2562 1182 2595 Hungu-

428 2606 479 2632 riae
490 2612 600 2639 regnum
611 2604 792 2631 adiudicatum
800 2604 916 2630 vidimus
927 2603 952 2629 in
964 2601 1097 2629 BoniIacio
1109 2601 1180 2632 VIII,

427 2645 540 2672 Constit.
560 2652 617 2677 xix,
635 2652 693 2681 pag.
718 2644 776 2671 162.

990 259 1176 283 BULLARIUM
1206 259 1365 282 ROMANUM

1205 315 1289 348 tione
1323 313 1475 360 disponit,
1517 312 1639 347 unicam
1669 312 1825 358 Sponsam
1853 323 1954 349 suain„

1204 362 1389 397 catholicam
1424 361 1543 396 scilicet
1569 369 1599 395 et
1621 367 1753 395 matrem
1780 359 1953 395 Ecclesiam

1204 411 1353 446 stabilivit
1381 412 1410 445 in
1440 411 1547 450 terris3
1579 411 1607 443 iu
1636 422 1697 455 qua
1730 409 1845 457 Christi
1872 411 1956 442 vica-

1205 461 1285 495 rium
1317 460 1496 495 Romanum
1533 459 1717 493 Pontificem
1741 469 1954 492 successorem

1204 509 1287 543 Petri
1317 510 1413 544 voluit
1440 509 1581 543 obtinere
1612 508 1801 554 primatum,
1829 518 1865 540 ac
1886 507 1956 540 eius

1203 566 1297 604 caput
1325 558 1475 597 existere,
1504 557 1631 592 tradens
1657 556 1715 591 sibi
1739 556 1841 590 claves
1868 556 1955 601 regni

1204 607 1363 645 caelestis,
1398 607 1512 653 ligandi
1540 606 1659 641 scilicet
1688 604 1898 652 pontificium,
1928 612 1957 637 et

1204 656 1356 700 solvendi,
1377 663 1409 690 ut
1429 657 1543 703 praesit
1576 655 1708 690 familiae
1723 653 1838 688 domus
1850 653 1957 690 lsrael,

1204 713 1234 740 et
1247 714 1426 751 opportuna
1448 705 1579 751 singulis
1599 704 1713 739 renatis
1733 702 1817 738 sonte
1836 702 1958 748 Baptis-

1205 754 1308 794 matis,
1337 754 1391 800 qui
1413 754 1512 789 oculis
1545 753 1615 788 tidei
1639 766 1731 788 suum
1755 752 1955 798 conspiciunt

1205 803 1400 846 Creatorem,
1422 802 1666 849 opportunitatis
1690 810 1841 848 tempore,
1866 813 1959 847 prae-

1204 852 1312 886 sertim
1348 852 1377 885 in
1405 851 1601 886 exhibitione
1628 851 1763 886 iustitiae
1795 850 1960 897 dispenset

1205 901 1338 940 auxitia;
1373 909 1403 935 et
1435 909 1526 947 prout
1559 913 1776 947 personarum,
1805 900 1959 936 locorum.

1206 958 1382 995 temporum
1419 958 1449 984 et
1471 950 1669 996 negotiorum
1693 949 1828 995 qualitas
1854 949 1959 994 exigit,

1205 998 1316 1034 evellat
1337 1007 1367 1033 et
1394 999 1547 1042 destruat,
1577 998 1707 1043 dissipet
1733 1006 1764 1032 et
1790 998 1960 1044 disperdat,

1205 1047 1347 1083 aedificet
1367 1056 1462 1094 atque
1480 1047 1668 1095 plantetsub
1686 1046 1783 1093 ipsius
1803 1045 1961 1080 Creatoris

1207 1097 1334 1132 nomine
1352 1105 1384 1132 et
1398 1097 1552 1136 doctrinm
1576 1104 1605 1131 ct
1622 1105 1653 1130 ut
1677 1107 1804 1142 gregem
1831 1107 1963 1142 pascens

1206 1146 1420 1187 dominicum,
1444 1146 1565 1180 infirma
1589 1144 1775 1184 consolidet,
1798 1152 1887 1178 sanet
1909 1156 1964 1177 ae-

1205 1204 1304 1241 grota,
1328 1195 1420 1230 fracta
1448 1195 1590 1240 colliget,
1621 1203 1651 1228 et
1680 1193 1800 1228 abiecta
1825 1193 1964 1229 reducat:

1206 1257 1241 1279 ac
1263 1244 1300 1278 ad
1329 1245 1424 1288 Eum,
1446 1245 1529 1279 sicut
1556 1243 1594 1278 ad
1617 1243 1720 1278 omnis
1738 1242 1910 1277 iuventutis
1929 1254 1966 1275 a-

1208 1294 1310 1328 nimae
1330 1294 1512 1340 Magistrum
1529 1301 1559 1327 ct
1580 1293 1755 1327 Dominum
1791 1298 1821 1326 et
1845 1292 1968 1325 univcr-

1206 1342 1270 1377 sale
1298 1343 1453 1389 refugium
1478 1342 1617 1388 deniqne
1645 1349 1835 1375 recurratur.
1872 1340 1968 1382 Qua—

1207 1401 1335 1439 propter
1355 1405 1428 1431 nos,
1453 1392 1524 1427 licet
1549 1390 1713 1431 immeriti,
1736 1389 1879 1425 eiusdem
1903 1390 1968 1424 Ec-

1207 1442 1320 1476 clesiae
1348 1441 1492 1487 regimini
1517 1439 1741 1487 praesidentes,
1764 1439 1905 1474 levamus
1937 1440 1965 1472 in

1207 1491 1343 1525 circuitu
1369 1490 1472 1536 vigilis
1495 1503 1581 1525 more
1604 1489 1739 1535 pastoris
1766 1496 1828 1523 tam
1860 1500 1970 1534 eorpo-

1209 1553 1280 1575 roos
1302 1552 1396 1587 qnam
1422 1539 1574 1574 mentales
1591 1538 1712 1577 oculos,
1729 1545 1759 1571 et
1775 1537 1861 1584 quod
1882 1538 1967 1584 gregi

1209 1590 1381 1624 commisso
1424 1588 1516 1623 nobis
1557 1587 1706 1635 expedire
1741 1586 1969 1634 conspicimus.

1210 1648 1303 1686 prout
1326 1638 1418 1673 nobis
1440 1651 1477 1672 ex
1500 1638 1561 1672 alto
1592 1636 1796 1684 permittitur,
1817 1635 1972 1670 ministra-

1209 1701 1291 1729 mus,
1327 1687 1459 1722 fovendo
1494 1687 1654 1726 iustitiam,
1687 1684 1893 1733 deprimendo
1922 1697 1972 1718 ne-

1210 1738 1353 1785 quitiam,
1378 1737 1546 1784 plantando
1568 1745 1598 1771 et
1621 1735 1757 1770 colendo
1780 1734 1920 1774 virtutes,
1937 1746 1972 1768 ac

1212 1787 1283 1822 vitia
1307 1787 1476 1833 expiando.

1259 1836 1278 1884 g
1308 1841 1337 1870 1.
1366 1835 1494 1879 Verum,
1518 1835 1588 1869 licet
1610 1834 1650 1869 de
1673 1833 1826 1868 universis
1854 1841 1885 1868 et
1911 1832 1972 1866 sin-

1211 1886 1294 1934 gulis
1321 1885 1527 1933 regionibus,
1557 1892 1586 1918 et
1619 1895 1726 1918 earum
1757 1882 1869 1917 incolis
1903 1882 1970 1917 Deo

1212 1944 1243 1971 et
1270 1934 1473 1981 Apostolicae
1501 1933 1575 1968 Sedi
1604 1933 1738 1973 devotis,
1767 1941 1799 1966 ut
1827 1932 1912 1979 pacis
1943 1940 1973 1965 et

1213 1985 1345 2033 quietis,
1376 1984 1528 2030 repressis
1550 1982 1717 2018 conatibus
1741 1981 1972 2027 malignorum,

1214 2033 1408 2069 beatitudine
1433 2040 1670 2080 prosperentur,
1692 2030 1827 2066 sollicite
1854 2030 1973 2076 cogite-

1215 2096 1297 2123 mus,
1339 2092 1369 2118 et
1408 2083 1447 2117 ad
1471 2082 1500 2116 id
1540 2088 1675 2116 attentae
1711 2079 1973 2115 considerationis

1215 2132 1432 2167 ‹liffundamus
1455 2132 1620 2166 intuitum:
1646 2141 1730 2164 nunc
1753 2136 1856 2164 tamen
1885 2141 1970 2174 regni

1216 2182 1384 2229 Ungariae,
1414 2180 1576 2215 nobilitate
1606 2179 1763 2226 pollentis,
1790 2186 1821 2212 et
1848 2177 1974 2213 incola-

1217 2245 1285 2267 rum
1309 2231 1379 2265 eius
1405 2230 1572 2265 seditiosos
1603 2229 1773 2266 tumultus,
1805 2236 1974 2262 concerta-

1217 2282 1318 2317 tiones
1347 2280 1458 2323 varias,
1487 2291 1522 2314 ac
1560 2278 1750 2325 deploranda
1779 2277 1974 2315 discrimina,

1218 2330 1321 2366 eidem
1344 2329 1418 2364 Sedi
1439 2329 1619 2375 frequenter
1637 2328 1792 2374 exposita,
1811 2338 1917 2360 amare
1940 2338 1975 2359 ac

1221 2378 1477 2427 praecordialiter
1501 2378 1670 2417 intuentes,
1698 2375 1905 2411 condolemus
1930 2375 1976 2408 eis

1221 2429 1410 2476 plurimum,
1442 2436 1471 2462 ct
1505 2426 1637 2462 vastitati
1668 2438 1777 2461 eorum
1808 2433 1975 2471 oportuna.

1221 2487 1311 2524 prout
1335 2476 1531 2524 possibilitati
1556 2482 1680 2510 nostrae
1703 2474 1906 2522 permittitur,
1935 2474 1978 2507 in-

1221 2528 1302 2562 stitia
1330 2535 1500 2573 superante
1536 2525 1700 2566 malitiam,
1732 2523 1868 2559 remedia
1898 2535 1978 2570 pro-

1223 2589 1379 2624 pmamus.

1271 2626 1290 2672 ἓ
1317 2628 1349 2659 ⁶2.
1378 2624 1506 2659 Dudum
1529 2623 1698 2672 siquidem.
1723 2622 1822 2657 clarae
1856 2633 1977 2657 memo-

1972 256 2021 282 An.
2040 254 2069 281 C.
2085 254 2152 281 ¹506

2000 1845 2105 1865 Tumultus
2148 1844 2168 1863 in

1986 1876 2091 1901 {iungaris
2104 1875 2170 1896 adhue

1987 1909 2090 1934 vigentes.
