2274 3265
221 268 254 292 &n
284 266 301 290 C
331 264 396 291 ¹359

245 2165 325 2185 moeno
335 2164 421 2183 mitten-

239 2197 309 2215 dorum
320 2201 330 2214 a
339 2193 420 2221 quibus.

239 2229 258 2245 et
275 2224 378 2251 quomado
394 2222 424 2242 ta-

240 2256 313 2275 ‘lenda

469 256 530 286 ¹56

415 331 475 354 non
490 317 697 365 complerent,
710 328 770 350 nou
789 324 914 363 propter
932 316 989 349 hoc
1004 323 1164 350 arctemur

413 369 547 415 aliquem
571 367 695 400 mittere
717 365 755 399 ad
779 364 889 400 Studia
905 364 1085 412 praelibata.
1104 363 1163 399 Ubi

413 426 515 452 autem
540 415 719 450 huiusmodi
753 414 905 455 Ecclesia,
926 414 1163 455 monasterium,

413 468 477 501 sive
501 466 588 500 locus
615 464 651 498 ad
681 464 869 498 mittendum
895 465 999 510 plures
1021 464 1058 498 ad
1075 476 1165 511 prae-

414 516 495 552 dicta
509 513 633 555 Studia,
660 525 752 560 quam
783 513 1003 560 praemittitur,
1030 513 1165 548 adstrin-

414 572 552 612 geretur,
579 563 617 598 ad
646 563 907 598 consuetudinem
934 562 978 596 vel
999 562 1166 596 ordinatio-

415 626 486 649 nem
509 612 601 648 aliam
624 624 678 647 seu
703 619 865 649 statutum,
887 625 948 646 non
972 611 1166 645 intendimus

415 662 649 701 consuetudini,
677 661 866 696 ordinationi
897 674 951 695 seu
976 659 1167 694 statutoliu-

416 711 551 748 iusmodi
582 723 636 758 per
665 711 834 758 praemissa
863 711 1062 756 aliquatenus
1080 709 1168 743 dero—

415 773 498 810 gare.
533 759 567 794 Si
605 771 677 794 vern
706 760 736 793 in
778 759 961 794 huiusmodi
997 758 1136 793 Ecclesia
1158 785 1166 801 ,

418 809 609 846 monasterio
633 808 677 842 vel
707 809 774 842 loco
796 808 858 842 alio
886 807 1051 855 principali
1086 807 1168 841 vice-

418 870 524 894 narius
539 869 763 892 canonicorum
786 869 937 892 numerus
961 868 1023 890 non
1043 863 1167 896 existat,

419 919 570 943 numerus
592 915 696 940 tamen
720 907 818 940 maior
840 906 967 940 senario
981 906 1020 939 sit
1040 904 1168 944 ibidem,

418 965 584 992 teneantur
606 956 794 998 visitatores,
820 967 873 1001 per
900 953 1090 1001 provinciale
1117 966 1169 988 ca-

420 1005 555 1054 pitulum
584 1003 738 1050 deputati,
761 1016 859 1050 quum
891 1003 920 1037 in
944 1015 978 1037 ea
1003 1002 1049 1037 vel
1078 1015 1115 1036 eo
1132 1003 1171 1036 vi-

419 1055 572 1090 sitationis
594 1053 734 1087 osticium
764 1052 982 1091 exercebunt,
1012 1052 1170 1098 inquirere

420 1104 458 1138 de
497 1102 698 1137 facultatibus
731 1109 759 1135 ct
798 1100 948 1135 oneribus
990 1101 1170 1135 huiusmodi

421 1152 593 1192 Ecclesiae,
616 1151 798 1186 monasterii
815 1151 881 1184 sive
901 1150 978 1195 loci,
1001 1158 1031 1185 et
1054 1150 1092 1190 si,
1113 1150 1172 1183 liu-

423 1201 556 1236 iusmodi
597 1199 749 1234 oneribus
771 1200 975 1246 supportatis,
1013 1200 1173 1233 inveniant

423 1250 586 1285 facultates
608 1249 752 1283 sufficere
777 1260 833 1294 pro
862 1261 924 1283 uno
954 1248 999 1283 vel
1029 1248 1174 1295 pluribus

423 1299 581 1334 canonicis
602 1298 639 1332 ad
663 1298 743 1332 dicta
766 1297 876 1332 Studia
899 1297 1105 1342 destinandis,
1132 1310 1173 1332 re-

425 1349 572 1382 lationem
613 1347 651 1381 de
688 1347 747 1381 hoc
775 1347 887 1381 faciant
921 1347 950 1380 in
991 1347 1173 1393 provinciali

425 1397 563 1445 capitulo
585 1396 802 1443 subsequenti,
827 1396 935 1442 inquo
960 1395 1176 1441 praesidentes

427 1458 498 1481 eum
533 1445 666 1480 consilio
700 1453 729 1478 et
758 1457 888 1479 assensu
925 1445 1053 1479 maioris
1081 1445 1176 1491 partis

426 1495 554 1542 capituli
604 1494 750 1528 ordinent
786 1494 971 1529 auctoritate
1005 1494 1175 1541 apostolica

429 1545 511 1578 iuxta
526 1543 705 1577 huiusmodi
729 1544 961 1590 suppetentiam
981 1543 1177 1583 facultatum,

428 1593 468 1627 de
496 1604 560 1627 uno
582 1591 628 1625 vel
653 1591 797 1638 pluribus
819 1593 979 1627 canonicis
1001 1592 1038 1626 ad
1067 1592 1176 1627 eadem

429 1641 538 1677 Studia
568 1641 773 1675 destinandis.
804 1641 970 1688 Eligantur
991 1650 1095 1676 autern
1120 1642 1177 1689 ipsi

429 1690 568 1725 canonici
587 1689 742 1731 mittendi,
766 1699 859 1737 prout
873 1690 910 1725 ad
924 1691 1071 1725 scientias
1089 1691 1179 1726 theo-

430 1739 529 1786 logiae
568 1738 613 1773 vel
651 1740 727 1773 iuris
748 1740 912 1785 canonici,
940 1753 994 1775 seu
1020 1740 1119 1786 magis
1141 1740 1178 1775 ad

431 1800 523 1823 unam
544 1799 637 1835 quam
660 1788 698 1822 ad
726 1788 854 1823 alteram
878 1789 1015 1836 aptiores
1043 1790 1180 1837 poterint

431 1838 577 1880 inveniri,
599 1839 643 1871 sic
671 1846 774 1872 tamen
804 1838 887 1885 quod
917 1840 957 1882 (si
975 1847 1018 1874 tot
1038 1846 1109 1886 apte
1130 1852 1181 1874 re—

433 1889 593 1935 periantur
612 1902 668 1936 pro
691 1890 790 1937 ipsius
811 1890 986 1937 theologiae
1008 1890 1129 1933 studio)
1143 1889 1180 1924 ad

433 1939 540 1973 minus
568 1940 718 1975 medietas
746 1940 983 1980 mittendorum,
1005 1952 1062 1987 pro
1083 1940 1182 1985 ipsius

434 1992 607 2038 theologiae
619 1993 725 2028 studio
740 1993 924 2034 destinetur,
941 2000 970 2027 et
992 1993 1045 2039 qui
1063 1992 1183 2026 electus

435 2044 527 2078 luerit
554 2043 591 2078 ad
617 2055 709 2078 unam
733 2043 771 2078 de
795 2043 832 2078 iis
854 2043 1006 2083 scientiis,
1030 2042 1069 2077 ad
1091 2042 1182 2077 aliam

436 2094 565 2140 proprio
599 2092 727 2128 arbitrio
763 2101 896 2139 nequeat
930 2106 964 2127 se
993 2092 1182 2127 transferre:

435 2142 519 2190 quod
544 2143 567 2176 si
592 2142 698 2177 fecerit
714 2170 722 2180 ,
749 2142 788 2177 de
807 2142 921 2177 Studio
945 2150 1120 2177 revocetur.
1144 2141 1185 2175 Ut

437 2201 540 2226 autem
577 2191 614 2226 ad
660 2192 845 2226 electionem
880 2191 1102 2226 canonicorum
1147 2190 1184 2224 ad

440 2241 595 2288 praedicta
619 2242 729 2276 Studia
760 2241 985 2276 mittendorum
1017 2242 1139 2275 sincere
1156 2248 1185 2274 et

440 2291 597 2326 celeritate
621 2303 759 2338 congrua
781 2291 990 2337 procedatur,
1015 2289 1184 2336 capitulum

441 2340 601 2376 Ecclesiae
624 2340 812 2375 cathedralis
835 2340 997 2386 religionis
1022 2339 1164 2374 eiusdem
1179 2367 1187 2383 ,

440 2399 576 2437 septem,
599 2390 695 2426 abbas
719 2403 802 2430 vero,
827 2390 911 2437 prior
933 2399 960 2423 et
985 2390 1087 2437 quivis
1110 2389 1188 2423 alius

442 2443 596 2489 praelatus
618 2442 798 2477 monasterii
815 2454 869 2476 seu
901 2442 1054 2487 prioratus
1078 2447 1107 2474 et
1129 2439 1187 2473 loci

442 2493 654 2527 conventualis
684 2491 841 2538 religionis
864 2490 1024 2529 eiusdem,
1047 2488 1190 2523 habentis

443 2543 632 2577 vicenarium
656 2550 708 2575 aut
731 2541 883 2576 maiorem
908 2551 1075 2574 numerum
1095 2550 1190 2573 cano-

445 2592 599 2631 nicorum,
627 2591 785 2639 quinque·,
809 2590 953 2624 habentis
982 2602 1054 2622 vcro
1077 2599 1190 2622 nume-

445 2652 511 2674 rum
544 2652 695 2675 minorem
723 2651 900 2679 vicenario,
931 2647 992 2672 tres
1023 2648 1191 2672 canonicos

1004 261 1101 283 numa
1108 261 1188 283 llll‘M
1213 259 1373 281 ROMANFM

1206 314 1367 357 seniores,
1401 313 1453 358 qui
1495 311 1609 345 dictam
1637 311 1823 346 electionem
1854 311 1955 346 facere

1207 362 1339 397 habeant
1372 361 1448 395 infra
1482 360 1624 407 quinque
1646 360 1714 394 dics
1745 367 1815 406 post
1842 360 1954 395 festum

1208 413 1241 445 Β.
1266 411 1380 446 Mariae
1414 409 1635 456 Magdalcnae,
1658 409 1742 456 quod
1768 408 1913 455 primitus
1940 421 1956 443 a

1209 460 1420 507 publicatione
1443 458 1623 493 huiusmodi
1649 466 1773 493 nostrae
1798 458 1955 492 coustitu-

1208 509 1302 544 tionis
1326 509 1355 543 in
1379 520 1488 543 eorum
1512 507 1660 555 capitulis
1687 506 1853 542 annalibus
1880 507 1956 541 sacta

1207 558 1389 598 occurrerit,
1406 565 1436 592 et
1454 557 1570 592 deinde
1583 557 1716 603 singulis
1728 555 1819 591 annis
1840 556 1869 590 in
1889 568 1959 603 per-

1210 617 1337 655 petuum
1357 635 1365 651 ,
1392 606 1540 654 quotiens
1561 606 1673 641 electio
1700 606 1739 641 de
1774 605 1958 648 canonicis,

1208 666 1242 692 ut
1270 656 1505 704 praemittitur,
1542 655 1704 690 mittendis
1735 654 1875 689 extiterit
1908 653 1960 689 fa-

1209 706 1330 745 cienda.
1346 705 1424 740 insi-a
1442 705 1523 740 idem
1539 713 1664 752 tempus
1678 705 1793 752 eligere
1807 710 1959 738 teneatur.

1209 755 1358 791 Seniores
1383 762 1487 789 autem
1518 754 1576 801 ipsi
1600 763 1768 801 antequam
1792 752 1830 788 ad
1849 752 1961 787 huius-

1211 804 1295 838 modi
1323 803 1510 838 electionem
1535 803 1719 850 procedant,
1748 803 1960 837 iuramentum

1211 860 1369 901 praestent
1392 853 1443 895 (ad
1467 853 1549 900 quod
1575 852 1796 900 praestandum
1816 863 1872 898 per
1900 863 1960 886 su-

1212 903 1354 949 periores
1375 914 1461 946 suos,
1483 902 1508 936 si
1528 915 1610 949 opus
1621 901 1729 942 suerit,
1745 913 1800 935 eos
1817 899 1963 935 volumus

1211 951 1378 992 coarctari)
1399 951 1496 998 quod,
1512 951 1635 991 timore,
1649 963 1766 991 amore,
1789 949 1875 989 odio,
1889 961 1963 996 pre-

1213 1002 1256 1035 tio
1279 1013 1334 1035 seu
1364 1000 1469 1035 farore
1495 1000 1630 1041 reiectis,
1654 999 1726 1034 illos
1743 1012 1780 1034 ex
1800 998 1964 1033 canonicis

1215 1051 1244 1084 in
1273 1049 1412 1084 scientiis
1436 1049 1601 1096 primitivis
1629 1057 1659 1083 et
1687 1047 1884 1095 regularibus
1906 1047 1964 1082 ob-

1213 1099 1378 1134 servantiis
1407 1098 1593 1143 informatis,
1616 1111 1652 1133 ac
1680 1098 1740 1132 vita
1771 1107 1801 1132 et
1824 1095 1966 1131 moribus

1213 1147 1492 1189 commendandis,
1520 1148 1636 1194 eligant
1657 1147 1695 1181 ad
1718 1146 1831 1181 Studia
1853 1158 1966 1192 supra-

1214 1198 1307 1237 dicta,
1326 1209 1407 1244 quos
1431 1197 1530 1243 magis
1547 1196 1665 1231 dociles
1684 1204 1715 1231 et
1736 1195 1873 1243 aptiores
1897 1207 1966 1230 esse

1215 1246 1410 1281 crediderint
1436 1246 1473 1280 ad
1503 1246 1696 1289 alterutram,
1719 1258 1756 1279 ex
1787 1244 1966 1290 theologiae

1215 1305 1244 1331 et
1258 1296 1334 1330 iuris
1356 1295 1498 1330 canonici
1522 1295 1674 1335 scientiis,
1690 1294 1729 1329 ad
1744 1306 1837 1341 quam
1854 1293 1969 1328 suerint

1216 1345 1405 1381 destinandi.
1450 1344 1559 1386 Quum
1602 1356 1674 1379 vero
1709 1343 1784 1377 dicti
1826 1343 1969 1377 seniores

1219 1394 1427 1442 praestiterint
1457 1393 1636 1428 huiusmodi
1666 1393 1900 1432 iuramentum,
1923 1399 1969 1427 tc·

1219 1452 1353 1479 neantur
1376 1442 1453 1476 infra
1480 1451 1542 1477 tres
1564 1442 1630 1477 dies
1657 1455 1729 1477 cum
1757 1441 1890 1476 consilio
1920 1441 1969 1475 in—

1218 1492 1393 1531 structoris,
1407 1491 1616 1539 sijcanonicus
1629 1491 1779 1531 extiterit,
1794 1491 1970 1525 iuramento

1219 1541 1314 1577 simili
1325 1540 1556 1587 adstringendi,
1568 1553 1672 1575 coram
1685 1540 1845 1575 Ecclesiae
1861 1539 1971 1574 cathe-

1219 1590 1315 1625 dralis
1330 1590 1468 1637 capitulo
1482 1590 1529 1624 vel
1544 1589 1655 1624 abbate
1671 1589 1715 1624 vel
1733 1589 1836 1637 priore
1850 1588 1895 1623 vel
1909 1588 1971 1623 alio

1221 1639 1358 1687 praelato
1387 1639 1553 1686 praedictis
1575 1666 1582 1679 ,
1616 1638 1788 1673 mittendos
1816 1637 1973 1685 praefatos

1221 1690 1345 1734 eligere.
1362 1688 1526 1723 Electioue
1540 1697 1643 1723 autem
1657 1687 1735 1722 facta
1759 1700 1814 1735 per
1832 1687 1973 1723 seniores

1221 1738 1348 1773 eosdem
1378 1738 1424 1771 vel
1449 1738 1598 1772 maiorem
1623 1745 1742 1785 partem
1767 1736 1889 1772 numeri
1916 1749 1973 1772 eo-

1223 1787 1390 1827 rumdem,
1414 1800 1486 1822 cum
1515 1786 1647 1821 consilio
1664 1814 1671 1828 ‚
1696 1796 1727 1821 ut
1751 1786 1973 1834 praemittitur,

1224 1838 1434 1878 instructoris,
1463 1838 1488 1871 is
1514 1837 1552 1872 ad
1580 1849 1674 1884 quem
1706 1837 1913 1884 pertinuerit,
1936 1836 1975 1871 li-

1223 1888 1357 1922 centiam
1377 1888 1474 1923 eundi
1498 1887 1535 1922 ad
1559 1885 1671 1921 Studia
1694 1886 1874 1932 supradicta
1896 1886 1975 1922 infra

1223 1951 1278 1973 sex
1302 1938 1381 1983 dies,
1406 1947 1475 1986 post
1499 1937 1635 1973 habitam
1659 1937 1698 1972 de
1720 1937 1802 1971 dicta
1822 1936 1977 1973 electione

1226 1989 1395 2033 notitiam,
1436 1990 1481 2024 eis
1520 1987 1695 2023 concedere
1730 1987 1769 2022 sit
1797 1987 1975 2022 adstrictus.

1224 2039 1387 2086 lidemque
1418 2039 1507 2074 electi
1549 2037 1692 2073 mittendi
1730 2037 1767 2072 ad
1801 2037 1978 2072 parisiense

1226 2089 1388 2134 Studium,
1418 2089 1493 2123 illuc
1522 2088 1551 2122 in
1572 2087 1770 2122 Exaltatione
1790 2086 1824 2122 S.
1852 2086 1977 2130 Crucis,

1226 2139 1275 2173 alii
1304 2151 1377 2173 vero
1400 2139 1436 2173 ad
1465 2138 1523 2173 alia
1546 2137 1658 2173 Studia
1682 2136 1875 2176 destinandi,
1904 2135 1978 2170 illuc

1228 2189 1256 2223 iu
1280 2188 1313 2223 S.
1330 2188 1435 2223 Lucae
1451 2187 1564 2222 diebus
1587 2187 1685 2226 sesti&
1702 2186 1747 2220 vel
1762 2185 1978 2227 circa,adesse

1229 2245 1408 2285 procurent.
1437 2237 1529 2279 Quod
1558 2237 1582 2270 si
1606 2236 1710 2271 forsan
1751 2234 1870 2270 dictum
1898 2234 1980 2281 capi·

1230 2288 1329 2322 tulum
1347 2287 1425 2322 infra
1441 2286 1616 2334 praedictos
1637 2286 1781 2333 quinque
1801 2285 1867 2319 dies
1895 2296 1981 2331 prae-

1230 2337 1307 2371 fatos
1330 2344 1450 2383 septem
1488 2337 1628 2371 seniores
1652 2348 1713 2370 non
1742 2334 1897 2381 elegerit;
1925 2342 1979 2368 aut

1229 2387 1267 2427 si,
1287 2387 1364 2433 ipsis
1394 2395 1514 2433 septem
1545 2385 1584 2420 ab
1612 2385 1724 2420 eodem
1757 2384 1908 2430 capitulo,
1931 2383 1978 2417 vel

1231 2437 1323 2471 dictis
1350 2436 1491 2482 quinque
1531 2448 1584 2470 seu
1622 2434 1723 2469 trihus
1757 2433 1937 2468 senioribus
1964 2445 1979 2466 a

1233 2486 1368 2531 praefato
1391 2485 1501 2520 abbate
1528 2498 1582 2520 scu
1613 2485 1715 2532 priore
1743 2482 1788 2517 vel
1812 2483 1873 2517 alio
1890 2494 1982 2530 prae-

1233 2537 1305 2579 lato,
1330 2543 1360 2569 ut
1376 2534 1561 2582 praefertur,
1577 2535 1696 2575 electis,
1721 2533 1816 2568 iidem
1839 2532 1982 2568 seniores

1234 2585 1278 2619 rel
1299 2597 1407 2619 eorum
1439 2597 1508 2631 pars
1537 2584 1567 2618 in
1591 2596 1666 2619 casu
1689 2582 1831 2631 quolibet
1861 2581 1982 2629 praedi-

1233 2642 1354 2669 ctorum
1385 2634 1461 2668 inl'ra
1498 2633 1600 2667 dictos
1624 2641 1686 2667 tres
1710 2633 1779 2667 dics
1800 2629 1981 2667 huiusmodi

1972 257 2019 284 Au.
2041 258 2069 281 (Σ.
2086 255 2155 281 t539
