2274 3265
434 240 498 270 38⁴

387 304 430 337 xis
452 300 614 347 dispositio
637 299 782 345 pertinet,
807 309 866 331 non
890 296 1034 331 obstante
1062 308 1134 329 ron-

386 351 571 385 tradictionc
599 348 786 394 cuiuspiam,
815 345 913 380 libere
937 345 1132 391 disponatur,

385 413 438 434 vos
473 398 680 433 nibilominus
703 396 756 443 qui
785 404 890 428 contra
927 393 1135 427 constitutio—

386 461 456 483 nem
494 455 692 495 praesentem
729 443 910 479 huiusmodi
962 443 1134 490 prioratus,

385 497 684 535 administrationes,
711 494 811 529 ollicia
846 506 900 526 seu
931 491 1080 525 beneficia
1106 491 1134 522 in

387 546 497 581 alienis
524 545 673 580 Ecclesiis
695 556 749 578 seu
774 541 971 577 monasteriis
1004 540 1136 573 retinere

389 594 670 642 praesumpserint,
694 593 803 640 poenis
822 589 1057 626 constitutionis
1074 588 1137 621 Bo-

389 644 572 684 nil'acianae,
594 645 667 677 Cum
685 643 809 687 singula
828 641 975 685 capitula,
993 637 1138 671 volumus

389 694 561 728 subiacere.
591 692 629 726 Et
654 691 858 725 nihilominus
880 701 934 735 per
959 687 1139 734 superiores

389 755 500 778 eorum
523 743 658 788 graviter
681 738 882 774 decernimus
900 736 1088 784 puniendos.

642 816 722 851 Car.
756 813 883 849 xxxii.

440 890 578 924 Rursum
608 887 805 922 declaramus
827 884 910 931 quod
934 896 1045 918 ornnes
1073 895 1141 917 mo—

392 939 458 973 naci
491 936 642 972 beneficia
678 935 857 969 obtinentes
890 933 919 966 iu
956 931 1065 966 ordine
1087 943 1140 965 sen

393 988 545 1033 religione
572 983 755 1019 buiusmodi
800 996 836 1017 ex
861 982 1039 1023 collatione,
1071 993 1143 1027 pro-

395 1037 513 1070 visione
549 1035 595 1068 vel
614 1032 810 1068 ordinatione
834 1031 928 1065 Sedis
944 1030 1143 1076 Apostolicae

393 1094 445 1119 aut
468 1085 654 1131 legatorum,
686 1089 902 1120 executor-um,
931 1080 976 1113 vel
1002 1078 1142 1125 proviso-

395 1147 463 1169 rum
478 1133 633 1171 eiusdem,
648 1144 702 1166 seu
719 1144 772 1178 per
788 1130 885 1176 ipsius
907 1128 1000 1163 Sedis
1021 1128 1066 1161 vel
1090 1139 1144 1174 per

394 1183 625 1229 praedictorum
640 1181 756 1222 literas,
779 1187 807 1213 et
824 1178 876 1225 qui
900 1190 934 1212 ea
949 1177 1145 1212 obtinuerint

395 1233 424 1265 in
440 1232 593 1270 futurum,
607 1237 772 1265 teneantur
786 1227 915 1262 obedire
927 1225 1146 1273 superioribus

395 1281 461 1315 suis
495 1279 638 1315 eiusdem
664 1278 842 1324 religionis,
866 1287 1039 1322 eorumque
1063 1274 1146 1309 snb-

396 1342 465 1363 esse,
487 1327 746 1370 correctionibus,
773 1324 1037 1365 ordinationibus,
1053 1324 1147 1371 puni-

398 1378 537 1413 tionibus
563 1386 593 1412 et
616 1376 750 1415 statutis,
773 1383 803 1409 et
827 1373 1029 1422 prioratibus,
1047 1372 1148 1407 admi—

398 1426 650 1469 nistrationibus,
679 1425 790 1459 officiis
812 1436 865 1457 seu
894 1422 1149 1470 quibuscumque

400 1476 571 1515 beneficiis,
598 1487 678 1522 quae
713 1473 867 1512 obtinent,
896 1480 928 1506 ut
964 1471 1148 1518 praefertur,

399 1534 428 1559 et
451 1525 645 1559 obtinuerint
667 1523 696 1557 in
721 1523 875 1561 futurum,
904 1534 939 1555 ex
964 1520 1068 1554 causis
1102 1532 1150 1553 ra-

401 1573 603 1608 tionabilibus
639 1572 751 1620 privari
781 1571 926 1610 valeant,
953 1577 983 1603 et
1018 1569 1057 1603 ab
1091 1568 1151 1602 illis

400 1624 492 1657 etiam
516 1622 665 1661 amoveri,
691 1633 726 1655 ac
750 1620 774 1654 si
799 1632 854 1666 pei·
875 1619 1056 1666 superiores
1077 1629 1152 1651 suos

401 1673 439 1706 de
466 1672 531 1706 suis
557 1671 721 1706 beneliciis
744 1669 791 1703 eis
814 1669 892 1703 soret
928 1668 1101 1715 provisum.

647 1746 727 1781 Cap.
760 1744 906 1780 xxxin.

452 1819 620 1853 Caeterum
643 1817 807 1864 cupientes
829 1815 950 1850 cultum
972 1813 1067 1848 divini
1091 1813 1156 1848 No-

404 1869 499 1902 minis
523 1880 585 1902 non
610 1866 722 1910 minui,
749 1865 803 1900 scd
828 1865 932 1912 potius
957 1863 1076 1909 augeri,
1101 1863 1157 1896 sit-

406 1930 467 1964 que
490 1916 686 1959 rationabile,
719 1923 752 1949 ut
780 1915 974 1962 quicumque
1006 1911 1157 1946 beneficia

408 1966 559 2012 regularia
586 1966 740 2003 obtinent,
769 1974 863 1998 onera
891 1962 994 1997 debita
1023 1970 1051 1995 et
1076 1972 1159 1995 con—

408 2023 495 2050 sueta
514 2023 712 2062 supportent,
734 2012 902 2047 statuimus
921 2019 950 2046 et
964 2011 1158 2049 ordinamus,

409 2064 491 2111 quod
520 2065 549 2098 in
580 2063 792 2102 monasteriis,
821 2060 1011 2108 prioratibus
1039 2067 1068 2093 et
1090 2059 1161 2093 aliis

410 2113 573 2147 beneficiis
600 2112 828 2151 monacalibns,
857 2111 999 2157 personis
1029 2108 1162 2154 quibus-

411 2163 483 2197 libet
514 2171 599 2197 extra
629 2161 773 2196 ordinem
797 2172 851 2194 seu
882 2158 1064 2205 religionem
1095 2157 1163 2190 hu-

413 2211 568 2253 iusmodi,
603 2212 837 2256 cuiuscumque
878 2209 941 2242 siut
979 2206 1163 2253 dignitatis,

413 2261 528 2306 gradus
555 2273 610 2295 seu
649 2258 926 2307 praeeminentiae,
962 2256 1082 2291 collatis
1118 2255 1163 2289 vel

413 2310 655 2354 commendatis,
690 2322 745 2342 seu
769 2308 808 2342 de
835 2315 958 2342 caetero
994 2316 1165 2340 commen-

189 253 237 278 An.
251 253 276 277 Γ..
300 253 365 278 1336
961 241 1145 264 ΙῐΙ“Ι.ΙΛΝΗ“.11

208 947 234 966 lle
260 945 376 965 obtinenti-

195 978 232 997 bns
274 976 378 995 imo-invia

194 1014 218 1027 e!
229 1007 341 1026 stillatione
354 1012 378 1024 a-

197 1038 306 1064 pustulica.

215 1879 243 1899 De
252 1884 321 1899 numen
328 1884 338 1897 o
348 1879 390 1897 mo-

207 1908 392 1930 nachorumiuhe-

207 1941 296 1961 neficns.
337 1943 389 1965 qnae

209 1971 307 1997 personis
334 1972 393 1988 extra

208 2001 302 2021 ordinem
318 1998 392 2019 confer

211 2034 290 2052 [untur.

415 2359 526 2393 dandis
554 2359 599 2393 vel
627 2357 839 2397 conferendis
869 2365 911 2390 tot
934 2354 1056 2390 monaci
1082 2362 1167 2388 tene-

416 2417 518 2451 antur,
546 2415 621 2454 quot
649 2408 678 2441 in
707 2408 752 2440 eis
781 2405 980 2443 tenebantur,
1011 2415 1082 2438 cum
1113 2415 1167 2450 per

419 2469 566 2491 monacos
603 2456 802 2499 monasteria,
828 2455 983 2502 prioratus
1005 2462 1033 2487 et
1070 2453 1168 2487 bene-

418 2506 485 2540 ficia
508 2506 689 2540 huiusmodi
720 2505 918 2551 regebantur.
946 2503 984 2537 Et
1007 2502 1090 2549 quod
1120 2502 1168 2535 ni·

420 2555 591 2589 bilominus
613 2567 745 2589 monaco
767 2555 797 2588 in
820 2552 938 2587 eisdem
959 2551 1168 2588 monasteriis,

422 2604 609 2650 prioratibus
632 2612 660 2639 ct
687 2603 848 2638 beneficiis
889 2602 1112 2638 committatur,
1140 2599 1168 2633 id

1177 238 1336 261 ROMANI'M

1175 291 1258 339 quml
1282 302 1385 336 supra,
1411 290 1456 322 vel
1476 289 1557 322 cirea
1581 288 1658 321 alios
1682 298 1832 322 monacos
1852 285 1926 320 inibi

1178 340 1349 374 residentes
1378 338 1505 372 baberet
1545 348 1691 370 exercere
1723 335 1930 370 administra—

1178 398 1223 423 tor
1256 399 1417 426 monacus,
1446 387 1469 419 si
1500 393 1631 433 paeesset
1669 383 1800 423 eisdem,
1828 395 1931 431 qnan-

1177 447 1242 472 tnm
1263 437 1300 470 acl
1319 448 1354 470 ea
1377 448 1456 483 qnae
1481 435 1635 481 pertinent
1659 434 1695 468 ad
1714 432 1854 479 regulam
1875 446 1930 467 seu

1177 486 1376 533 disciplinam
1399 485 1443 519 vel
1474 484 1708 519 observantiam
1736 482 1931 528 regularem·‚

1177 545 1207 569 et
1243 535 1326 582 quod
1355 534 1485 581 quilibet
1521 532 1703 567 huiusmodi
1733 531 1934 570 monasteria,

1180 585 1334 632 prioratus
1356 593 1385 618 et
1409 583 1559 617 benelicia
1595 580 1835 629 quomodolibet
1850 579 1934 614 obti-

1180 642 1290 669 nentes
1321 633 1357 667 ad
1382 632 1618 680 procurationes
1639 639 1670 666 et
1697 630 1755 665 alia
1779 629 1935 677 quaelibet

1180 696 1273 718 onera
1298 682 1493 717 imminentia
1523 680 1743 728 persolvenda,
1776 678 1935 713 reddenda

1181 741 1210 767 et
1238 731 1452 779 supportanda
1475 730 1660 765 auctoritate
1688 728 1857 776 apostolica
1882 740 1936 775 per

1181 793 1346 817 censuram

1184 844 1237 878 per
1252 830 1357 865 omnia
1372 828 1519 876 compelli
1534 828 1632 863 valeat
1650 840 1704 875 per
1724 826 1935 874 capitulorum

1183 879 1425 928 provincialium
1452 877 1679 925 praesidentes,
1701 877 1782 911 sieut
1805 887 1861 923 per
1880 888 1940 910 su-

1186 929 1326 976 periores
1364 935 1491 975 possent
1524 934 1553 961 et
1595 925 1746 960 deberent
1791 924 1937 971 compelli

1185 977 1321 1021 monaci,
1344 978 1368 1011 si
1394 983 1565 1024 praeessent
1587 974 1799 1018 monasteriis,
1823 974 1939 1020 priora-

1184 1027 1267 1061 tibus
1303 1033 1331 1060 et
1356 1025 1518 1060 beneficiis
1555 1024 1754 1064 memoratis,
1784 1023 1839 1057 nisi
1870 1022 1939 1056 sue-

1187 1076 1244 1110 rint
1273 1083 1398 1109 sanctae
1420 1074 1583 1108 Romanae
1606 1073 1769 1107 Ecclesiae
1794 1071 1940 1106 cardina-

1186 1126 1242 1169 les,
1267 1136 1347 1172 quos
1371 1136 1432 1158 non
1459 1123 1545 1157 decet
1576 1122 1710 1156 aliorum
1747 1120 1940 1168 compulsio-

1187 1175 1283 1208 nibus
1310 1173 1487 1207 subiacere.

1402 780 1661 822 ecclesiasticam,
1696 786 1724 814 et
1760 777 1849 817 alias,
1892 789 1936 811 suc

1430 1248 1510 1282 Car.
1552 1246 1699 1281 xxxiv.

1237 1319 1414 1354 Statuimus
1437 1330 1562 1365 qnoque
1585 1326 1613 1351 et
1637 1316 1833 1357 ordinamus,
1857 1315 1942 1362 qnod

1189 1369 1212 1404 si
1237 1368 1365 1415 aliquod
1389 1367 1614 1402 monasterium
1637 1366 1736 1412 ipsius
1750 1364 1873 1400 ordinis
1888 1376 1943 1398 seu

1191 1417 1351 1465 religionis
1398 1417 1520 1463 lapsum
1544 1416 1574 1450 in
1600 1415 1750 1462 religione
1773 1414 1821 1448 vel
1850 1426 1946 1459 regu-

1191 1468 1243 1502 lari
1267 1467 1464 1501 observantia
1503 1465 1647 1510 patiatur,
1677 1465 1730 1511 qui
1765 1476 1819 1511 per
1847 1462 1946 1498 abba-

1192 1526 1252 1551 tem
1277 1528 1330 1550 seu
1363 1515 1458 1549 alium
1482 1514 1768 1548 administratorem
1798 1512 1844 1547 vel
1878 1524 1947 1546 mo-

1193 1578 1287 1599 nacos
1327 1563 1470 1598 eiusdem
1510 1562 1691 1597 monasterii
1733 1561 1947 1596 verisimiliter

1195 1614 1330 1660 reparari
1369 1625 1430 1647 non
1472 1612 1587 1659 possit,
1635 1623 1690 1658 per
1733 1610 1948 1657 praesidentes

1195 1663 1375 1711 provinciali
1413 1662 1551 1708 capitulo
1587 1661 1633 1695 vel
1681 1660 1856 1708 quemlibet
1887 1671 1949 1693 eo-

1196 1712 1340 1747 rumdem
1365 1711 1401 1745 ad
1426 1711 1662 1758 requisitionem
1686 1722 1742 1744 seu
1766 1709 1949 1744 relationem

1197 1762 1404 1804 visitatorum,
1440 1769 1531 1807 prout
1564 1760 1665 1795 eidem
1696 1759 1832 1806 capitulo
1856 1770 1953 1805 super

1197 1811 1256 1846 boc
1290 1809 1486 1845 consulendo
1521 1809 1678 1843 videbitur
1713 1807 1880 1856 expedire;
1904 1807 1951 1841 vel

1198 1861 1268 1895 sine
1305 1859 1534 1893 consultatione
1561 1857 1755 1901 huiusmodi,
1783 1857 1807 1890 si
1843 1869 1880 1890 ex
1903 1856 1954 1889 di-

1199 1909 1315 1944 latione
1338 1907 1526 1942 consulendi
1543 1907 1672 1942 'dictum
1696 1906 1871 1953 capitulum
1897 1917 1954 1951 pe·-

1201 1959 1333 1993 riculum
1358 1957 1549 1997 immineret,
1572 1956 1761 1991 auctoritate
1786 1954 1954 2002 apostolica

1201 2015 1403 2042 assumantur
1430 2006 1468 2040 ‹le
1495 2006 1555 2040 alio
1579 2005 1781 2044 monasterio,
1815 2005 1844 2038 in
1869 2003 1955 2038 cultu

1202 2056 1344 2091 eiusdem
1378 2055 1540 2101 religionis
1575 2055 1710 2100 vigente,
1741 2053 1862 2088 monaci
1886 2052 1957 2087 ido-

1205 2106 1267 2149 nei,
1290 2113 1320 2138 et
1343 2104 1379 2139 ad
1420 2104 1540 2138 dictum
1566 2102 1792 2138 monasterium
1832 2102 1955 2150 lapsum

1205 2155 1328 2201 patiens
1369 2154 1643 2197 transmittantur,
1689 2151 1766 2186 inibi
1806 2151 1957 2198 quamdiu

1204 2203 1375 2250 expediens
1403 2203 1496 2237 l'nerit
1531 2202 1693 2241 moraturi,
1726 2213 1781 2248 per
1803 2213 1883 2247 quos
1910 2199 1958 2234 la-

1206 2266 1280 2299 psus
1297 2251 1479 2286 huiusmodi
1506 2260 1677 2299 reparetur.
1702 2250 1747 2284 llli
1767 2259 1872 2284 autem
1895 2261 1960 2283 mo-

1206 2304 1273 2336 naci
1293 2301 1335 2335 ob
1359 2314 1494 2349 quorum
1518 2301 1642 2348 culpam
1667 2300 1716 2334 alii
1739 2299 1958 2334 transmitten—

1207 2359 1256 2385 tur
1283 2351 1320 2385 ad
1356 2352 1458 2385 locum
1487 2363 1541 2385 sen
1567 2349 1793 2384 monasterium
1824 2349 1867 2383 sic
1890 2347 1958 2382 col-

1208 2401 1341 2447 lapsum,
1375 2401 1403 2434 in
1433 2400 1516 2434 (licto
1540 2399 1742 2441 monasterio,
1771 2399 1808 2432 de
1837 2410 1901 2445 qno
1925 2409 1959 2430 a-

1209 2450 1251 2491 lii,
1281 2458 1311 2483 ut
1339 2450 1520 2497 praefertur,
1548 2450 1700 2496 assumpti
1725 2448 1852 2491 suerint,
1868 2447 1913 2481 vel
1929 2447 1959 2480 in

1209 2500 1341 2533 «liversis
1363 2499 1429 2533 aliis
1454 2499 1651 2532 monasteriis
1676 2498 1824 2544 religione
1850 2497 1961 2543 vigen-

1211 2549 1308 2591 tibus,
1333 2548 1385 2582 ubi
1421 2560 1531 2582 eorum
1565 2547 1704 2582 conditio
1732 2547 1829 2581 valeat
1857 2545 1960 2580 refor-

1212 2598 1307 2637 mari,
1348 2610 1402 2645 per
1439 2596 1653 2645 praesidentes
1686 2596 1832 2635 eosdem,
1869 2602 1962 2643 prout

1944 230 1993 256 Αιι.
2015 230 2034 256 C
2061 230 2125 254 t35fi

1972 1323 2000 1343 De
2027 1323 2144 1349 reparanda

1960 1354 2084 1380 disrtptina,
2111 1353 2145 1373 ubi

1960 1386 2024 1405 fuerit
2043 1384 2144 1411 collapsa.
