2274 3265
1724 251 1793 283 *589

1143 319 1162 361 ξ
1194 318 1222 350 1,
1251 316 1331 350 Cum
1362 317 1476 362 itt-‚ique
1491 317 1570 350 sicut
1593 316 1630 350 ad
1653 317 1845 363 apostolatus
1871 327 1946 351 *1¹¹¹
1951 325 1979 344 ¹³
1999 326 2041 344 ¹⁴·-

1095 366 1190 401 nostri
1216 365 1356 413 pervenit
1375 365 1530 406 auditum,
1554 367 1582 400 in
1613 366 1773 400 nonnullis
1794 366 1844 400 (11-
1858 356 2001 408 ,ξῘῘᾸΠΗ
1999 362 2043 405 ’ζ

106 265 153 290 Ᾱη.
171 264 197 289 (ἶ.
219 263 287 289 15³3
922 262 1066 284 tftttmxtsss
1089 261 1118 282 VI
1150 261 1196 282 ΙΨ.

1860 260 1898 284 An
1925 260 1952 283 (¹
1973 259 2041 284 1ῧῆἶὶ

302 331 337 353 ac
363 318 412 353 illa
437 319 576 365 ipsorum
601 319 794 366 principum,
819 318 1050 361 marchionum,

302 369 432 409 ducum,
460 369 623 408 comitum,
653 368 817 412 baronum,
847 368 997 402 nobilium
1021 375 1051 401 et

126 724 264 744 (th-rantibus

144 757 243 779 derogat:

117 1520 139 1541 Et
162 1521 209 1540 hui«-
233 1525 257 1538 cn
261 1525 285 1538 n-

103 1553 205 1572 strtntioni
225 1551 286 1570 robur

103 1584 175 1604 adiicit
199 1583 285 1603 tir-mita

121 2467 143 2487 In
161 2468 292 2489 ecclesiasti-

109 2499 138 2519 cis
154 2505 212 2525 quarn
224 2500 249 2520 sit
260 2505 293 2519 re-

130 2530 279 2556 prehensibilis

108 2561 153 2587 ipsa
173 2561 220 2582 mali
241 2567 291 2588 spe-

301 418 433 453 alioruin
456 431 731 465 quorumcumque
759 418 906 452 laicorum
935 427 965 452 et
989 417 1050 451 lai·

301 468 414 503 0311331
445 481 649 515 personarum
673 468 742 502 talia
772 467 1050 514 praesumentium

303 519 332 552 in
357 517 474 565 quibus
501 518 569 552 talia
600 518 726 558 tierent,
753 518 913 557 civitates,
936 525 1050 559 terras,

301 567 428 615 oppida,
455 576 554 602 castra
586 575 616 601 et
637 567 696 602 alia
724 567 788 602 loca
805 595 813 607 ‚
840 567 1051 602 ecclesiastico

303 617 467 652 interdicto
494 616 657 651 subiacere
686 617 829 651 volumus
861 617 929 664 ipso
957 616 1047 651 sacto.

349 672 364 711 g
391 671 425 701 ⁶2.
459 666 635 713 Nullusque
668 666 707 700 ab
740 666 859 700 eisdem
889 666 1051 701 sententiis

302 729 357 764 per
378 717 485 755 alium
512 728 604 763 quam
636 729 690 762 per
712 715 890 750 Romanum
919 715 1052 750 t‘ontiti-

300 779 381 805 cem
405 774 622 813 praeterquam
644 779 672 799 ru
692 766 800 800 mortis
819 766 962 809 11111310
979 778 1049 813 pos-

300 817 339 850 sit
356 815 486 859 absolvi,
506 827 562 849 nec
579 815 778 849 interdictum
795 793 975 850 huiusmodi
998 828 1051 862 per

300 866 394 899 alium
418 865 510 900 etiam
536 864 676 899 relaxari.
698 864 765 899 Non
789 864 933 900 obstante
948 865 974 900 si
994 865 1052 899 ali-

300 914 416 961 quibus
442 914 654 949 communiter
682 914 728 948 vel
763 914 885 949 divisim
920 928 936 949 a
968 914 1051 950 Sede

300 964 480 1019 Apostolica
504 964 543 998 sit
563 963 733 1004 indultum
756 964 840 1010 quod
865 977 1049 999 excommu-

301 1026 408 1054 nicar·
428 1012 580 1060 suspendi
605 1013 651 1047 vol
676 1013 818 1048 interdici
844 1027 905 1048 non
931 1015 1051 1061 possint

301 1077 355 1111 per
379 1063 496 1098 litteras
515 1063 702 1109 apostolicas
725 1075 785 1097 non
812 1063 960 1098 facientes
984 1064 1052 1111 ple-

301 1127 370 1148 nam
399 1121 429 1147 et
458 1125 637 1159 expressam
668 1125 703 1147 ac
730 1112 769 1146 de
799 1112 892 1147 verbo
916 1113 952 1147 ad
977 1126 1052 1148 ver-

301 1163 372 1197 bum
394 1162 433 1197 de
454 1162 574 1196 indulto
598 1162 777 1197 huiusmodi
801 1172 830 1198 et
853 1176 960 1197 eorum
980 1175 1053 1209 pro-

301 1213 376 1260 priis
394 1211 575 1246 nominibus
595 1213 801 1253 mentionem
811 1221 840 1247 et
858 1212 1052 1259 quibuslibet

299 1261 593 1301 constitutionibus
617 1261 747 1309 privileg
753 1262 789 1295 iis
807 1270 836 1296 ct
861 1262 957 1296 literis
976 1274 1053 1309 apo-

300 1312 417 1347 stolicis
438 1311 613 1351 contrariis,
638 1311 676 1345 de
698 1311 814 1357 quibus
840 1312 932 1345 etiam
961 1311 1052 1358 plena

300 1370 331 1397 et
352 1373 498 1408 expressa
523 1361 553 1395 in
578 1361 694 1395 nostris
718 1361 782 1395 lieri
807 1369 949 1407 oporteat
970 1373 1054 1396 men-

302 1422 428 1446 tionem.

349 1465 365 1503 g
392 1462 424 1494 5.
452 1459 536 1494 Nulli
564 1472 640 1514 ergo
667 1459 799 1494 omnino
827 1459 991 1494 hominurn
1017 1460 1054 1494 li-

301 1518 368 1546 ceat
397 1510 477 1544 banc
505 1509 651 1556 paginam
676 1517 800 1544 nostrae
835 1509 1002 1544 voluntatis
1025 1520 1055 1546 et

301 1559 514 1596 concessionis
538 1558 711 1605 infringere
738 1566 791 1593 etc

351 1609 464 1644 Datum
488 1608 609 1644 Romae
631 1609 713 1656 apud
733 1609 766 1643 S.
784 1608 923 1651 Petrum
942 1618 1054 1657 quarto

303 1659 373 1694 idus
395 1658 586 1699 decembris,
616 1659 816 1706 pontificatus
845 1660 942 1694 nostri
972 1673 1054 1695 anno

301 1717 400 1744 sexto.

321 1762 381 1792 Dat.
398 1762 446 1792 die
462 1763 499 1793 10
515 1762 680 1793 decembris
699 1762 784 1799 1383,
802 1767 881 1802 pout.
905 1772 981 1793 311110
998 1772 1033 1793 vi.

640 1862 721 1896 VIII.

305 1927 489 1971 Reprobatio
510 1928 676 1971 pignorum
696 1939 747 1959 sen
768 1927 978 1970 sportularum
1004 1939 1057 1959 oc·-

353 1978 472 2009 casi'one
494 1977 664 2020 litiyiorum
688 1977 836 2009 indicibus
854 1977 1057 2009 ecclesiasticis

353 2027 459 2072 quovis
487 2028 576 2060 modo
603 2027 842 2060 exhibendorum
869 2028 923 2069 (t).

578 2087 791 2118 stuntAtutnt

305 2137 334 2167 ln
369 2138 581 2167 ecclesiasticis
615 2146 702 2175 quani
736 2137 774 2165 sit
810 2136 1056 2174 reprehensibilis

345 2178 406 2216 ipsa
432 2178 498 2206 mali
530 2178 654 2215 species.
676 2194 715 2198 —
737 2178 759 2212 1,
782 2177 808 2206 ⁶2.
832 2176 984 2215 Sportulas
1015 2178 1057 2206 iu-

344 2217 461 2287 dic'ibus
478 2217 688 2247 ecclesiasticis
701 2217 762 2247 dari
781 2221 864 2246 vetat.
880 2234 918 2238 —
930 2217 957 2246 3.
972 2217 1058 2246 Clau-

344 2268 378 2287 su
394 2268 438 2288 ae.

347 2312 470 2340 Urbanus
489 2312 630 2347 episcopus
654 2318 750 2339 servus
786 2317 926 2340 servorum
950 2311 1011 2344 Dei.

439 2357 472 2385 ad
503 2358 665 2392 perpetuam
689 2357 730 2385 rei
754 2357 922 2384 memoriam.

354 2412 507 2454 Quamvis
529 2411 567 2445 ab
590 2412 675 2446 omni
704 2411 809 2458 specie
833 2411 904 2445 mali
934 2411 973 2445 sit
1002 2423 1057 2458 per

306 2461 465 2509 quoslibet
498 2461 735 2503 abstinendum,
771 2474 921 2507 personas
953 2470 1055 2496 tamen

306 2512 537 2547 ecclesiasticas
560 2520 644 2546 tanto
668 2511 706 2545 ab
730 2511 778 2545 illa
805 2511 985 2557 diligentius
1001 2511 1057 2546 ab·

307 2562 424 2596 stinere
446 2562 605 2599 convenit,
624 2571 741 2608 quanto
765 2561 794 2594 in
818 2561 862 2595 eis
880 2570 991 2596 cuncta
1012 2562 1055 2595 vi-

308 2612 347 2646 tia
381 2611 480 2658 magis
507 2611 763 2658 reprehensibilia
791 2610 977 2646 iudicantur.

343 2670 382 2705 (Ι)
400 2670 437 2696 Ex
455 2670 559 2704 Regest.
580 2670 604 2695 in
624 2668 733 2695 Archiv.
754 2668 835 2695 Vatic.

1095 429 1252 451 versurum
1279 416 1411 462 pwrrtiurn
1435 415 1602 450 ordinariis
1626 416 1844 451 ecclesiasticis

1094 466 1202 500 Curiis
1217 466 1255 499 de
1278 465 1414 513 (pradum
1437 465 1679 505 consuetudine,
1699 478 1779 520 quae
1794 465 1843 499 di-

1093 515 1191 550 cenda
1210 523 1255 550 est
1273 516 1377 561 potins
1392 523 1537 569 corrupte
1533 515 1581 555 ·13
1602 523 1704 561 partes
1721 528 1749 549 111
1768 516 1845 563 ipsis

1093 566 1199 600 Curiis
1223 565 1390 611 litigantes
1412 578 1476 598 sive
1493 564 1611 611 litigare
1635 565 1774 599 volentes
1787 578 1843 599 scu

1094 628 1201 650 earum
1221 615 1329 655 altera,
1351 614 1389 649 de
1412 592 1557 648 decimaD
1550 627 1606 649 sen
1627 615 1776 661 vigesima
1793 624 1842 648 ant

1093 665 1150 700 alia
1173 673 1259 712 parte
1282 665 1345 699 litis
1366 664 1542 699 seeundum
1567 663 1778 699 diversitatem
1799 664 1846 697 lo-

1094 728 1201 749 corum
1227 714 1356 762 pignora
1377 726 1432 748 seu
1451 713 1620 760 sportulas,
1637 714 1712 748 alias
1728 716 1845 759 Pi'qnus

1095 766 1201 799 Bandr'
1214 771 1407 811 nuncupata,
1423 763 1497 798 dare
1512 776 1566 798 scu
1583 763 1740 810 deponere
1758 776 1847 798 com-

1095 814 1261 861 pellantur
1275 827 1355 861 (11130
1370 821 1475 860 postea
1491 813 1521 847 in
1538 812 1662 847 linalcm
1682 813 1742 847 litis
1757 826 1848 847 even-

1095 873 1160 899 tum
1190 864 1308 899 domini
1346 876 1400 898 seu
1428 863 1577 898 officiales
1604 863 1740 910 ipsarum
1774 862 1849 897 Cu-

1096 915 1211 949 riarum
1237 914 1298 949 de
1292 926 1357 961 ipsa
1381 912 1613 948 consuetudine
1631 912 1688 946 sibi
1714 912 1848 947 retinent

1094 972 1125 999 et
1151 965 1355 1012 appropriant
1378 975 1434 1011 pro
1458 963 1596 1010 ipsorum
1625 961 1711 997 libito
1735 962 1848 997 volun—

1095 1014 1176 1049 tatis.

1144 1064 1163 1109 g
1190 1065 1222 1097 2.
1252 1062 1316 1097 Nos
1340 1061 1521 1096 huiusmodi
1552 1061 1762 1108 corruptelam
1792 1075 1847 1096 seu

1099 1108 1362 1147 consuetudinem
1385 1111 1559 1146 canonibus
1581 1120 1610 1146 et
1634 1111 1723 1146 bouis
1751 1113 1849 1146 mori-

1096 1163 1154 1197 1135
1171 1162 1328 1196 inimicam
1352 1161 1536 1196 auctoritate
1553 1162 1722 1208 apostolica
1744 1174 1848 1208 repro-

1097 1212 1217 1251 bantes,
1233 1211 1444 1259 praesentium
1462 1219 1569 1245 tenore
1585 1210 1758 1245 districtius
1774 1211 1838 1245 inhi

1096 1262 1219 1301 bemus,
1237 1260 1458 1307 praecipiendo
1486 1260 1670 1295 mandantes
1698 1261 1851 1295 universis

1096 1319 1127 1345 et
1148 1311 1281 1357 singulis
1298 1310 1495 1357 patriarchis,
1510 1309 1771 1357 archiepiscopis.
1791 1311 1851 1344 ele-

1096 1361 1153 1395 ctis
1181 1370 1210 1395 et
1229 1360 1298 1394 aliis
1320 1359 1576 1406 quibuscumque
1600 1359 1742 1394 locorum
1766 1359 1851 1394 ordi—

1097 1410 1190 1444 nariis
1218 1417 1247 1443 et
1277 1410 1422 1456 personis
1456 1408 1689 1452 ecclesiasticis,
1722 1409 1852 1443 iurisdi-

1097 1460 1233 1494 ctionem
1261 1459 1455 1506 spiritualem
1481 1458 1525 1493 vel
1550 1458 1756 1505 temporalem
1773 1458 1853 1492 obti-

1099 1509 1259 1552 uentibus,
1283 1521 1321 1543 ne
1336 1509 1374 1543 de
1396 1516 1520 1543 caetero
1537 1521 1667 1555 pignora
1690 1521 1744 1543 seu
1760 1521 1852 1564 spor—

1099 1560 1180 1593 111135
1206 1567 1259 1593 aut
1288 1571 1337 1593 res
1370 1558 1459 1603 alias,
1487 1571 1690 1605 quocumque
1725 1559 1852 1594 nomine

1097 1617 1297 1652 censeantur,
1320 1609 1483 1643 occasione
1511 1608 1668 1655 praedicta
1703 1616 1754 1642 aut
1792 1608 1853 1643 alio

1098 1659 1210 1706 quovis
1243 1659 1336 1693 modo
1364 1658 1410 1692 vel
1436 1657 1541 1693 colore
1573 1666 1690 1705 petere,
1715 1658 1852 1705 exigere,

1101 1708 1145 1742 vel
1162 1708 1226 1742 lieri
1243 1720 1299 1742 seu
1314 1707 1378 1742 dari
1402 1707 1502 1742 facere
1526 1720 1581 1742 scu
1606 1706 1754 1742 mandare
1776 1720 1855 1755 quo-

1097 1758 1257 1806 quomodo
1286 1759 1497 1804 praesumam.

1147 1812 1162 1851 ἕ
1186 1810 1217 1841 ’5.
1240 1807 1326 1842 Nulli
1342 1820 1417 1854 ergo
1432 1807 1562 1842 omnino
1582 1806 1745 1841 hominum
1763 1807 1853 1841 liceat

1100 1858 1179 1892 banc
1213 1857 1357 1904 paginam
1391 1865 1568 1892 nostrarum
1599 1856 1797 1891 inhibitionis
1824 1865 1853 1891 et

1099 1907 1336 1942 constitutionis
1359 1907 1528 1953 infringere
1551 1914 1602 1940 ecc.

1148 1956 1263 1991 Datum
1286 1957 1407 1992 Romae
1434 1957 1516 2004 apud
1539 1957 1690 1991 Sanctum
1723 1957 1850 1991 Petrum

1099 2016 1209 2055 quarto
1232 2007 1303 2042 idus
1327 2006 1515 2045 decembris,
1533 2007 1735 2054 pontificatus
1755 2008 1850 2041 nostri

1100 2070 1181 2092 31130
1207 2065 1308 2092 sexto.

1119 2115 1179 2145 Dat.
1196 2115 1242 2145 die
1263 2116 1297 2146 10
1316 2114 1483 2145 decembris
1501 2114 1586 2152 1383,
1604 2119 1681 2154 pont.
1699 2125 1774 2145 anno
1793 2124 1830 2145 vr.

1482 2236 1490 2245 ,

1451 2235 1505 2270 tx.

1100 2306 1292 2351 Approbatr'o
1315 2312 1341 2338 et
1364 2305 1528 2349 ratificaci'o
1554 2305 1683 2337 Ordinis
1706 2305 1852 2337 Fratrum

1150 2356 1262 2389 Sancti
1288 2356 1381 2388 Pauli
1410 2355 1511 2387 Primi
1543 2355 1697 2387 Eremitae
1723 2356 1755 2387 in
1782 2354 1852 2386 Un—

1149 2407 1257 2450 9ariae
1294 2406 1433 2450 partibus
1466 2416 1486 2438 a
1522 2404 1639 2438 Ioanne
1665 2404 1732 2437 Pl‘.
1756 2404 1854 2437 XXII

1150 2457 1281 2489 instituti
1304 2458 1359 2498 (t).

1369 2519 1582 2550 sotttttAttttJM

1101 2575 1287 2604 Prooemium.
1314 2591 1352 2595 —
1383 2574 1404 2603 l.
1437 2572 1589 2602 Fratribus
1618 2573 1697 2602 hisce
1724 2583 1737 2602 3
1762 2572 1849 2602 loan-

1140 2625 1175 2644 ne
1204 2613 1271 2643 xxti
1303 2614 1404 2643 tradita
1433 2613 1532 2651 regula
1565 2613 1593 2642 S.
1618 2613 1785 2651 Augustini.
1812 2629 1851 2634 —

1135 2668 1175 2702 (1)
1191 2668 1230 2694 Ex
1248 2668 1353 2702 Regest.
1373 2667 1397 2693 in
1415 2666 1522 2694 Archiv.
1546 2666 1628 2693 Vatic.

1899 1820 2017 1840 clausulae.
