2274 3265
501 259 570 291 784

452 325 536 357 XXV.
554 321 769 363 Pronmlgatio
786 322 1016 353 sententiarum
1033 327 1143 353 contra
1157 332 1202 352 re-

537 372 673 403 tinentes
692 375 720 402 et
743 370 955 402 inhabitantes
975 370 1086 403 domos
1105 377 1132 404 et
1153 383 1202 414 pa-

539 420 609 452 latia
631 419 860 458 Ecclesiarum,
887 420 918 450 S.
942 419 977 451 R.
999 419 1030 450 E.
1055 420 1201 451 cardina-

539 467 621 499 libus
655 466 685 498 in
720 466 848 499 titulum
883 477 938 498 seu
977 467 1200 499 commendmn

537 525 776 553 concessarum,
801 514 876 547 0289.

449 564 549 596 XXVI.
586 563 789 596 Canonizatio
825 563 855 595 13.
892 563 1033 595 'fliomae
1061 563 1201 606 episcopi

538 612 771 645 Ilei-fordiensis
792 612 822 644 in
843 611 967 652 Anglia,
990 611 1124 654 eiusque
1151 622 1201 643 re-

537 661 610 693 latio
637 661 668 692 in
690 670 862 693 numerum
885 661 931 692 Ss.
961 660 1199 695 confessorum.

536 719 610 740 cum
633 708 806 741 festivitatis
827 708 1025 741 institutione
1042 718 1099 751 pro
1116 707 1166 738 die
1184 707 1203 738 ι)

536 756 654 789 mensis
678 757 831 795 octobris,
859 756 934 789 0291.

449 805 562 838 XXVII.
589 805 678 843 Quod
705 805 809 837 iudaei
836 804 872 836 ad
896 804 991 836 tidem
1012 803 1201 836 catholicam

537 853 694 892 conversi,
713 853 749 885 iis
761 853 852 884 bonis
865 852 1026 894 gaudeant
1036 862 1118 894 quae
1130 862 1203 882 eon-

537 901 690 933 versionis
714 906 860 942 tempore
886 899 1102 942 possidebant,
1126 899 1199 932 294.

449 950 576 982 XXVIII.
614 950 738 981 Erectio
773 948 998 981 catliedrarmn
1026 948 1203 980 medicinae

536 1003 566 1030 ct
590 997 706 1030 artimn
736 997 766 1029 in
793 996 948 1029 Perusino
973 996 1102 1034 Studio,
1132 997 1201 1028 ‹lata

536 1046 669 1088 insuper
685 1046 834 1077 facultate
851 1044 1002 1088 episcopo
1019 1044 1203 1076 licentiandi

534 1099 565 1126 et
584 1094 750 1126 laureandi
773 1094 805 1125 in
822 1098 958 1135 utraque
973 1093 1122 1125 facultate
1139 1093 1204 1124 ido-

536 1152 625 1181 neos,
640 1153 697 1185 pro
713 1153 854 1185 quorum
876 1141 1021 1174 examine
1038 1141 1203 1174 nonnullal

535 1191 726 1223 sanciuntur
751 1191 849 1231 leges,
876 1189 952 1222 294.

444 1238 549 1271 XXIX.
577 1238 745 1271 Revocatio
771 1238 1032 1276 concessionum,
1054 1237 1201 1270 donatio-

535 1297 626 1327 num,
650 1286 859 1327 locationum‚
877 1286 1108 1318 alienationum
1128 1285 1203 1318 alio-

535 1345 673 1378 rumque
694 1334 839 1367 omnium
863 1345 919 1377 per
935 1339 1076 1367 rectores
1092 1338 1122 1365 et
1137 1334 1203 1366 offi-

538 1383 634 1416 ciales
657 1383 688 1416 S.
718 1383 753 1415 R.
781 1383 815 1415 E.
845 1383 875 1414 in
898 1382 1091 1425 patrimonio
1117 1381 1201 1413 Beati

534 1431 618 1463 Petri
639 1431 670 1463 in
691 1430 818 1470 Tuscia,
840 1430 992 1463 comitatu
1017 1429 1152 1462 Sabinae
1173 1435 1203 1462 et

534 1480 627 1513 terris
654 1481 911 1523 Arnulpliorum,
939 1479 1103 1522 quibusvis
1130 1490 1201 1522 per-

535 1530 622 1562 sonis
642 1530 812 1569 factarum,
835 1530 910 1562 297.

447 1577 537 1610 XXX.
561 1577 715 1620 Sequitur
729 1578 881 1621 episcopo
894 1577 1092 1610 Urbevetano
1115 1582 1148 1609 ut
1164 1577 1201 1608 de

536 1626 585 1659 his
605 1627 758 1670 lnquirat‚
785 1632 886 1659 terras
906 1626 1091 1659 liuiilsmodi
1114 1637 1203 1657 recu—

534 1680 642 1717 peret,
674 1675 857 1707 detentores
891 1674 1036 1707 censuris
1070 1685 1201 1717 compo-

533 1723 664 1763 scendo,
687 1723 762 1756 298.

448 1770 549 1802 XXXI.
573 1771 821 1814 Inquisitoribus
842 1772 1021 1805 haereticae
1043 1772 1202 1815 pravitatis

536 1819 737 1861 prohibetur,
764 1820 940 1862 quominus
961 1820 1122 1853 Bononiae
1150 1832 1200 1853 ar-

535 1877 586 1900 ma
606 1861 769 1901 deferendi
792 1868 847 1900 ulli
864 1868 1024 1900 licentiam
1046 1868 1200 1909 tribuant,

534 1926 671 1958 eamque
692 1916 762 1949 aliis
782 1916 813 1948 in
835 1916 913 1948 locis
928 1917 1003 1949 solis
1023 1916 1096 1948 dent
1115 1918 1202 1949 tami-

534 1964 678 2005 limbus,
706 1964 781 1998 298.

447 2007 562 2040 XXXII.
586 2008 702 2041 Contra
718 2008 868 2041 facientes
893 2009 1067 2050 cavalcatas
1092 2015 1119 2041 et
1153 2010 1199 2041 in-

534 2052 699 2085 cursiones
720 2053 750 2085 in
771 2053 934 2096 provincia
955 2053 1112 2086 Marchiae
1137 2054 1201 2086 Sta-

536 2102 587 2128 tus
610 2096 835 2136 Ecclesiastici,
858 2096 932 2130 299.

446 2140 575 2174 XXXIII.
600 2140 741 2173 Ecclesia
757 2141 941 2173 monasterii
959 2141 1120 2174 Cassinen.
1142 2142 1200 2174 eri-

535 2185 620 2226 gitur
641 2184 671 2217 in
692 2185 922 2222 cathedralem,
951 2186 1199 2218 monasterium-

533 2239 596 2271 que
621 2228 653 2260 in
673 2229 895 2272 episcopatum
918 2240 991 2261 cum
1013 2230 1200 2262 omnimoda

536 2272 774 2313 iurisdictione,
812 2273 983 2316 privilegiis
1012 2279 1042 2306 et
1076 2274 1200 2307 iuribus

536 2327 594 2359 pro
610 2327 691 2350 novo
707 2318 859 2361 episcopo
876 2323 906 2350 et
918 2318 1071 2361 capitulo,
1083 2318 1201 2360 quibus

535 2366 627 2393 antea
635 2361 732 2395 abhas
739 2367 769 2395 et
776 2362 900 2394 monaci
911 2362 1112 2402 fruebantur,
1121 2362 1196 2396 300.

447 2404 574 2437 XXXIV.
591 2404 795 2439 Canonizatio
806 2406 838 2438 B.
854 2407 995 2439 Tlioinae
1009 2407 1048 2439 de
1060 2407 1197 2449 Aquino,

535 2448 661 2482 Ordinis
672 2450 805 2482 fratrum
824 2450 1082 2483 Prae-dicatorum
1094 2452 1198 2484 Sancti

534 2492 702 2533 Dominici‚
729 2494 862 2537 eiusque
888 2495 999 2527 relatio
1029 2495 1059 2526 in
1085 2505 1199 2527 nume-

535 2546 607 2570 rum
623 2544 807 2571 sanctorum
819 2539 1052 2578 confessorum,
1067 2549 1140 2571 cum
1157 2539 1200 2571 in-

534 2581 698 2657 tq't'imgissne
724 2582 896 2615 festivitatis
919 2594 977 2626 pro
1000 2583 1050 2615 die
1077 2583 1093 2615 7
1116 2593 1199 2615 mar—

548 2635 581 2664 u,
672 2652 678 2657 .

1054 265 1239 289 [munitum
1269 264 1430 286 ttoatANttM

1247 320 1359 352 XXXV.
1381 317 1612 351 lurisdictionis
1634 328 1705 360 pars
1725 316 1896 360 quaedam,
1922 327 2000 349 non-

1333 366 1479 409 nullique
1500 366 1654 405 redditus,
1677 370 1857 408 spectantes
1877 365 1914 397 ad
1939 366 1998 398 Ec-

1333 415 1461 447 clesiam
1483 414 1677 446 Avenionen.
1703 413 1732 445 in
1759 413 1870 445 castris
1894 413 2000 445 Pontis

1333 463 1464 503 Sorgiae
1490 467 1520 494 et
1539 463 1578 494 (le
1599 462 1789 504 litteraquis,
1802 461 1842 494 ab
1857 472 1893 493 ea
1913 472 2001 504 sepa-

1335 511 1405 550 rati,
1427 511 1589 543 Romanae
1610 510 1768 543 Ecclesiae
1792 515 1822 542 et
1837 509 2001 542 comitatui

1335 559 1501 591 Venaisino
1524 559 1694 597 uniuntur,
1716 558 1792 592 308.

1247 608 1374 640 XXXVI.
1394 607 1590 650 Appi-obatio
1611 607 1869 649 congregationis
1888 617 1999 639 mona-

1333 656 1468 688 oliorum
1486 656 1518 688 B.
1538 656 1653 688 Mariae
1679 656 1791 688 'Montis
1814 655 1922 688 Oliveti
1944 655 2001 687 Or—

1334 703 1416 735 dinis
1436 705 1467 736 S.
1491 704 1666 744 Benedicti,
1688 704 1763 737 310.

1246 752 1387 785 XXXVII.
1406 753 1496 791 Quod
1513 754 1678 794 regulares
1698 753 1933 796 cuiuscumque
1949 756 2002 787 Or-

1334 801 1417 833 dinis
1449 801 1486 834 ad
1520 806 1623 844 partes
1653 801 1831 834 infidelium
1862 813 1894 835 se
1924 814 2001 835 con-

1337 850 1430 889 ferre,
1450 850 1557 892 ibique
1577 850 1710 882 verbum
1732 850 1785 882 Dei
1803 851 2000 894 praediCare,

1336 898 1457 941 absque
1482 899 1689 941 superiorum
1719 909 1853 931 suorum
1875 899 2002 932 licentia

1334 946 1477 989 speciali,
1501 946 1633 979 minime
1659 948 1791 990 possint,
1813 948 1889 981 310.

1246 994 1402 1027 XXXVIII.
1426 995 1594 1027 Revocatio
1615 996 1862 1029 concessionum
1878 997 1917 1029 de
1934 1007 2003 1040 per-

1335 1042 1492 1085 cipiendis
1512 1043 1670 1075 fructibus
1691 1044 1722 1075 in
1738 1043 1881 1076 absentia
1901 1044 1932 1076 in
1949 1044 2003 1077 Ec-

1335 1091 1440 1123 clesiis
1467 1091 1728 1134 quibuscumque
1758 1092 1868 1132 Urbis,
1897 1093 2002 1125 cardi—

1335 1139 1462 1172 nalibus
1482 1140 1646 1172 dumtaxat
1666 1140 1817 1183 exceptis,
1840 1140 1915 1173 311.

1247 1187 1377 1219 XXXIX.
1406 1188 1531 1220 Erectio
1552 1188 1756 1231 episcopatus
1775 1188 1946 1221 Cortonen.
1972 1189 2002 1221 in

1335 1237 1475 1269 Ecclesia
1496 1238 1601 1269 Sancti
1619 1238 1775 1270 Vincentii
1795 1238 1938 1270 eiusdem
1955 1238 2000 1270 ci-

1334 1285 1436 1317 vitatis
1445 1296 1518 1317 cum
1535 1286 1737 1328 exemptione
1754 1286 2001 1319 aiurisdictione

1335 1333 1494 1366 Ecclesiae
1514 1333 1675 1371 Aretinae,
1701 1334 1777 1367 3¹12.

1246 1381 1305 1413 XL.
1329 1382 1445 1414 Contra
1471 1382 1619 1414 ineuntes
1644 1383 1771 1415 foedera
1792 1393 1865 1415 cum
1887 1383 2000 1415 haere-

1334 1430 1403 1462 ticis
1423 1436 1477 1463 aut
1497 1431 1559 1463 alio
1582 1431 1694 1473 quovis
1715 1432 1809 1464 modo
1833 1431 1878 1463 eis
1895 1432 2000 1463 faven-

1334 1483 1391 1517 tes,
1411 1478 1486 1512 3115.

1341 1526 1456 1560 Contra
1478 1527 1680 1560 immolantes
1700 1527 1924 1567 daemonibus,
1947 1533 1999 1560 aut

1334 1580 1527 1618 responsaet
1535 1576 1653 1609 auxilia
1669 1577 1707 1609 ab
1723 1577 1768 1609 eis
1785 1577 1997 1620 postulanteS,

1332 1623 1395 1656 sive
1417 1629 1560 1657 tenentes
1585 1624 1684 1657 libros
1704 1625 1743 1658 de
1768 1625 1925 1658 eiusmodi
1949 1636 1999 1657 er-

1335 1672 1462 1705 roribus
1482 1678 1664 1711 tractantes
1682 1673 1758 1707 3115.

1245 1721 1331 1753 XLII.
1362 1720 1586 1754 Ordinationes
1612 1722 1828 1755 observandae
1848 1723 1888 1755 ab
1908 1723 1998 1755 audi-

1333 1770 1457 1802 toribus
1479 1781 1651 1803 rausarum
1680 1771 1794 1804 Curiae
1822 1771 1996 1810 Romanae,

1334 1830 1512 1861 eorumque
1538 1820 1682 1859 notariis,
1704 1820 1779 1854 317.

1246 1870 1345 1902 XLIII.
1365 1869 1521 1907 Declarat,
1540 1869 1701 1902 indultum
1718 1870 1912 1912 quibuslibet
1932 1871 2000 1902 uni—

1335 1916 1535 1950 versitatibus
1569 1923 1599 1949 et.
1627 1918 1771 1961 personis
1795 1928 1997 1959 concessum,

1333 1977 1372 1999 ne
1397 1971 1484 1998 extra
1502 1970 1608 1998 'certos
1633 1967 1749 2000 limites
1771 1967 1876 2000 vocari
1897 1967 1928 1999 in
1949 1967 1998 1999 itt-

1333 2015 1451 2047 dicium
1474 2014 1607 2056 possint,
1621 2016 1658 2048 ad
1676 2026 1790 2049 causas
1809 2021 1836 2048 et
1858 2016 1997 2058 negotia,

1332 2075 1414 2106 quae
1431 2064 1515 2106 apud
1532 2064 1647 2097 Sedent
1662 2065 1807 2097 eamdem
1825 2064 1997 2106 agitantur,

1333 2124 1395 2146 non
1417 2115 1555 2153 extendi,
1573 2113 1649 2147 323.

1244 2162 1341 2194 XLIX.
1365 2162 1573 2196 Confirmatio
1590 2162 1760 2195 erect'mnis
1784 2162 2000 2195 Universitatis

1332 2212 1511 2244 studiorum
1526 2212 1690 2245 incivitate
1702 2211 1909 2247 Cadureensi,
1920 2209 1995 2243 3524.

1247 1526 1317 1558 XLI.

1457 2310 1694 2342 BENEDICTUS
1716 2309 1778 2341 XII.

1243 2407 1263 2439 l.
1290 2407 1480 2439 Benedictus
1503 2407 1661 2450 praelatos
1686 2405 1901 2439 Ecclesiarum
1927 2417 1997 2440 cer-

1331 2452 1428 2483 tiores
1453 2451 1525 2484 facit
1546 2451 1584 2483 de
1605 2451 1653 2483 sui
1679 2450 1836 2483 electione
1862 2451 1893 2483 in
1915 2451 1997 2483 Pon-

1331 2496 1462 2534 tificem,
1485 2495 1559 2528 394.

1244 2539 1277 2571 ll.
1306 2539 1349 2572 De
1373 2540 1540 2583 apostatis,
1568 2550 1622 2571 seu
1654 2540 1731 2572 alias
1755 2539 1996 2582 quomodolibet

1332 2584 1476 2616 habitum
1504 2583 1668 2627 religionis
1694 2583 1939 2623 dimittentibus,
1961 2595 1996 2616 ac

1331 2633 1418 2660 extra
1438 2638 1572 2660 suorum
1592 2627 1749 2661 Ordinum
1771 2628 1910 2661 claustra
1930 2638 1998 2661 eva-
