2274 3265
259 256 306 283 An
325 257 352 283 C
375 257 439 283 {Sis

259 318 438 375 „immissam
453 321 616 354 exurgere,
640 308 679 342 ibi
702 307 919 342 scandalorum
944 319 1053 355 iepres
1075 316 1103 343 ct
1130 308 1195 342 dis—

259 381 283 398 Μ
273 386 319 400 oiim
316 386 353 399 nos
372 381 437 400 otuu-n

257 411 307 430 Μ’
301 417 321 430 ”
336 414 378 431 ·””·
369 417 405 435 ⁸¹¹¹
395 414 438 433 ¹¹¹·¹¹
453 407 596 447 minare,
619 407 759 441 nonnulli
794 407 888 442 Ιιιιιιι5
909 420 1014 442 sacrae
1036 408 1195 453 religionis

264 1058 287 1079 Sc
303 1060 405 1078 dumtaxat
417 1057 436 1077 S

257 1090 362 1110 Frdntt‘ci
379 1097 387 1109 r

257 1122 294 1141 tarn
325 1121 423 1141 otini-rar
427 1126 437 1140 e

270 1155 384 1172 irritantes,

267 1653 306 1673 Eos
320 1658 436 1679 ιερτιιηηιι

254 1685 333 1705 curavit

255 1721 313 1736 mens
330 1714 363 1734 Π,

274 2151 297 2170 Ar
314 2155 382 2170 eoram
393 2148 441 2168 Cle-

260 2185 329 2202 ment·
346 2181 362 2200 V
377 2187 442 2201 novas

260 2213 357 2239 quereias

261 2250 358 2270 posuere:

504 245 574 277 260

452 359 604 393 sidiorurn
633 358 747 392 zizania
775 358 885 403 satagit
920 358 1111 393 cumulatius
1138 372 1194 392 55-

452 457 519 492 5010
547 434 675 491 noinine
704 456 906 503 professores,
925 456 1000 491 dum
1024 457 1130 491 3Ιῑῑοι·ιι
1162 470 1194 491 55

453 514 575 553 petunt,
601 506 675 541 durn
705 506 913 553 praeposteris
943 515 972 541 et
1008 506 1195 552 perturbatis

450 555 609 601 gradibus,
630 555 720 590 citius
744 557 865 595 ruituri,
894 555 924 589 in
955 556 1076 601 magnis
1097 565 1126 589 et
1142 556 1196 590 mi-

452 604 603 640 rabilibus
632 618 724 652 supra
759 617 792 639 se
830 604 989 639 ambulare.
1028 613 1194 643 conantur,

452 655 535 689 illius
556 654 655 689 delusi
679 655 819 695 fallaciis,
841 654 894 700 qui
922 666 966 698 se,
989 662 1023 687 ut
1044 654 1120 688 alios
1141 654 1191 688 de-

450 704 560 751 cipiat,
601 704 630 738 in
672 704 750 739 lucis
793 703 939 749 angelum
977 703 1195 748 transfigurat,

451 754 654 801 sibimetipsis
677 754 797 788 ruinam
814 781 822 796 ,
850 752 1072 786 infirmioribus
1105 765 1197 786 scan-

450 803 568 843 dalum,
595 803 796 838 solidioribus
827 814 898 836 vero
927 801 1142 848 probationem
1165 809 1196 836 et

451 853 596 887 meritum
608 860 808 899 pepererunt,
823 864 878 898 pro
892 851 1009 885 viribus
1022 859 1197 896 satagentes

451 910 511 936 tam
541 902 687 948 praeclari
710 901 830 935 ordinis
858 902 1008 935 unitatem
1038 900 1196 955 scindere,

450 951 634 985 obnubilare
668 951 802 994 famam,
839 950 1022 996 perturbare
1044 950 1194 996 quietern.

499 1001 519 1047 ξ
542 1003 573 1034 5
597 999 725 1034 Dudum
748 999 905 1047 siquidem
932 999 1112 1034 huiusmodi
1141 1012 1195 1033 su-

454 1057 620 1095 perstitiosr
635 1057 664 1084 et
679 1050 790 1084 discoli
811 1049 967 1092 homines,
983 1049 1013 1082 in
1038 1049 1196 1094 provincia

431 1099 634 1134 Ριοιίιιει35
655 1099 805 1133 adversus
829 1098 1056 1133 communitate
1061 1112 1090 1132 ιιι
1113 1111 1197 1144 prae-

453 1148 504 1183 fati
532 1148 651 1183 ordinis
679 1149 765 1183 insui·
768 1157 890 1195 rentes,
905 1157 934 1182 et
956 1161 988 1182 se
1003 1147 1098 1187 solos,
1112 1160 1197 1182 suos-

449 1211 510 1243 que
533 1198 706 1244 complices
728 1199 766 1233 de
789 1198 986 1233 observantia
1009 1198 1136 1243 regulae
1160 1197 1195 1231 B.

451 1247 607 1282 Francisci
637 1248 714 1282 mira
739 1249 876 1282 vanitate
903 1248 1092 1286 iactanctes
1123 1247 1196 1280 reli—

450 1309 543 1344 quarn
566 1297 685 1332 ordinis
704 1297 948 1336 multitudinem
963 1297 1000 1330 de
1024 1305 1128 1343 transg
1125 1309 1192 1331 res-

450 1359 540 1381 stone
562 1347 697 1393 regulae,
727 1360 887 1394 perperam
912 1346 1090 1389 iudicando,
1108 1355 1197 1380 nota-

452 1396 533 1431 bant.
573 1396 749 1431 Nonnullos
784 1397 929 1443 profanae
963 1395 1196 1437 multitudinis,

452 1446 555 1481 verbis
577 1446 784 1481 mendacibus
817 1454 847 1480 et
875 1445 1021 1480 mentitae
1050 1446 1197 1480 sanctita-

451 1497 490 1530 tis
511 1496 653 1536 0btentu,
677 1496 706 1530 in
734 1496 780 1530 sui
813 1496 926 1530 erroris
948 1495 1074 1530 devium
1097 1495 1198 1529 addu-

451 1554 569 1581 centes.

499 1596 519 1642 ἓ
546 1599 577 1629 4.
601 1595 745 1636 Quorum
775 1595 915 1641 vipereos
942 1603 1048 1641 partus
1072 1595 1099 1628 in
1131 1595 1198 1641 ipso

451 1646 498 1680 sui
526 1652 637 1680 exortu
674 1644 772 1679 felicis
801 1644 1028 1679 rweeordationis
1049 1644 1198 1678 Nicolaus

426 1695 535 1741 Papa
557 1703 700 1740 quai',tus
730 1694 953 1740 praedecessor
979 1703 1098 1737 noster,
1115 1706 1152 1727 ne
1169 1694 1198 1727 in

452 1744 621 1779 multorum
641 1744 810 1790 perniciem
824 1744 992 1784 alerentur,
1009 1744 1047 1778 ad
1064 1743 1200 1778 veritatis

453 1802 571 1841 petram
585 1793 702 1829 elidere
721 1794 865 1841 cupiens,
885 1793 1021 1839 generali
1043 1794 1200 1837 ministr,0

452 1845 505 1891 qui
535 1852 610 1878 tunc
632 1844 787 1891 temporis
802 1852 974 1878 memorato
997 1843 1099 1879 ordini
1117 1856 1201 1890 prae-

453 1893 586 1938 sidebat,
610 1892 752 1928 districte
773 1893 994 1941 praecipiendo
1022 1893 1200 1937 mandavit,

453 1952 486 1978 ut
520 1943 700 1978 huiusmodi
750 1951 1004 1990 praesumptores
1036 1943 1201 1990 disciplina

453 1993 557 2028 debita
592 2001 762 2033 coerceret,
787 2002 878 2048 prout
912 2006 942 2027 ιιι
975 1993 1072 2028 literis
1103 1993 1203 2040 ipsius

456 2042 706 2091 praedecessoris
737 2043 831 2077 nostri
862 2042 984 2090 plenius
1012 2043 1199 2077 continetur

504 2093 524 2140 S
546 2096 578 2128 5.
602 2092 664 2128 Sed
684 2093 796 2127 horum
816 2093 1089 2139 pestilentissimas
1118 2093 1202 2126 novi-

456 2151 545 2184 tates,
567 2143 627 2178 hoc
650 2143 787 2177 remedio
809 2155 1004 2189 compressas
1026 2142 1122 2177 fuisse
1146 2156 1204 2188 po-

434 2194 518 2227 etius
560 2205 655 2240 quarn
702 2193 855 2227 extinctas
902 2192 1060 2226 redivivus
1115 2204 1203 2227 error

458 2243 618 2286 enunciat,
645 2250 675 2278 et
698 2242 795 2277 tristis
809 2242 1001 2289 experientia
1016 2242 1202 2276 manifestat.

458 2293 565 2340 Nuper
591 2292 675 2327 enim
692 2292 835 2326 nonnulli
853 2292 997 2326 factionis
1019 2292 1205 2339 superstites

459 2352 667 2383 memoratae,
695 2342 850 2376 adiunctis
877 2342 934 2376 sibi
963 2341 1205 2389 quampluribus

459 2392 497 2427 de
519 2392 600 2426 dicta
629 2391 786 2439 provincia
813 2391 1010 2435 Provinciae,
1033 2400 1060 2426 et
1086 2391 1205 2438 provin-

460 2442 505 2477 cia
532 2441 687 2476 Ttrusciae
703 2449 733 2475 et
754 2441 824 2476 aliis
842 2441 1037 2476 diversarum
1060 2441 1206 2475 fratribus

462 2491 633 2532 nationum,
666 2504 770 2526 coram
804 2492 871 2538 piae
903 2491 1072 2526 memoriae
1103 2490 1204 2525 Clem.

462 2541 545 2588 Papa
587 2541 624 2579 V,
659 2541 897 2587 praedecessore
925 2549 1042 2581 nostro,
1070 2540 1207 2575 diversas

463 2591 587 2637 regulae
625 2591 838 2638 quaestiones,
873 2591 1073 2638 diversasque
1100 2599 1207 2625 eontra

464 2641 697 2676 universitatem
745 2641 818 2675 dicti
860 2641 981 2675 ordinis
1015 2653 1208 2688 proposuere

1031 254 1108 275 noti
1113 254 1215 275 Attium
1241 253 1399 276 nonanta!

1237 308 1391 355 querelas,
1414 315 1443 341 et
1470 306 1558 354 quasi
1588 307 1646 353 ipsi
1670 306 1750 345 soli,
1778 307 1981 356 ipsorumque

1236 357 1420 404 complices,
1449 357 1483 390 ss
1513 355 1667 391 Francisci
1691 356 1830 400 regulam
1854 366 1883 392 et
1911 370 1983 405 per-

1236 407 1390 454 spicacius
1415 405 1624 451 intelligerent
1650 413 1680 439 et
1703 406 1861 440 efficacius
1887 408 1984 442 adinr-

1238 458 1376 503 pleient,
1416 463 1518 490 notarri
1561 456 1691 490 actionis
1730 456 1903 491 contrariae
1951 457 1981 491 in

1238 506 1466 540 universitatem
1497 505 1621 551 praefati
1651 504 1773 539 ordinis
1802 505 1898 552 impie
1925 506 1982 540 de—

1238 555 1437 602 torquebant.

1286 606 1305 648 ξ
1327 606 1358 638 6.
1382 604 1443 646 Qui
1471 604 1618 638 Clemens
1635 602 1857 650 praedecessor
1871 603 1981 638 huius-

1238 654 1322 688 modi
1358 653 1500 687 lromines
1534 653 1723 699 benignitate
1747 654 1856 698 magis,
1888 665 1981 700 quam

1238 703 1402 737 severitate
1424 711 1567 746 satagens
1588 703 1769 743 emendare,
1793 702 1917 737 illorum
1930 716 1982 750 pe-

1238 752 1361 786 stiferos
1375 760 1505 786 conatus
1528 752 1691 798 patientiae
1709 753 1818 787 ιίιῑι115
1834 752 1982 793 tolerans,

1239 801 1412 847 praedictas
1427 802 1626 847 quaestiones
1643 810 1738 849 atque
1757 803 1900 849 querelas
1919 802 2008 851 ρΙιι-

1239 850 1324 885 ribus
1352 850 1617 905 archiepiscopis
1643 853 1801 898 episcopis
1822 859 1852 885 et
1879 863 1984 886 sacrae

1240 900 1366 945 tlreologr
1349 913 1415 943 „rure
1456 900 1705 945 professoribus,
1743 910 1772 935 et
1805 902 1872 935 aliis
1907 902 1983 936 iuris

1239 950 1364 983 scientia
1384 949 1542 996 praeditis,
1558 949 1746 984 discretione
1768 950 1892 991 dotatis,
1915 964 1984 986 exa-

1240 999 1403 1033 minandas
1434 999 1601 1038 commisit,
1624 1007 1653 1032 et
1675 999 1711 1033 ad
1735 1012 1823 1033 suam
1851 1001 1985 1035 audien—

1239 1049 1311 1083 tiam
1353 1049 1564 1095 perferendas.
1597 1048 1722 1090 Quibus
1756 1049 1922 1093 diligenter
1955 1059 1983 1084 et

1238 1111 1309 1133 cum
1334 1099 1427 1132 multa
1452 1098 1630 1132 maturitate
1655 1099 1798 1144 peractis,
1821 1111 1913 1145 saepe
1929 1111 1986 1133 no—

1241 1148 1377 1182 minatus
1406 1147 1506 1181 Clem.
1541 1147 1763 1193 praedecessor
1790 1148 1827 1182 de
1861 1148 1986 1183 veritate

1239 1198 1352 1231 certior
1375 1198 1485 1240 factus,
1510 1197 1675 1243 praefatam
1702 1197 1882 1243 religionem
1908 1210 1988 1232 san—

1239 1255 1333 1291 ctam,
1369 1256 1397 1281 et
1430 1252 1476 1289 (ut
1513 1247 1581 1281 eius
1612 1255 1737 1281 utamur
1770 1247 1987 1289 sermonibus)

1240 1298 1339 1332 muris
1364 1296 1580 1331 observantiae
1603 1296 1757 1342 regularis
1780 1297 1910 1331 firmiter
1934 1309 1988 1331 un-

1239 1347 1333 1394 dique
1349 1346 1479 1381 asseruit
1502 1346 1757 1387 circumclusam,
1772 1354 1802 1380 et
1820 1347 1987 1392 quaedam,

1239 1410 1319 1443 quac
1346 1397 1427 1431 circa
1452 1396 1590 1441 regulam
1625 1396 1757 1430 dubium
1787 1408 1917 1430 sensum
1941 1397 1989 1431 af-

1241 1448 1319 1481 ferre
1343 1454 1497 1493 poterant,
1521 1445 1703 1479 declaravit:
1733 1445 1874 1480 districte
1904 1459 1988 1492 piae-

1240 1496 1386 1543 eipiendo
1421 1495 1596 1535 ιιιιιιιιΙιιιι5,
1633 1503 1664 1529 ut
1691 1495 1763 1529 dicti
1794 1496 1912 1534 siwarres,
1935 1497 1987 1543 qui

1240 1554 1346 1580 contri
1383 1544 1551 1592 pre'atlatanl
1580 1546 1837 1580 communitatem
1867 1545 1989 1580 ordinis

1241 1594 1422 1629 huiusmodi
1451 1595 1651 1640 quaestiones
1675 1603 1836 1629 moverant
1857 1603 1886 1629 et
1908 1607 1990 1641 que-

1243 1646 1334 1687 relas,
1360 1645 1396 1679 ad
1421 1653 1610 1685 conventus,
1638 1644 1721 1678 unde
1755 1645 1990 1688 discesserant,

1243 1703 1482 1737 reverterentur,
1498 1702 1525 1728 et
1549 1694 1614 1728 suis
1636 1694 1853 1740 superioribus
1880 1694 1990 1728 obedi-

1242 1753 1311 1779 rent
1344 1744 1505 1779 humiliter
1531 1752 1560 1778 ct
1595 1745 1727 1783 devote,
1758 1744 1868 1779 harum
1892 1756 1991 1791 quae-

1243 1794 1380 1829 stionum
1417 1803 1446 1828 et
1474 1794 1670 1840 querelarum
1696 1802 1855 1841 praetextu
1879 1794 1915 1828 ad
1946 1806 1991 1828 ro-

1244 1856 1367 1878 manam
1391 1843 1510 1879 curiam
1534 1843 1573 1878 de
1592 1851 1714 1878 caetero
1737 1844 1866 1879 minime
1888 1856 1991 1879 rever—

1243 1894 1321 1929 suri.

1292 1944 1312 1991 S
1341 1948 1371 1977 7.
1391 1943 1429 1977 Et
1457 1950 1488 1977 ut
1512 1942 1611 1989 ipsius
1633 1943 1767 1977 salubris
1783 1943 1940 1977 ordinatio
1953 1943 1991 1978 ad

1244 2001 1384 2041 optatum
1399 1993 1567 2027 duceretur
1583 1992 1739 2035 effectum,
1765 1993 1992 2027 venerabilibus

1245 2042 1393 2077 fratribus
1428 2043 1542 2077 nostris
1578 2042 1818 2097 arclritpiscopo
1849 2043 1992 2077 lanuensi

1244 2102 1274 2128 et
1301 2093 1436 2127 Lucensi
1471 2105 1508 2127 ac
1537 2092 1712 2126 Bononien
1748 2093 1906 2147 episeopis
1940 2105 2017 2139 per

1246 2155 1318 2177 suas
1345 2143 1451 2177 literas
1478 2141 1688 2185 demandavit,
1718 2150 1750 2176 ut
1770 2155 1840 2189 tpst,
1855 2143 1900 2177 iel
1918 2143 1995 2177 alter

1246 2206 1354 2227 eorum
1380 2204 1434 2240 per
1463 2204 1551 2231 sese,
1578 2203 1632 2226 seu
1667 2192 1782 2232 ιιΙίιιιιι,
1819 2192 1866 2226 vel
1894 2191 1994 2236 alios,

1247 2243 1358 2277 fratres
1395 2242 1463 2276 illos
1491 2241 1530 2276 de
1559 2241 1718 2287 provincia
1746 2241 1913 2282 Tlrusciae,
1941 2243 1993 2288 qui

1247 2293 1411 2327 occasione
1440 2292 1592 2337 praefatae
1612 2291 1814 2326 dissentionis
1830 2300 1860 2326 et
1876 2291 1994 2326 adbae—

1249 2342 1423 2382 rentiae,ad
1442 2341 1543 2375 illicita
1560 2341 1670 2375 laxatis
1686 2341 1827 2384 habenis,
1841 2341 1993 2388 quaedam

1249 2392 1312 2425 loca
1341 2392 1415 2426 dieti
1445 2391 1564 2426 ordinis
1592 2391 1621 2424 in
1651 2391 1809 2437 provincia
1837 2391 1994 2426 Tlrusciae

1248 2442 1415 2476 constituta
1449 2448 1691 2487 occupaverant,
1714 2448 1744 2474 et
1767 2448 1918 2487 occupata
1943 2448 1994 2474 te-

1250 2491 1389 2525 meritate
1412 2491 1581 2525 damnabili
1610 2490 1802 2531 detinebant,
1830 2490 1895 2524 suis
1921 2490 1996 2525 alias

1249 2541 1376 2576 obedire
1393 2541 1607 2588 superioribus
1629 2548 1840 2587 aspernantes,
1860 2539 1997 2595 compel-

1250 2590 1277 2624 Ιι
1271 2599 1362 2635 rent,
1386 2600 1417 2625 ut
1439 2591 1557 2625 eisdem
1578 2590 1665 2634 iocis,
1682 2603 1735 2637 per
1757 2602 1810 2625 eos
1823 2590 1996 2645 oetrrpatis,

1250 2641 1378 2675 omnino
1400 2641 1550 2682 dimissis,
1578 2640 1615 2675 ad
1644 2652 1771 2675 suorum
1795 2640 1994 2687 superiorum

1997 254 2046 281 An.
2068 254 2097 281 C.
2111 253 2177 279 {5¹8

1998 614 2182 636 Hiuerodei’on-

1997 646 2058 666 urreis
2095 648 2181 668 manda-

1998 680 2018 697 to
2050 679 2181 702 exanimatis,

1998 709 2045 729 iilos
2061 710 2103 730 suis
2117 715 2182 736 supe-

1998 741 2088 761 rioribus
2115 741 2181 762 veluit

1999 771 2092 793 obedire.
2110 772 2183 792 tinem-

1999 808 2037 828 que
2049 803 2140 829 querelis
2149 802 2183 823 se<

2020 1949 2176 1976 Nonnuttnsque

2008 1981 2120 2006 dcli-gavit,
2156 1986 2190 2006 qur

2008 2018 2045 2032 eos
2055 2013 2078 2032 ad
2091 2012 2191 2032 obedien-

2009 2044 2053 2063 iiurn
2074 2042 2191 2068 superiori-

2008 2075 2045 2094 hus
2075 2073 2191 2099 compelie-
