2274 3265
180 271 231 297 An.
248 269 275 296 C.
294 271 360 297 ¹273

211 503 326 523 Exordium.

186 1196 261 1216 Civitas
281 1195 354 1215 Pie-nu

173 1233 184 1246 a
202 1226 307 1246 Clemente
328 1223 353 1244 lV

174 1258 246 1284 quibus
261 1257 285 1276 de
304 1262 353 1275 euu-

173 1290 201 1308 sis
213 1288 355 1313 metuerim-o-

172 1318 212 1345 pali
253 1318 352 1343 dignit-te

172 1352 257 1376 privutu⁴

192 2327 272 2348 Ρὶηηὶι
291 2329 359 2354 {tuque

179 2358 359 2385 :enipi-connum,

427 258 470 289 18

419 326 562 362 Gregorius
581 326 720 360 episcopus
739 331 832 353 servus
854 330 992 353 servorum
1015 323 1072 356 Dei,

507 375 540 402 ad
566 374 726 410 perpetuam
753 373 793 401 rei
818 373 987 401 memoriam.

421 447 509 482 Sicut
538 446 641 492 magni
667 445 806 480 beneficii
829 445 977 478 indicium
998 453 1058 487 est,
1078 444 1121 477 in-

373 497 555 532 devotorum
596 495 776 530 excessibus
828 494 1023 528 medicinalis
1067 494 1120 527 ul-

372 547 465 581 tionis
483 545 656 580 antidotum
679 545 781 580 obiter
802 543 962 584 adhibere,
981 552 1014 577 ut
1041 554 1120 589 quos

371 608 386 630 a
411 596 510 630 filialis
538 595 712 630 devotionis
734 594 838 628 debito
864 593 953 640 culpa
978 592 1118 638 propriae

372 649 557 684 temeritatis
594 648 713 692 avertit,
741 647 776 681 ad
817 647 916 693 ipsius
948 645 1119 680 observan-

372 703 444 737 tiam
471 702 673 748 congruentis
694 701 801 735 saltem
824 700 997 734 severitatis
1023 699 1119 733 disci-

372 757 455 804 plina
478 763 646 795 convertat;
669 755 715 789 sic
743 762 898 789 maternae
921 753 1043 800 pietatis
1073 760 1120 787 est

372 810 528 851 debitum,
563 811 608 854 iis,
637 810 688 857 qui
717 817 784 856 post
823 807 1031 843 indevotionis
1067 806 1118 841 la-

372 878 462 911 psum
485 874 515 899 et
536 864 762 912 persecutionis
783 875 946 898 excessum
976 861 1118 896 fortiores

373 921 401 952 in
426 918 617 965 obsequendi
641 918 813 965 proposito,
836 926 865 951 et
887 916 1118 951 continuandae

371 974 572 1020 imposterum
593 972 766 1006 devotionis
794 970 985 1005 exhibitione
1013 982 1118 1004 resur-

369 1035 456 1072 gunt,
479 1039 535 1061 nee
560 1026 681 1073 pietatis
707 1026 811 1060 sinum
832 1023 1043 1071 praecludere,
1060 1036 1118 1059 nec

370 1081 578 1115 miserationis
601 1079 693 1114 ubera
717 1078 882 1125 denegare.

416 1138 431 1177 ξ
455 1137 485 1168 ’1.
513 1133 594 1168 Sane
617 1133 737 1168 dudum
762 1133 860 1167 felicis
892 1132 1118 1167 recordationis

369 1187 515 1222 Clemens
537 1187 617 1234 Papa
642 1187 863 1234 praedecessor
885 1194 990 1221 noster
1009 1186 1118 1222 Eccle-

369 1242 443 1275 siam
470 1249 501 1276 et
533 1242 686 1275 civitatem
721 1240 883 1281 pisanam,
920 1240 1118 1286 exigentibus

369 1295 469 1342 culpis
504 1304 534 1331 et
572 1295 739 1343 pertinacia
778 1295 949 1330 incolarum
985 1295 1118 1329 civitatis

370 1350 478 1396 ipsius,
505 1350 558 1397 qui
590 1358 696 1384 contra
725 1349 924 1388 monitiones,
957 1348 1118 1382 inhibitio-

367 1416 423 1438 nes
444 1413 474 1438 et
492 1404 751 1439 comminationes
771 1403 1020 1450 praedecessoris
1037 1402 1118 1437 eius-

367 1459 437 1493 dem
473 1458 592 1493 dudum
627 1458 825 1502 Conradino,
853 1457 1012 1505 quondam
1041 1456 1118 1491 Fri-

367 1513 459 1547 ‹lerici
499 1513 572 1547 olim
614 1512 745 1547 Romani
782 1511 977 1559 imperatoris
1000 1511 1118 1557 nepoti,

369 1567 567 1613 pertinaciter
589 1565 786 1600 adhaerendo
810 1565 1030 1613 praestiterunt
1054 1577 1118 1600 au-

368 1620 490 1664 xilium,
512 1620 676 1655 consilium
704 1628 734 1654 et
761 1619 915 1664 savorem,
942 1619 1118 1654 Romanam

369 1674 540 1709 Ecclesiam
564 1683 593 1708 et
611 1674 740 1709 devotos
767 1674 866 1721 ipsius
885 1686 946 1709 una
975 1686 1046 1708 cum
1067 1674 1119 1708 illo

368 1737 397 1762 et
438 1729 506 1763 eius
551 1728 725 1763 fautoribus
767 1728 912 1769 gravibus
957 1728 1120 1763 afficiendo

371 1783 533 1826 molestiis,
552 1791 581 1816 et
598 1782 737 1817 molestis
764 1782 886 1816 iniuriis
909 1781 1119 1828 aggravando,

370 1845 399 1870 et
421 1837 638 1871 charissimum
660 1838 689 1871 in
710 1836 836 1871 Christo
856 1836 952 1871 filium
978 1844 1118 1871 nostrum

371 1890 517 1925 Carolum
545 1891 670 1926 Siciliae
693 1903 796 1938 regem
826 1891 989 1931 illustrem,
1022 1891 1121 1937 primo

373 1945 554 1990 paciarium,
572 1954 602 1979 et
620 1953 726 1992 postea
750 1945 897 1979 vicarium
923 1945 1041 1991 imperii
1067 1957 1122 1991 per

372 1998 512 2032 eamdem
540 1998 711 2033 Ecclesiam
735 1999 765 2032 in
793 1998 939 2033 Tusciam
975 1998 1122 2033 destina-

371 2061 449 2090 tum,
479 2065 539 2087 non
568 2053 668 2087 solum
698 2061 918 2087 recusaverunt
944 2052 1121 2096 admittere,

373 2118 478 2140 reruni
510 2106 602 2141 etiam
630 2118 662 2141 se
692 2105 734 2139 illi
763 2115 1037 2152 praesumpserunt
1065 2119 1123 2153 op-

374 2172 501 2207 ponere,
519 2172 555 2195 ac
574 2161 676 2208 ipsum
697 2160 910 2206 multipliciter
927 2161 1122 2207 impugnare,

374 2215 648 2262 archiepiscopalis
671 2214 829 2260 dignitatis
844 2214 962 2249 honore
983 2216 1121 2261 privavit.

423 2269 442 2316 S
475 2273 507 2303 Ξ.
538 2269 653 2303 'terum
687 2269 782 2303 iidem
818 2269 951 2309 incolae,
980 2278 1123 2316 tangente

375 2323 511 2358 Domino
533 2336 587 2358 eor
614 2324 765 2371 ipsorum,
793 2332 861 2370 post
889 2332 1042 2359 tantorum
1070 2337 1125 2358 ex-

376 2391 521 2413 cessuum
568 2378 691 2425 culpam
737 2390 867 2423 magnae
901 2377 1125 2413 bumiliationis

378 2434 614 2478 praeier'sdentes
634 2433 759 2472 indicia,
778 2431 918 2467 eiusdem
939 2432 1044 2468 Matris
1065 2433 1125 2467 Ec-

377 2486 489 2521 clesiae
513 2487 754 2522 misericordiam
791 2487 969 2521 continuata
1007 2486 1126 2521 diutius

379 2541 522 2575 instantia
547 2541 753 2588 implorarunt
776 2540 949 2575 devotionis
976 2541 1013 2575 ad
1040 2553 1126 2575 eam-

380 2595 450 2630 dem
488 2595 659 2630 Ecclesiam
684 2595 924 2630 irrevocabiliter
949 2594 1126 2630 observan-

380 2647 450 2691 dae,
478 2649 688 2697 supplicantes
718 2649 941 2692 oblationibus,
964 2658 994 2685 et
1016 2649 1127 2684 oblatis

949 262 1136 286 nnLLAtth
1159 260 1320 284 nonnum

1162 318 1271 352 devote
1294 312 1577 362 supplicationibus
1598 312 1790 353 insistentes,
1814 321 1846 347 ut
1868 312 1905 346 ad

1163 371 1266 405 sinum
1296 368 1439 404 eiusdem
1468 366 1574 401 Matris
1601 365 1773 406 Ecclesiae,
1800 378 1816 402 a
1843 378 1905 414 quo

1164 424 1220 471 ipsi
1244 435 1311 467 sua,
1333 433 1426 469 quam
1451 419 1908 466 recognoscebanthumiliter,

1163 477 1364 525 perversitate
1398 482 1613 515 recesserant,
1654 473 1716 508 sola
1752 473 1907 509 miseratio

1162 540 1298 566 materna
1334 529 1508 573 reduceret,
1534 537 1565 563 et
1586 528 1668 563 circa
1697 527 1777 562 filios
1799 528 1909 575 poeni-

1161 593 1261 620 tentes
1277 583 1505 631 superexaltata
1522 583 1636 618 iudicio
1654 582 1831 629 benignitas
1841 582 1909 629 piae

1162 639 1269 674 matris
1288 638 1450 673 Ecclesiae
1477 637 1609 673 pisanae
1631 649 1667 672 ac
1689 637 1805 672 civitati
1820 648 1911 684 prae-

1160 694 1252 728 dietis
1274 693 1313 727 de
1337 692 1532 727 restitutione
1555 691 1714 739 dignitatis
1725 690 1910 739 metropoli-

1161 749 1241 782 ticae
1270 746 1514 781 misericorditer
1537 746 1724 794 provideret.

1209 806 1224 845 ξ
1266 804 1298 835 5.
1325 800 1390 835 Nos
1412 801 1528 848 itaque,
1557 813 1642 836 more
1672 801 1712 848 pii
1733 800 1829 848 patris
1855 800 1910 835 of—

1922 257 1972 284 Αη.
1991 256 2021 284 C.
2035 256 2104 284 ¹273

1937 802 1960 822 Et
1981 808 1991 822 n
2012 803 2107 823 censui-l:

1882 854 1888 860 ,
1924 834 2006 858 solutis,
2028 834 2107 854 civitati

1161 856 1318 891 sensarum
1357 856 1570 897 immemores,
1601 854 1652 889 ubi
1676 854 1714 889 ad
1743 854 1773 889 id
1796 866 1910 901 poent—

1161 911 1274 946 tentiae
1313 910 1410 957 signis
1448 909 1695 957 congruentibus
1730 909 1910 954 invitamur,

1160 965 1373 1001 desiderantes
1388 964 1543 1000 civitatem
1565 963 1753 1012 praedictam
1770 963 1801 998 in
1817 963 1911 998 obla-

1161 1029 1208 1056 tae
1222 1020 1260 1055 ad
1277 1019 1419 1055 eamdem
1443 1019 1617 1054 Ecclesiam
1641 1018 1817 1053 devotionis
1839 1030 1911 1065 pro-

1162 1075 1277 1122 posito,
1300 1075 1415 1109 multae
1432 1073 1636 1121 benignitatis
1653 1072 1844 1108 exhibitione
1858 1072 1911 1107 fir-

1161 1141 1257 1173 mare,
1297 1129 1435 1164 sindicos
1468 1136 1500 1163 et
1528 1135 1747 1175 procuratores
1781 1126 1911 1162 civitatis

1162 1184 1259 1231 ipsius
1275 1182 1313 1218 ad
1328 1182 1472 1218 mandata
1486 1182 1677 1230 recepimus,
1700 1189 1730 1216 et
1743 1180 1856 1216 civitati
1875 1192 1912 1215 ac

1162 1238 1274 1273 incolis
1297 1236 1477 1273 memoratis
1504 1237 1584 1271 eirca
1612 1234 1912 1271 excommunicatio-

1161 1292 1209 1327 nis
1225 1300 1255 1327 et
1280 1292 1436 1327 interdicti
1455 1291 1627 1326 sententias
1643 1290 1810 1325 occasione
1826 1294 1913 1336 prae-

1162 1346 1329 1381 missorum
1354 1347 1430 1381 latas
1459 1347 1489 1380 in
1520 1346 1615 1392 ipsos
1643 1345 1682 1379 de
1704 1343 1913 1378 absolutionis

1161 1409 1190 1434 et
1204 1400 1402 1435 relaxationis
1417 1399 1571 1434 beneficio
1588 1398 1722 1433 fecimus
1738 1397 1909 1446 provideri:

1161 1463 1191 1489 et
1217 1464 1250 1490 ut
1272 1467 1310 1490 eo
1333 1454 1458 1502 plenius
1479 1453 1555 1488 Sedi
1583 1452 1785 1500 Apostolicae
1800 1452 1909 1486 since-

1163 1520 1213 1543 rae
1241 1508 1415 1543 ass'ectionis
1438 1507 1574 1542 vinculis
1603 1507 1825 1553 astringantur,
1847 1517 1911 1554 quo

1162 1575 1234 1609 erga
1257 1575 1291 1598 se
1314 1562 1411 1610 ipsius
1429 1561 1680 1597 benevolentiam
1697 1561 1726 1595 in
1750 1560 1914 1596 remissio-

1164 1618 1211 1652 nis
1233 1615 1481 1665 promptitudine
1503 1615 1658 1650 senserint
1676 1616 1914 1662 promptiorem,

1163 1672 1200 1706 de
1224 1671 1352 1707 fratrum
1376 1678 1554 1706 nostrorum
1572 1668 1716 1713 consilio,
1735 1668 1911 1704 Ecclesiam

1164 1726 1308 1762 Pisauam
1321 1721 1523 1761 restituentes
1540 1725 1571 1759 in
1594 1724 1764 1771 integrum,
1781 1723 1837 1770 ipsi
1856 1722 1913 1758 Ec-

1164 1781 1287 1826 clesiae,
1310 1793 1368 1816 nec
1390 1793 1452 1816 non
1476 1788 1506 1815 et
1528 1779 1641 1814 civitati
1667 1777 1842 1826 praedictae
1865 1790 1915 1812 ar-

1164 1835 1430 1883 chiepiscopalem
1453 1834 1636 1881 dignitatem
1665 1845 1738 1868 curn
1767 1831 1915 1868 omnibus

1165 1889 1283 1924 iuribus
1302 1890 1380 1930 suis,
1404 1887 1665 1927 immunitatibus,
1694 1886 1864 1934 privilegiis
1885 1892 1916 1920 et

1164 1944 1419 1991 quibuscumque
1446 1942 1620 1977 honoribus
1645 1954 1662 1977 a
1685 1940 1768 1976 Sede
1784 1941 1918 1987 Aposto-

1165 1998 1222 2032 lica
1250 1997 1409 2033 Ecclesiae
1431 1996 1591 2032 concessis
1612 1995 1728 2040 eidem,
1749 2003 1842 2042 prout
1863 2006 1915 2029 ea-

1165 2051 1236 2086 dem
1263 2059 1405 2099 tempore
1427 2050 1612 2099 privationis
1635 2049 1818 2085 huiusmodi
1838 2048 1917 2085 obti-

1166 2106 1270 2150 nebat,
1292 2106 1330 2141 de
1352 2106 1449 2153 gratia
1472 2106 1669 2141 restituimus
1695 2104 1833 2152 speciali.

1214 2160 1234 2208 S
1261 2162 1294 2195 4.
1322 2160 1405 2196 Nulli
1433 2173 1508 2207 ergo
1536 2160 1665 2196 omnino
1688 2158 1852 2194 homiuum
1876 2157 1916 2192 li-

1165 2223 1233 2248 ceat
1271 2215 1352 2250 lianc
1384 2215 1527 2263 paginam
1557 2223 1680 2249 nostrae
1708 2212 1917 2248 restitutionis

1167 2268 1348 2316 infringere,
1365 2270 1410 2305 vel
1426 2271 1453 2305 ei
1474 2282 1550 2305 ausu
1571 2268 1737 2305 temerario
1751 2267 1916 2309 contraire3

1166 2322 1190 2356 si
1213 2323 1285 2370 quis
1311 2332 1413 2359 autem
1442 2314 1503 2360 ho'c
1524 2331 1675 2359 attentare
1692 2333 1917 2371 praesumpse-

1168 2377 1216 2418 rit,
1258 2378 1504 2425 indignationem
1539 2378 1765 2426 omnipotentis
1791 2377 1848 2412 Dei
1882 2389 1917 2413 ac

1168 2431 1327 2468 beatorum
1346 2433 1431 2469 Petri
1455 2444 1485 2470 et
1507 2434 1596 2469 Pauli
1612 2432 1825 2481 apostolorum
1849 2432 1917 2467 eius

1167 2498 1200 2520 se
1223 2497 1344 2522 noverit
1363 2501 1575 2524 incursurum.

1218 2541 1330 2576 Datum
1353 2542 1531 2578 Florentiae
1553 2542 1743 2578 duodecimo
1770 2540 1918 2576 kalendas

1169 2594 1248 2639 iulii,
1271 2597 1470 2642 pontificatus
1493 2599 1589 2633 nostri
1610 2609 1692 2632 anno
1714 2595 1867 2632 secundo.

1222 2658 1281 2689 ltat.
1298 2659 1344 2690 die
1364 2659 1401 2691 20
1418 2660 1492 2691 iunii
1514 2660 1598 2699 1273,
1617 2658 1718 2701 pontis.
1741 2668 1816 2689 auno
1834 2667 1864 2689 11.

1924 867 1945 884 et
1955 864 2063 885 Ecclesiae
2074 870 2108 885 oa-

1924 897 1970 916 dem
2018 897 2108 922 dignita·

1924 928 2049 948 restituitur.

1944 2165 2054 2187 Ctnueutao
2089 2165 2115 2185 ud

1931 2197 2048 2217 firmitatem
2065 2201 2115 2217 eon-

1931 2229 2053 2249 stitutiontn.
