2274 3265
111 263 160 289 An.
176 264 203 288 C.
227 262 292 288 11105

142 1143 260 1164 Exordium.

124 1486 216 1513 Supplex
251 1485 283 1506 tra

111 1522 164 1538 trum
190 1520 210 1537 et
234 1523 297 1536 soro-

112 1554 157 1568 rum
174 1548 255 1573 petitio.

904 262 1116 284 lNNOCEN’t‘tt‘s

347 316 549 346 Ecclesiarutu
580 316 728 355 praelatis,
750 317 883 355 ipsisque
907 316 1060 346 Ecclesiis.

347 378 386 383 —
408 360 450 389 XI.
475 360 513 390 De
537 361 667 390 ieiuniis.
698 377 736 382 —
764 359 817 389 Xll.
849 360 887 389 De
915 359 990 390 cibo.
1022 376 1061 381 --

348 405 418 434 XIII.
442 405 479 434 De
503 405 702 435 discursibus.
735 422 773 426 —
805 404 874 433 XIV.
904 404 942 433 Do
969 404 1060 433 arinis

349 460 404 480 non
431 450 570 479 serendis.
589 467 627 471 —
649 449 704 479 XV.
724 449 761 478 Ite
782 449 907 478 infirmis
935 449 1059 477 visitan-

348 495 402 523 dis.
421 511 459 516 -
487 494 554 523 XVI.
577 493 615 523 De
644 493 793 531 suffragiis
818 493 939 522 fratrum
959 497 987 522 et
1009 502 1059 522 so—

349 549 448 568 rorum
469 539 686 568 defunctorum.
714 555 753 560 —
778 537 860 567 XVII.
883 537 921 567 De
941 537 1061 567 institu-

348 584 426 613 tione
457 584 565 622 prioris
593 587 621 613 et
643 583 811 621 priorissae.
834 599 872 604 ——
900 581 994 610 XVIII.
1023 581 1061 610 De

348 629 444 658 officio
478 628 585 665 prioris
608 633 636 658 et
663 628 833 666 priorissae.
864 643 901 647 —
928 625 994 655 XIX.
1023 625 1061 654 De

348 671 532 702 correctione
570 672 693 701 t'ratrum
727 675 814 710 atque
846 679 992 700 sororum.
1025 686 1062 691 —-

348 715 403 745 XX.
422 715 461 744 De
480 716 651 745 eorumdem
675 715 868 754 dependentia
893 725 907 743 a
931 714 1062 752 generali

349 760 500 799 magistro,
523 764 549 789 et
569 759 718 798 prioribus
739 758 970 798 provincialibus
1000 758 1061 787 t'ra-

348 810 423 834 trum
451 803 705 833 Praedicatorum.
738 820 774 825 —
805 803 871 832 XXI.
894 803 932 832 De
958 803 1063 832 (landis

348 846 634 886 dispensationibus.
659 865 698 870 —-
721 847 799 877 XXII.
822 847 861 877 De
884 847 1062 885 obligatione

349 893 439 923 liuius
458 892 588 930 regulae.
610 909 649 914 —-
671 893 697 921 3.
721 892 887 922 Clausulae.

331 967 506 996 Innocentius
533 967 678 1002 opiscopus
706 973 801 995 servus
826 974 966 996 servorum
982 967 1040 1001 Dei,

463 1016 497 1044 ad
522 1015 649 1044 futuram
674 1015 715 1043 rei
747 1015 916 1044 memoriam.

359 1087 453 1122 Sedis
476 1086 676 1133 Apostolicae
705 1086 900 1133 providentia
923 1088 1062 1122 circum-

310 1146 428 1184 specta,
453 1149 603 1183 personas
627 1136 760 1181 regulari
777 1136 995 1171 observantiae
1016 1150 1063 1171 va-

310 1194 418 1220 cantes
442 1186 582 1224 assidue,
604 1185 710 1220 studio
734 1186 802 1232 piae
826 1187 906 1220 vitae
926 1186 1062 1232 benigno

311 1236 414 1270 favore
438 1235 654 1282 prosequitur,
672 1243 701 1269 et
723 1247 758 1269 ea
781 1248 862 1281 quae
883 1248 939 1281 pro
954 1248 1061 1269 earum

310 1293 391 1319 statu
407 1284 576 1319 salubriter
592 1284 757 1330 dirigendo
775 1284 903 1330 provide
919 1284 1061 1319 ordinata

311 1343 396 1378 sunt,
416 1341 448 1368 ut
472 1334 588 1368 illibata
605 1333 785 1379 persistant,
798 1333 973 1380 apostolico
990 1346 1064 1368 con-

313 1384 414 1418 suevit
437 1383 612 1417 munimine
636 1381 795 1416 roborare.

362 1438 377 1475 ᾗ
402 1435 432 1466 vt.
455 1432 539 1467 Sane
563 1431 670 1479 petitio
695 1443 750 1477 pro
774 1439 860 1478 parte
873 1431 1061 1466 dilectorum

286 1497 297 1500 ·
312 1482 448 1516 tillorum
473 1481 601 1515 fratrum
621 1488 651 1515 et
673 1480 860 1515 dilectarum
885 1481 914 1515 in
935 1480 1063 1515 Christo

312 1531 448 1566 filiarum
476 1542 620 1565 sorouum
644 1529 773 1564 Ordinis
790 1530 1062 1571 Praedicatorum,

310 1581 364 1628 qui
389 1580 517 1628 quidem
552 1580 663 1614 fratres
685 1588 715 1614 et
737 1591 863 1614 sorores
885 1580 923 1615 de
948 1579 1064 1614 Poeni-

311 1630 405 1665 tentia
421 1629 529 1664 Sancti
543 1629 702 1664 Dominici
721 1638 958 1685 nuncupantur,
975 1629 1064 1663 nobis

311 1691 414 1726 nuper
429 1678 568 1714 exhibita
584 1679 768 1714 continebat
781 1679 890 1726 quod
885 1679 941 1726 ipsi
956 1691 1065 1726 quam-

310 1729 381 1764 dam
406 1728 562 1785 regulam,
585 1729 649 1763 sive
680 1728 826 1775 religiose
859 1728 1064 1763 vivendisor—

311 1791 407 1819 mam,
427 1779 458 1813 in
482 1790 542 1825 qua
567 1778 718 1813 nonnulla
749 1779 880 1813 lionesta
908 1786 939 1814 et
968 1778 1065 1813 ratio-

312 1828 428 1864 nabilia
450 1840 485 1863 ac
502 1828 637 1874 regulari
655 1828 841 1876 disciplinae
858 1830 1063 1875 congruentia

311 1885 424 1913 statuta
448 1885 478 1912 et
507 1878 649 1913 ordinata
685 1878 750 1912 fore
773 1886 962 1922 noscuntur,
990 1878 1065 1913 liac-

313 1937 404 1962 tenus
453 1927 652 1963 laudabiliter
695 1928 902 1963 observarunt
924 1956 933 1972 ,
972 1937 1063 1975 prout

312 1977 489 2012 observant.
514 1977 674 2024 Quodque
697 1978 769 2013 licet
789 1977 889 2022 Ordo,
910 1978 1019 2012 fratres
1036 1986 1066 2012 et

312 2039 436 2061 sorores
453 2026 633 2062 huiusmodi
659 2028 752 2062 variis
775 2040 830 2074 per
844 2027 961 2062 Sedem
977 2026 1066 2075 Apo-

312 2077 455 2112 stolicam
484 2076 546 2111 sint
586 2077 758 2124 privilegiis
789 2077 990 2116 communiti,
1019 2086 1066 2110 ta-

313 2139 384 2161 men
409 2139 464 2172 pro
486 2126 626 2161 solidiori
656 2139 764 2161 corum
794 2126 1014 2170 subsistentia,
1036 2136 1065 2162 et

314 2184 358 2215 ut,
382 2175 548 2210 clementia
578 2176 732 2210 Altissimi
756 2185 919 2222 operante,
947 2176 985 2210 de
1010 2177 1067 2210 vir-

315 2234 380 2260 tute
415 2226 445 2258 in
470 2225 617 2260 virtutem
647 2226 843 2271 gradientes,
871 2226 1065 2260 devotiorem

317 2275 446 2310 reddere
475 2275 596 2309 valeant
630 2275 767 2309 Domino
791 2275 988 2318 famulatum,
1012 2275 1067 2309 dc-

315 2325 453 2359 siderant
482 2325 664 2359 huiusmodi
693 2324 834 2370 regulam
854 2325 918 2359 sive
943 2324 1065 2358 vivendi

315 2374 447 2409 formam
485 2387 540 2420 per
570 2373 686 2409 Sedem
715 2374 857 2408 eamdem
886 2373 1065 2421 approbari.

314 2424 430 2466 Quare,
462 2437 517 2471 pro
546 2432 631 2470 parte
654 2423 782 2458 fratrum
803 2431 833 2458 et
855 2436 998 2458 sororum
1019 2436 1069 2457 eo-

316 2480 460 2514 rumdem
499 2479 589 2513 uobis
618 2478 676 2513 fuit
706 2478 869 2512 humiliter
903 2478 1066 2525 supplica—

316 2543 381 2568 tum
400 2542 432 2568 ut
454 2534 578 2580 regulae
598 2545 652 2567 seu
675 2533 794 2567 vivendi
819 2533 935 2567 formae
954 2533 1066 2568 liuius-

315 2587 400 2623 modi
417 2589 514 2623 robur
526 2587 718 2634 apostolicae
731 2587 980 2622 confirmationis
993 2587 1068 2622 adii-

315 2654 404 2684 cere,
428 2641 592 2689 illamque,
616 2653 672 2689 per
693 2641 794 2676 dictos
823 2640 932 2676 fratres
954 2648 984 2676 et
1007 2653 1067 2676 so-

1736 253 1803 283 4557

1105 329 1189 350 rores
1206 325 1387 362 praesentes
1404 325 1433 351 et
1451 325 1605 364 posteros,
1619 317 1647 351 iu
1665 325 1851 363 perpetuum

1102 365 1260 400 observari
1299 366 1446 401 mandare
1483 366 1521 401 (le
1547 366 1740 413 benignitate
1774 379 1852 414 apo-

1103 414 1212 449 stolica
1236 415 1450 461 dignaremur.

1151 466 1172 509 ξ
1193 468 1225 498 2.
1250 464 1314 499 Nos
1337 465 1444 511 igitur,
1465 465 1532 511 qui,
1554 477 1651 511 super
1670 466 1854 511 praemissis

1103 513 1252 548 omnibus
1285 523 1314 548 et
1350 515 1498 560 siugulis
1537 513 1725 549 venerabilis
1754 515 1854 549 ΐνυῑιί5

1105 562 1200 597 nostri
1237 562 1349 609 Angeli
1387 563 1527 610 episcopi
1570 563 1748 598 Hostiensis
1783 565 1854 607 (cui

1104 612 1368 647 examinationem
1410 612 1594 647 eorumdem
1637 613 1855 648 commisimus

1105 674 1160 709 per
1196 661 1299 708 ipsum
1336 661 1522 705 faciendam,
1545 671 1575 696 et
1598 661 1681 707 quod
1719 675 1856 709 eaquae

1106 723 1159 757 per
1182 711 1265 746 illam
1291 711 1442 758 reperiret
1466 711 1556 746 nobis
1579 711 1695 746 referre
1714 717 1856 755 curaret)

1107 760 1257 795 relatione
1281 761 1418 807 plenaria
1442 769 1473 795 et
1495 760 1578 795 lideli
1602 760 1721 795 fuimus
1743 761 1856 795 clarius

1106 810 1275 854 informati,
1299 809 1480 845 huiusmodi
1504 809 1792 856 supplicationibus
1808 811 1857 843 iu-

1105 860 1233 899 clinati',
1270 859 1409 906 regulam
1444 860 1508 894 sive
1542 859 1665 894 vivendi
1703 860 1856 903 formam,

1105 922 1199 955 quam
1225 921 1281 956 per
1302 909 1426 955 singula
1453 909 1522 943 eius
1544 908 1679 956 capitula
1712 909 1795 943 clare
1828 917 1857 943 et

1105 958 1254 993 distincte
1279 971 1315 993 ac
1344 958 1383 994 de
1410 958 1505 993 verbo
1536 958 1574 993 ad
1605 957 1733 993 verbum
1765 971 1858 1004 prae-

1105 1008 1250 1043 sentibus
1273 1008 1406 1043 fecimus
1428 1007 1583 1048 adnotari,
1600 1020 1723 1042 necnon
1740 1015 1856 1042 statuta

1105 1065 1135 1091 et
1157 1057 1371 1092 ordinationes
1407 1057 1565 1104 praedicta
1607 1064 1669 1091 rata
1705 1057 1858 1092 habentes

1105 1114 1135 1140 et
1157 1114 1264 1152 grata,
1289 1106 1364 1161 illa,
1386 1106 1571 1141 auctoritate
1604 1107 1791 1153 apostolica,
1819 1120 1856 1141 ex

1106 1164 1188 1189 centa
1212 1156 1353 1199 scientia,
1376 1156 1602 1190 confirmamus
1630 1164 1661 1191 et
1685 1157 1859 1202 praesentis

1140 261 1183 283 vn
1208 262 1256 283 ΡΙ).

1105 1205 1212 1252 scripti
1235 1206 1410 1252 patrocinio
1429 1205 1679 1250 communimus,
1697 1213 1728 1239 et
1747 1205 1862 1240 nibilo—

1107 1266 1213 1288 minus
1236 1254 1375 1300 regulam
1398 1267 1454 1289 seu
1478 1254 1600 1289 vivendi
1625 1255 1756 1289 sormam
1777 1267 1861 1289 eam-

1105 1302 1190 1346 dem,
1220 1316 1273 1349 per
1298 1304 1384 1349 ipsos
1414 1304 1526 1338 fratres
1553 1311 1583 1338 et
1605 1316 1729 1338 sorores
1763 1317 1860 1350 prae-

1105 1360 1210 1386 sentes
1233 1361 1263 1386 et
1287 1352 1316 1386 in
1342 1360 1502 1398 posterum
1528 1352 1672 1387 volumus
1704 1362 1734 1387 et
1769 1366 1861 1387 man-

1106 1401 1217 1435 damus
1234 1402 1395 1448 perpetuis
1412 1401 1526 1436 futuris
1546 1401 1743 1448 temporibus
1767 1402 1862 1436 invio—

1106 1450 1242 1485 labiliter
1264 1450 1436 1485 observari.

1154 1499 1259 1534 Tenor
1283 1512 1355 1535 vero
1371 1500 1497 1547 regulae
1518 1500 1585 1535 sive
1603 1499 1726 1535 vivendi
1743 1500 1861 1535 formae

1107 1549 1290 1584 huiusmodi
1327 1551 1470 1597 sequitur
1491 1558 1521 1585 et
1543 1558 1589 1585 est
1617 1550 1700 1585 talis.

1107 1644 1218 1688 Incipit
1242 1645 1349 1688 regula
1367 1645 1503 1688 fratrum
1522 1651 1548 1677 et
1573 1655 1715 1678 sororum
1732 1645 1861 1679 Ordinis

1156 1695 1191 1726 de
1218 1694 1411 1727 Paenitentia
1439 1695 1477 1727 B.
1507 1694 1668 1727 Domt'nici
1698 1695 1862 1728 Terliario-

1157 1754 1226 1776 rum
1254 1744 1441 1787 fundatoris,
1463 1750 1489 1776 et
1505 1744 1605 1788 patris
1631 1744 1766 1788 fratrum.
1798 1745 1862 1777 Or-

1156 1793 1237 1826 dinis
1265 1793 1532 1827 Praedicatorwn.

1418 1873 1499 1908 Cn.
1528 1872 1550 1907 l.

1157 1945 1191 1980 In
1217 1945 1347 1992 primis,
1371 1953 1405 1979 ut
1427 1944 1479 1980 liic
1501 1944 1589 1980 Ordo
1618 1945 1805 1980 continuum
1831 1955 1861 1980 et

1110 2003 1298 2042 perpetuum
1322 1994 1361 2029 de
1383 1994 1496 2029 bono
1489 2007 1519 2028 tn
1545 1995 1657 2029 melius
1686 1995 1783 2030 valeat
1811 2008 1859 2030 re-

1109 2058 1214 2091 cipere
1239 2045 1485 2085 incrementum,
1514 2044 1598 2091 quod
1621 2056 1659 2078 ex
1682 2045 1861 2091 receptione

1110 2106 1316 2142 personarum
1342 2094 1422 2128 bene
1444 2093 1669 2140 dispositarum
1689 2094 1860 2140 plurimum

1110 2144 1252 2178 noscitur
1280 2143 1473 2190 dependere,
1503 2143 1651 2178 volumus
1678 2151 1709 2178 et
1731 2143 1861 2178 ordina-

1111 2207 1181 2228 mus
1204 2193 1288 2241 quod
1313 2193 1419 2227 nullus
1448 2193 1618 2240 recipiatur
1648 2192 1684 2227 ad
1707 2192 1860 2228 Ordinem

1112 2244 1207 2278 liuius
1243 2243 1468 2283 fraternitatis,
1493 2243 1553 2276 nisi
1594 2255 1649 2289 per
1677 2243 1861 2289 magistrum

1110 2293 1175 2326 sive
1197 2293 1386 2327 directorem
1403 2301 1432 2327 et
1453 2304 1508 2338 per
1525 2292 1661 2339 priorem
1685 2291 1786 2326 dictae
1806 2292 1864 2326 fra-

1110 2342 1278 2385 ternitatis,
1303 2342 1347 2376 vet
1364 2342 1424 2376 de
1419 2354 1559 2388 ipsorum
1577 2341 1700 2376 licentia
1720 2354 1755 2376 ac
1768 2342 1860 2376 etiam

1111 2392 1150 2427 de
1179 2404 1310 2426 assensu
1337 2391 1467 2426 maioris
1504 2392 1599 2438 partis
1635 2390 1765 2426 fiatrum
1790 2404 1862 2437 pro-

1111 2442 1265 2476 fessorum
1291 2440 1492 2475 fraternitatis
1514 2440 1656 2475 eiusdem
1681 2440 1767 2475 illius
1790 2440 1861 2484 loci,

1112 2491 1281 2538 praemissa
1305 2498 1409 2525 tamen
1438 2490 1580 2536 diligenti
1605 2490 1837 2525 examinatione
1854 2518 1863 2533 ,

1110 2540 1194 2588 quod
1212 2541 1250 2575 sit
1269 2540 1420 2575 honestae
1455 2541 1536 2574 vitae
1558 2548 1588 2574 et
1612 2539 1712 2574 bonae
1740 2539 1839 2574 famae
1854 2568 1863 2583 ,

1110 2604 1146 2625 ac
1168 2590 1206 2625 de
1231 2590 1351 2624 haeresi
1390 2589 1572 2624 nullatenus
1606 2589 1646 2623 sit
1682 2599 1862 2636 suspectus,

1110 2640 1264 2687 quinimo,
1288 2648 1447 2688 tamquam
1464 2639 1498 2674 S.
1514 2638 1671 2674 Dominici
1695 2638 1863 2687 singularis

1872 264 1922 288 An.
1940 263 1968 287 ⁴2.
1984 262 2051 288 1'0021'

1877 474 2054 492 t,·1ii:·rnmtm'rto

1871 511 1895 530 qn
1900 511 1908 522 ι
1923 506 1942 524 iu
1956 504 2038 523 rubrica

1892 1958 1919 1978 De
1953 1959 2062 1984 reripicn-

1878 1991 1908 2009 dis
1919 2005 1923 2012 ,
1949 1993 1968 2009 et
1990 1995 2061 2010 eorum

1877 2021 2007 2041 conditione.
