2274 3265
143 270 190 297 Au.
211 272 237 297 (ἶ,
261 271 325 298 1336

943 275 1136 298 nENfflntlrtts
1160 276 1176 297 Χ
1184 276 1203 297 tt
1229 275 1275 297 1¹1¹.

340 327 484 363 animalia
512 328 582 367 alia,
606 328 651 362 vel
677 342 724 364 res
761 341 817 363 seu
846 337 966 365 caetera
994 330 1087 373 bona,

340 389 439 425 eaque
476 377 504 411 in
542 378 705 414 utilitatem
733 378 873 414 locorum
902 379 941 414 de
971 379 1087 426 quilius

342 427 531 475 praesident,
554 428 599 463 vel
618 428 923 464 administrationum
943 442 1019 477 quas
1037 442 1089 475 ge-

342 485 414 512 runt
448 477 544 513 l'uissc
571 491 738 514 conversa:
775 491 845 513 cum
885 487 989 514 tamen
1024 479 1088 513 ¹ili-

340 528 466 574 quaudo
488 540 545 564 nec
568 541 623 575 pro
646 540 691 573 se,
713 541 768 564 seu
785 541 893 563 eorum
918 529 1004 569 locis,
1030 542 1088 564 nc-

340 590 401 624 que
424 591 480 625 pro
514 578 840 614 administrationibus
861 578 926 613 suis
954 591 1088 626 recepe-

342 628 416 662 rint:
441 627 494 663 sed
521 639 590 663 esse
619 628 781 675 finguntur
807 636 836 663 et
865 637 1026 676 ponuntur
1054 641 1089 663 ac

340 677 523 712 scribuntur
545 678 727 725 frequenter
762 678 964 726 principales:
999 686 1028 713 et
1057 687 1089 713 ut

341 727 417 764 tales
444 739 477 762 se
503 727 643 774 obligant
674 731 759 771 (cum
789 739 897 763 revera
919 727 1090 763 fideiusso-

341 790 389 812 res
425 777 586 812 dumtaxat
617 777 768 823 existant)
795 786 824 813 et
847 777 1005 813 interdum
1035 791 1089 825 pro

341 827 408 861 aliis
432 827 629 874 recipiuntur
653 836 759 862 mutua
789 827 967 875 praelibata,
994 841 1089 876 super

341 876 389 911 his
416 877 508 911 etiam
532 875 713 932 frequenter
735 889 768 912 se
790 890 826 912 ac
847 877 935 919 alios,
958 877 1088 926 locaque

341 926 419 973 ipsa,
454 926 683 982 possessiones,
718 926 870 971 redditus,
904 935 1090 974 proventus,

339 975 420 1010 bona
456 984 485 1011 et
514 988 579 1010 tura
604 976 744 1023 ipsorum
774 976 992 1024 multipliciter
1018 977 1089 1012 obli-

338 1025 442 1072 gando
468 1025 561 1061 etiam
585 1034 614 1060 et
629 1025 855 1061 submittendo.
884 1025 1022 1069 Quidam
1047 1027 1092 1061 in-

339 1087 434 1122 super
456 1074 485 1109 in
516 1075 654 1110 fraudem
683 1088 738 1110 seu
761 1075 869 1111 dolose
891 1076 1090 1116 confitentur,

339 1133 368 1159 et
396 1124 474 1160 alios
501 1124 684 1172 praesertim
721 1138 828 1160 eornm
857 1124 1017 1161 debitores
1040 1126 1091 1160 fa-

339 1175 428 1209 ciunt
463 1174 603 1209 confiteri
630 1187 667 1209 ac
688 1175 780 1209 etiam
809 1174 952 1221 obligari,
979 1188 1014 1210 ac
1035 1188 1091 1210 su-

340 1236 395 1271 per
416 1223 466 1258 bis
488 1224 693 1259 instrumenta
717 1232 746 1258 et
769 1224 965 1259 authenticas
988 1225 1034 1259 vel
1058 1237 1092 1259 a-

338 1274 396 1309 lias
429 1274 604 1320 scripturas
632 1273 663 1308 in
691 1273 835 1309 fraudem
859 1274 983 1316 confici,
1011 1275 1090 1318 iura,

339 1322 493 1363 redditus,
534 1323 751 1369 possessiones
791 1323 948 1365 animalia,
988 1323 1091 1364 blada,

340 1372 504 1419 pecuniae,
527 1372 644 1412 debita,
666 1384 721 1407 seu
749 1372 805 1407 alia
823 1372 917 1415 bona,
945 1372 981 1408 ad
1006 1373 1092 1420 ipsos

339 1422 385 1457 vel
409 1422 612 1466 monasteria,
639 1434 693 1457 seu
716 1422 846 1469 quaevis
872 1422 932 1457 alia
955 1422 1022 1457 loca
1043 1423 1092 1470 ip-

339 1472 404 1506 sius
421 1471 542 1507 ordinis
563 1484 619 1507 seu
638 1471 797 1519 religionis
821 1473 1020 1519 pertinentia,
1036 1485 1090 1507 seu

339 1521 442 1557 debita
465 1520 592 1561 fuerint,
626 1530 700 1557 sunt
728 1521 774 1556 vel
803 1533 873 1557 esse
900 1521 1014 1557 debent
1039 1535 1094 1569 pa-

339 1572 406 1612 tris,
434 1572 545 1606 matris
585 1583 638 1606 seu
663 1570 765 1606 fratris
792 1585 915 1616 eorum,
935 1573 981 1606 vel
1010 1572 1093 1607 alia-

339 1634 407 1656 rum
425 1633 630 1669 personarum
646 1621 892 1668 praedictarum,
910 1629 940 1656 et
957 1622 992 1656 ad
1010 1622 1094 1669 ipsas

341 1683 490 1719 personas
529 1671 699 1718 pertinere,
730 1672 777 1707 vel
805 1672 907 1707 debita
938 1672 983 1707 eis
1011 1672 1091 1707 fore:

340 1721 481 1769 aliosque
509 1721 624 1756 multos
664 1730 845 1757 contractus
877 1721 996 1757 similes
1032 1721 1090 1756 fin-

340 1780 431 1817 gunt,
464 1770 594 1815 faciunt,
625 1783 680 1806 seu
715 1771 780 1806 fieri
823 1780 1003 1819 procurant,
1042 1780 1094 1806 aut

342 1821 527 1868 permittunt
561 1820 776 1856 fraudulenter
798 1833 853 1856 seu
881 1821 1009 1856 dolose:
1039 1834 1094 1869 per

340 1882 420 1925 quos
446 1869 618 1911 Ecclesiae,
653 1871 841 1906 monasteria
875 1878 905 1905 et
931 1871 989 1905 alia
1028 1871 1093 1905 loca

343 1932 442 1966 ipsius
463 1919 582 1954 ordinis
603 1931 658 1955 seu
676 1920 848 1966 religionis,
870 1920 986 1967 quibus
1010 1933 1094 1967 piae-

342 1977 427 2013 sunt,
449 1980 484 2003 ac
511 1969 590 2009 iura,
629 1969 770 2004 redditus
797 1977 828 2004 et
863 1970 1093 2017 possessiones,

342 2030 397 2052 seu
421 2017 478 2052 alia
508 2018 587 2053 bona
617 2019 756 2066 ipsorum
785 2019 992 2061 damnificati,
1021 2032 1095 2067 gra-

344 2068 418 2112 vari,
440 2067 584 2114 obligari,
608 2069 652 2103 vel
677 2068 752 2103 alias
779 2068 922 2116 impediri
957 2081 1010 2102 seu
1021 2048 1094 2103 vde-

344 2117 445 2164 perire
462 2126 690 2165 possun13nos
712 2131 805 2165 super
835 2118 1018 2166 praemissis
1040 2118 1095 2153 Ec-

343 2167 529 2207 clesiarum,
570 2168 849 2208 monasteriorum
891 2176 921 2203 et
961 2168 1093 2203 aliorum

345 2217 485 2252 locorum
503 2217 700 2265 praefatorum
720 2196 991 2262 indemnitatibus,
1004 2226 1094 2265 prout

346 2275 500 2308 tenemur,
525 2267 650 2302 obviare
685 2267 837 2311 volentes,
871 2268 1036 2302 statuimus
1064 2276 1095 2303 et

345 2316 540 2358 ordinamus,
563 2316 647 2364 quod
672 2326 792 2364 praeter
814 2317 889 2352 alias
912 2330 1020 2364 poenas
1043 2318 1092 2352 iu—

346 2366 399 2407 ris,
422 2367 492 2401 talia
515 2367 759 2411 committentes,
783 2368 827 2401 vel
844 2366 909 2402 fieri
932 2368 1093 2408 facientes,

346 2424 398 2450 aut
440 2416 485 2451 eis
525 2417 759 2452 consentientes
802 2417 847 2452 vel
883 2418 1029 2461 scientes,
1065 2426 1094 2453 et

347 2478 438 2512 quam
475 2466 536 2501 cito
570 2466 736 2501 commode
772 2475 928 2514 poterunt,
963 2467 1094 2515 quibus-

348 2515 421 2550 libet
449 2515 556 2551 sraude
583 2528 618 2551 ac
645 2516 717 2551 dolo
748 2517 893 2560 exclusis,
920 2518 1094 2564 superiori-

346 2565 406 2600 bus
430 2566 536 2601 talium
557 2573 585 2600 et
607 2578 716 2601 eorum
739 2566 946 2601 conventibus
963 2568 1093 2601 minime

347 2615 530 2657 revelantes,
553 2616 577 2650 si
601 2616 742 2651 eiusdem
758 2617 878 2651 ordinis
900 2629 954 2651 seu
976 2617 1093 2664 religio⁴

347 2667 396 2700 nis
424 2665 548 2710 suerint,
572 2667 730 2701 incurrant
758 2667 1094 2702 excommunicationis

416 2724 489 2754 Ball.
513 2723 589 2754 Rom.
614 2724 658 2752 Vol
693 2724 737 2753 ll'.
938 2725 975 2754 47

1758 268 1826 301 ’369

1130 332 1316 365 sententiam
1355 332 1422 378 ipso
1458 333 1555 367 facto:
1591 345 1605 367 a
1633 345 1694 380 qua
1723 341 1878 381 nequeant

1130 379 1258 421 absolvi,
1293 381 1430 416 scientes
1458 382 1611 422 videlitet,
1643 382 1699 418 uisi
1724 397 1758 419 ea
1791 397 1878 419 reve-

1132 430 1276 465 laverint:
1300 432 1411 466 caeteri
1433 445 1504 467 vero
1529 432 1586 467 nisi
1608 434 1692 480 ptius
1709 435 1878 481 praemissa

1130 480 1234 515 onmia
1258 480 1321 515 tolli
1351 481 1482 517 fecerint
1508 491 1536 517 et
1559 495 1693 523 cessare,
1716 492 1746 518 et
1769 483 1879 519 Eccle-

1130 529 1213 575 sias,
1243 532 1450 576 monasteria,
1474 532 1649 579 prioratuS,
1684 533 1880 569 administra·

1132 579 1232 615 tiones
1276 589 1305 617 et
1343 581 1409 617 loca
1450 585 1615 629 (quantum
1651 583 1696 618 eis
1730 583 1879 631 possibile

1131 630 1239 675 luerit)
1264 631 1468 676 reddiderint,
1494 645 1549 667 seu
1578 632 1663 667 reddi
1686 633 1817 668 feceriut
1837 634 1880 668 in-

1131 681 1274 727 demnia,
1295 695 1349 717 seu
1368 683 1599 730 procuraverint
1620 695 1635 717 a
1659 682 1771 717 talibus
1809 684 1878 718 dis-

1133 732 1255 778 pendiis
1282 733 1419 767 relevari.
1454 732 1492 767 Et
1520 741 1593 767 tuuc
1617 745 1671 780 per
1695 733 1881 779 praesiden-

1132 790 1180 816 tes
1197 782 1444 830 provincialibus
1470 781 1618 830 capitulis
1639 782 1810 823 dumtaxat,
1835 783 1878 817 vel

1134 845 1188 880 per
1214 833 1349 880 aliquem
1385 832 1524 879 ipsorum
1553 833 1576 866 si
1606 832 1720 867 l'ueriut
1753 831 1881 867 abbates

1132 882 1184 930 qui
1213 882 1402 930 deliquerint
1429 882 1459 916 iu
1489 882 1687 930 praemissis:
1719 882 1764 917 vel
1794 882 1881 929 prio-

1135 945 1195 977 res,
1222 940 1275 967 aut
1296 932 1347 967 alii
1375 931 1503 967 abbates
1531 932 1650 978 priores
1677 943 1740 966 non
1767 931 1882 966 haben-

1133 990 1196 1017 tes:
1228 981 1340 1017 caeteri
1383 993 1454 1016 vero
1491 993 1546 1029 per
1580 981 1722 1029 proprios
1756 981 1883 1016 abbates

1134 1032 1180 1066 vel
1203 1031 1279 1067 alios
1301 1031 1481 1078 superiores
1502 1043 1610 1066 eorum
1633 1044 1649 1066 a
1674 1031 1808 1078 praefata
1834 1043 1885 1065 ex-

1133 1080 1430 1116 communicationis
1469 1081 1623 1116 sententia
1669 1080 1882 1115 absolvantur.

1133 1130 1260 1166 Interim
1284 1142 1356 1165 vero
1378 1143 1448 1165 cnm
1476 1130 1646 1165 summarie
1667 1143 1703 1165 ac
1725 1130 1764 1165 de
1790 1130 1884 1177 plano

1134 1181 1310 1216 constiterit
1328 1179 1465 1227 aliquem
1489 1179 1669 1215 huiusmodi
1695 1180 1882 1215 seutentiam

1136 1230 1317 1270 incurrisse,
1345 1229 1369 1263 si
1398 1228 1494 1264 abbas
1525 1229 1619 1264 suerit
1642 1229 1687 1263 vel
1712 1229 1807 1276 prior,
1829 1241 1883 1263 seu

1134 1279 1213 1314 alius
1232 1279 1394 1326 proprium
1419 1291 1480 1312 non
1505 1279 1623 1314 liabens
1637 1278 1794 1319 abbatem,
1810 1288 1884 1313 tunc

1134 1329 1267 1376 quilibet
1302 1327 1545 1375 praesidentium
1579 1328 1717 1375 capitulo
1756 1329 1883 1375 provin-

1135 1378 1219 1419 ciali,
1260 1389 1296 1413 ac
1331 1378 1469 1412 visitator
1505 1377 1589 1412 illius
1626 1377 1788 1412 Ecclesiae
1827 1390 1884 1413 seu

1137 1427 1316 1463 monasterii
1362 1436 1416 1462 aut
1454 1426 1513 1462 loci
1544 1428 1706 1474 proprium
1740 1427 1883 1462 abbatem

1137 1490 1198 1513 non
1236 1477 1400 1519 habentis,
1433 1476 1459 1511 si
1496 1490 1567 1512 vero
1599 1476 1681 1512 alius
1716 1477 1800 1524 prior
1832 1483 1885 1512 aut

1136 1527 1370 1562 administrator
1408 1526 1556 1571 extiterit,
1589 1526 1684 1561 abbas
1723 1526 1771 1561 vel
1805 1527 1887 1562 alius

1136 1577 1205 1612 eius
1242 1577 1390 1624 proprius
1425 1584 1455 1611 et
1492 1576 1694 1611 immediatus
1730 1577 1885 1623 superior,

1136 1639 1208 1661 eum
1245 1626 1420 1674 publicent,
1448 1635 1477 1661 et
1499 1633 1666 1661 teneantur
1693 1625 1794 1661 facere
1828 1638 1886 1661 ex-

1136 1677 1405 1712 communicatum
1439 1688 1493 1723 per
1531 1675 1596 1710 loca
1627 1676 1726 1724 ipsius
1766 1675 1887 1711 ordinis

1136 1739 1191 1761 seu
1233 1726 1408 1773 religionis,
1445 1738 1546 1773 usque
1577 1725 1614 1760 ad
1642 1725 1885 1761 satisfactionem

1137 1776 1338 1823 condignam,
1367 1775 1494 1823 publice
1517 1776 1669 1810 nunciat-i.

1427 1847 1507 1882 Car.
1542 1847 1595 1882 xt.

1185 1924 1347 1959 Praeterea
1378 1932 1411 1959 nt
1434 1924 1601 1971 praedictis
1628 1934 1658 1961 et
1686 1925 1755 1960 aliis
1790 1924 1887 1961 dam-

1138 1973 1197 2014 nis,
1220 1973 1370 2021 periculis
1404 1983 1433 2009 et
1461 1974 1616 2009 scandalis
1637 1975 1792 2015 obvietur,
1823 1984 1888 2010 sta-

1138 2023 1255 2059 tuimus
1282 2032 1312 2058 et
1327 2024 1510 2059 ordinamus
1532 2025 1616 2071 quod
1640 2037 1752 2060 onmes
1769 2034 1799 2060 et
1821 2025 1887 2059 sin-

1137 2073 1200 2119 auti
1234 2073 1362 2108 abbates
1397 2073 1496 2108 etalii
1521 2074 1647 2121 praelati
1684 2074 1804 2110 ordinis
1830 2087 1885 2109 seu

1138 2123 1298 2169 religionis
1347 2124 1529 2158 huiusmodi
1567 2123 1698 2159 abbates
1743 2124 1887 2172 proprios

1138 2186 1199 2208 uon
1224 2173 1386 2215 babentes,
1420 2173 1472 2220 qui
1502 2186 1556 2220 per
1583 2173 1699 2208 Sedem
1723 2174 1887 2221 Apostoli-

1136 2235 1203 2258 cam
1229 2223 1361 2270 promoti
1386 2231 1458 2257 sunt
1483 2223 1527 2258 vel
1563 2223 1832 2271 promovebuntur
1854 2224 1885 2258 in

1137 2281 1238 2313 antea,
1260 2280 1290 2307 et
1312 2272 1415 2307 eidem
1438 2271 1512 2307 Sedi
1533 2285 1594 2308 non
1619 2274 1756 2308 existunt
1779 2274 1886 2308 imme-

1137 2322 1219 2357 diate
1246 2323 1388 2366 subiecti,
1411 2322 1476 2356 suis
1501 2323 1690 2358 immediatis
1711 2323 1885 2371 superiori-

1138 2372 1196 2407 bus
1237 2373 1446 2407 iuramentum
1503 2382 1658 2418 praestare
1697 2373 1735 2408 ad
1777 2381 1883 2408 sancta

1138 2421 1192 2456 Dei
1245 2422 1401 2468 evangelia
1453 2423 1656 2470 corporaliter
1702 2431 1882 2458 teneantur:

1136 2472 1218 2518 quod
1252 2472 1464 2519 possessiones
1503 2473 1547 2507 vel
1577 2473 1642 2507 iura
1677 2473 1713 2507 ad
1743 2485 1882 2508 mensam

1137 2522 1183 2556 sui
1219 2522 1398 2557 monasterii
1423 2523 1487 2556 sive
1521 2522 1579 2557 loci
1612 2524 1784 2570 spectantia
1821 2535 1882 2558 non

1138 2571 1271 2607 vendent
1300 2584 1358 2607 nec
1385 2571 1576 2613 alienabunt,
1605 2585 1661 2608 nec
1691 2573 1883 2621 impignora-

1137 2622 1227 2667 bunt,
1258 2635 1358 2670 neque
1394 2622 1432 2657 de
1462 2634 1540 2658 novo
1576 2622 1792 2665 infeudabunt,
1825 2636 1883 2658 nec

1137 2684 1191 2719 per
1226 2673 1361 2719 aliquem
1398 2672 1527 2708 modum
1563 2672 1740 2717 donabunt,
1779 2685 1882 2724 neque

1893 278 1940 305 An.
1959 277 1987 304 t'..
2008 275 2074 304 1336

1914 1937 1988 1960 Forma
2027 1940 2088 1960 iurn-

1902 1970 1966 1990 menti
1991 1975 2002 1989 a
2022 1975 2086 1996 pra·-

1901 2001 1921 2020 la
1910 2002 2084 2028 nuptae-tundi.
