<?xml version="1.0" encoding="UTF-8"?>
<!DOCTYPE html PUBLIC "-//W3C//DTD XHTML 1.0 Transitional//EN"
    "http://www.w3.org/TR/xhtml1/DTD/xhtml1-transitional.dtd">
<html xmlns="http://www.w3.org/1999/xhtml" xml:lang="en" lang="en">
 <head>
  <title>
</title>
<meta http-equiv="Content-Type" content="text/html;charset=utf-8" />
  <meta name='ocr-system' content='tesseract 3.04.00' />
  <meta name='ocr-capabilities' content='ocr_page ocr_carea ocr_par ocr_line ocrx_word'/>
</head>
<body>
  <div class='ocr_page' id='page_1' title='image "./bullarumdiplomat04cath/bullarumdiplomat04cath_0583.png"; bbox 0 0 2274 3265; ppageno 0'>
   <div class='ocr_carea' id='block_1_1' title="bbox 0 2175 6 3174">
    <p class='ocr_par' dir='ltr' id='par_1_1' title="bbox 0 2175 6 3174">
     <span class='ocr_line' id='line_1_1' title="bbox 0 2175 6 3174; baseline 0 0"><span class='ocrx_word' id='word_1_1' title='bbox 0 2175 6 3174; x_wconf 95' lang='lat' dir='ltr'> </span> 
     </span>
    </p>
   </div>
   <div class='ocr_carea' id='block_1_2' title="bbox 108 272 289 299">
    <p class='ocr_par' dir='ltr' id='par_1_2' title="bbox 108 272 289 299">
     <span class='ocr_line' id='line_1_2' title="bbox 108 272 289 299; baseline -0.006 0"><span class='ocrx_word' id='word_1_2' title='bbox 108 273 155 299; x_wconf 70' lang='grc' dir='ltr'>Αη,</span> <span class='ocrx_word' id='word_1_3' title='bbox 176 273 204 298; x_wconf 82' lang='lat' dir='ltr'>C.</span> <span class='ocrx_word' id='word_1_4' title='bbox 225 272 289 298; x_wconf 66' lang='lat'><strong>13711</strong></span> 
     </span>
    </p>
   </div>
   <div class='ocr_carea' id='block_1_3' title="bbox 106 1073 292 1155">
    <p class='ocr_par' dir='ltr' id='par_1_3' title="bbox 106 1073 292 1155">
     <span class='ocr_line' id='line_1_3' title="bbox 118 1073 291 1100; baseline -0.006 -6"><span class='ocrx_word' id='word_1_5' title='bbox 118 1073 160 1094; x_wconf 81' lang='lat' dir='ltr'>Nee</span> <span class='ocrx_word' id='word_1_6' title='bbox 178 1080 218 1094; x_wconf 89' lang='lat' dir='ltr'>non</span> <span class='ocrx_word' id='word_1_7' title='bbox 240 1079 291 1100; x_wconf 83' lang='lat' dir='ltr'>pro-</span> 
     </span>
     <span class='ocr_line' id='line_1_4' title="bbox 106 1106 292 1125; baseline 0 0"><span class='ocrx_word' id='word_1_8' title='bbox 106 1106 233 1125; x_wconf 71' lang='lat' dir='ltr'>cessusimlt·</span> <span class='ocrx_word' id='word_1_9' title='bbox 242 1110 292 1125; x_wconf 71' lang='lat' dir='ltr'>vou-</span> 
     </span>
     <span class='ocr_line' id='line_1_5' title="bbox 107 1136 184 1155; baseline 0.013 -1"><span class='ocrx_word' id='word_1_10' title='bbox 107 1136 184 1155; x_wconf 51' lang='lat' dir='ltr'>tei-ms,</span> 
     </span>
    </p>
   </div>
   <div class='ocr_carea' id='block_1_4' title="bbox 104 1316 289 1429">
    <p class='ocr_par' dir='ltr' id='par_1_4' title="bbox 117 1316 245 1336">
     <span class='ocr_line' id='line_1_6' title="bbox 117 1316 245 1336; baseline -0.008 0"><span class='ocrx_word' id='word_1_11' title='bbox 117 1316 245 1336; x_wconf 72' lang='lat' dir='ltr'>intentatum</span> 
     </span>
    </p>

    <p class='ocr_par' dir='ltr' id='par_1_5' title="bbox 104 1348 289 1429">
     <span class='ocr_line' id='line_1_7' title="bbox 104 1348 288 1367; baseline 0 -1"><span class='ocrx_word' id='word_1_12' title='bbox 104 1354 114 1367; x_wconf 90' lang='lat' dir='ltr'>n</span> <span class='ocrx_word' id='word_1_13' title='bbox 124 1348 200 1367; x_wconf 73' lang='lat' dir='ltr'>itltenm</span> <span class='ocrx_word' id='word_1_14' title='bbox 215 1348 288 1367; x_wconf 52' lang='lat' dir='ltr'>inm-m</span> 
     </span>
     <span class='ocr_line' id='line_1_8' title="bbox 104 1379 289 1404; baseline -0.005 -6"><span class='ocrx_word' id='word_1_15' title='bbox 104 1379 191 1404; x_wconf 62' lang='lat' dir='ltr'>po-‘tlmc</span> <span class='ocrx_word' id='word_1_16' title='bbox 226 1382 289 1398; x_wconf 76' lang='lat' dir='ltr'>uten-</span> 
     </span>
     <span class='ocr_line' id='line_1_9' title="bbox 105 1410 170 1429; baseline -0.015 0"><span class='ocrx_word' id='word_1_17' title='bbox 105 1410 170 1429; x_wconf 67' lang='lat' dir='ltr'>tibus·</span> 
     </span>
    </p>
   </div>
   <div class='ocr_carea' id='block_1_5' title="bbox 104 1905 289 2017">
    <p class='ocr_par' dir='ltr' id='par_1_6' title="bbox 104 1905 289 2017">
     <span class='ocr_line' id='line_1_10' title="bbox 110 1905 289 1931; baseline -0.011 -6"><span class='ocrx_word' id='word_1_18' title='bbox 110 1905 289 1931; x_wconf 54' lang='lat' dir='ltr'>Rt›g,=iiq1=epi&gt;iu-</span> 
     </span>
     <span class='ocr_line' id='line_1_11' title="bbox 104 1938 289 1962; baseline -0.005 -6"><span class='ocrx_word' id='word_1_19' title='bbox 104 1938 172 1962; x_wconf 70' lang='lat' dir='ltr'>cipes,</span> <span class='ocrx_word' id='word_1_20' title='bbox 204 1939 224 1955; x_wconf 82' lang='lat' dir='ltr'>ut</span> <span class='ocrx_word' id='word_1_21' title='bbox 253 1941 289 1955; x_wconf 77' lang='lat' dir='ltr'>eas</span> 
     </span>
     <span class='ocr_line' id='line_1_12' title="bbox 106 1966 267 1992; baseline -0.012 -6"><span class='ocrx_word' id='word_1_22' title='bbox 106 1966 204 1992; x_wconf 62' lang='lat' dir='ltr'>ablegent</span> <span class='ocrx_word' id='word_1_23' title='bbox 220 1971 267 1985; x_wconf 88' lang='lat' dir='ltr'>onm</span> 
     </span>
     <span class='ocr_line' id='line_1_13' title="bbox 104 2004 138 2017; baseline -0.029 0"><span class='ocrx_word' id='word_1_24' title='bbox 104 2004 138 2017; x_wconf 62' lang='lat' dir='ltr'>no⁴</span> 
     </span>
    </p>
   </div>
   <div class='ocr_carea' id='block_1_6' title="bbox 918 269 1241 294">
    <p class='ocr_par' dir='ltr' id='par_1_7' title="bbox 918 269 1241 294">
     <span class='ocr_line' id='line_1_14' title="bbox 918 269 1241 294; baseline -0.013 0"><span class='ocrx_word' id='word_1_25' title='bbox 918 270 1105 294; x_wconf 68' lang='lat' dir='ltr'>GREGORHJS</span> <span class='ocrx_word' id='word_1_26' title='bbox 1132 270 1166 291; x_wconf 80' lang='lat' dir='ltr'>xt</span> <span class='ocrx_word' id='word_1_27' title='bbox 1196 269 1241 291; x_wconf 73' lang='lat' dir='ltr'>W.</span> 
     </span>
    </p>
   </div>
   <div class='ocr_carea' id='block_1_7' title="bbox 304 327 1062 1310">
    <p class='ocr_par' dir='ltr' id='par_1_8' title="bbox 304 327 1062 1001">
     <span class='ocr_line' id='line_1_15' title="bbox 307 327 1061 374; baseline 0 -14"><span class='ocrx_word' id='word_1_28' title='bbox 307 327 404 374; x_wconf 75' lang='lat' dir='ltr'>leges,</span> <span class='ocrx_word' id='word_1_29' title='bbox 427 340 506 374; x_wconf 87' lang='lat' dir='ltr'>quae</span> <span class='ocrx_word' id='word_1_30' title='bbox 536 340 592 361; x_wconf 89' lang='lat' dir='ltr'>nos</span> <span class='ocrx_word' id='word_1_31' title='bbox 628 335 747 362; x_wconf 86' lang='lat' dir='ltr'>mature</span> <span class='ocrx_word' id='word_1_32' title='bbox 782 327 916 361; x_wconf 88' lang='lat' dir='ltr'>vidimus</span> <span class='ocrx_word' id='word_1_33' title='bbox 947 335 976 361; x_wconf 84' lang='lat' dir='ltr'>et</span> <span class='ocrx_word' id='word_1_34' title='bbox 1006 338 1061 373; x_wconf 88' lang='lat' dir='ltr'>per</span> 
     </span>
     <span class='ocr_line' id='line_1_16' title="bbox 306 375 1059 411; baseline -0.003 -1"><span class='ocrx_word' id='word_1_35' title='bbox 306 377 475 411; x_wconf 89' lang='lat' dir='ltr'>nonnullos</span> <span class='ocrx_word' id='word_1_36' title='bbox 507 388 543 410; x_wconf 85' lang='lat' dir='ltr'>ex</span> <span class='ocrx_word' id='word_1_37' title='bbox 582 376 729 410; x_wconf 68' lang='lat' dir='ltr'>fratribus</span> <span class='ocrx_word' id='word_1_38' title='bbox 753 376 867 411; x_wconf 88' lang='lat' dir='ltr'>nostris</span> <span class='ocrx_word' id='word_1_39' title='bbox 894 375 927 410; x_wconf 85' lang='lat' dir='ltr'>S.</span> <span class='ocrx_word' id='word_1_40' title='bbox 958 375 998 410; x_wconf 85' lang='lat' dir='ltr'>R.</span> <span class='ocrx_word' id='word_1_41' title='bbox 1023 375 1059 408; x_wconf 83' lang='lat' dir='ltr'>E.</span> 
     </span>
     <span class='ocr_line' id='line_1_17' title="bbox 304 424 1061 471; baseline -0.003 -12"><span class='ocrx_word' id='word_1_42' title='bbox 304 426 477 460; x_wconf 84' lang='lat' dir='ltr'>cardinales</span> <span class='ocrx_word' id='word_1_43' title='bbox 504 433 534 459; x_wconf 85' lang='lat' dir='ltr'>et</span> <span class='ocrx_word' id='word_1_44' title='bbox 556 426 633 460; x_wconf 90' lang='lat' dir='ltr'>alios</span> <span class='ocrx_word' id='word_1_45' title='bbox 659 426 751 459; x_wconf 87' lang='lat' dir='ltr'>etiam</span> <span class='ocrx_word' id='word_1_46' title='bbox 777 426 805 458; x_wconf 93' lang='lat' dir='ltr'>in</span> <span class='ocrx_word' id='word_1_47' title='bbox 833 437 919 460; x_wconf 85' lang='lat' dir='ltr'>saera</span> <span class='ocrx_word' id='word_1_48' title='bbox 950 424 1061 471; x_wconf 78' lang='lat' dir='ltr'>pagina</span> 
     </span>
     <span class='ocr_line' id='line_1_18' title="bbox 306 473 1061 521; baseline -0.003 -13"><span class='ocrx_word' id='word_1_49' title='bbox 306 475 471 521; x_wconf 82' lang='lat' dir='ltr'>magistros</span> <span class='ocrx_word' id='word_1_50' title='bbox 489 487 524 509; x_wconf 87' lang='lat' dir='ltr'>ae</span> <span class='ocrx_word' id='word_1_51' title='bbox 551 475 715 521; x_wconf 86' lang='lat' dir='ltr'>utriusque</span> <span class='ocrx_word' id='word_1_52' title='bbox 744 474 818 508; x_wconf 77' lang='lat' dir='ltr'>iuris</span> <span class='ocrx_word' id='word_1_53' title='bbox 840 475 986 508; x_wconf 79' lang='lat' dir='ltr'>doctores</span> <span class='ocrx_word' id='word_1_54' title='bbox 1012 473 1061 506; x_wconf 81' lang='lat' dir='ltr'>di-</span> 
     </span>
     <span class='ocr_line' id='line_1_19' title="bbox 306 523 1061 570; baseline -0.003 -12"><span class='ocrx_word' id='word_1_55' title='bbox 306 524 439 570; x_wconf 79' lang='lat' dir='ltr'>ligenter</span> <span class='ocrx_word' id='word_1_56' title='bbox 465 524 634 559; x_wconf 87' lang='lat' dir='ltr'>examinari</span> <span class='ocrx_word' id='word_1_57' title='bbox 659 524 811 567; x_wconf 76' lang='lat' dir='ltr'>fecimus,</span> <span class='ocrx_word' id='word_1_58' title='bbox 835 523 937 558; x_wconf 85' lang='lat' dir='ltr'>habita</span> <span class='ocrx_word' id='word_1_59' title='bbox 965 535 1061 569; x_wconf 86' lang='lat' dir='ltr'>super</span> 
     </span>
     <span class='ocr_line' id='line_1_20' title="bbox 304 573 1060 619; baseline -0.003 -11"><span class='ocrx_word' id='word_1_60' title='bbox 304 575 349 608; x_wconf 87' lang='lat' dir='ltr'>eis</span> <span class='ocrx_word' id='word_1_61' title='bbox 376 573 603 608; x_wconf 76' lang='lat' dir='ltr'>deliberatione</span> <span class='ocrx_word' id='word_1_62' title='bbox 626 582 759 617; x_wconf 86' lang='lat' dir='ltr'>matura,</span> <span class='ocrx_word' id='word_1_63' title='bbox 784 582 943 619; x_wconf 78' lang='lat' dir='ltr'><strong>{amquam</strong></span> <span class='ocrx_word' id='word_1_64' title='bbox 973 573 1060 612; x_wconf 85' lang='lat' dir='ltr'>falsa,</span> 
     </span>
     <span class='ocr_line' id='line_1_21' title="bbox 305 622 1061 670; baseline 0 -14"><span class='ocrx_word' id='word_1_65' title='bbox 305 624 482 663; x_wconf 61' lang='lat' dir='ltr'>temeraria,</span> <span class='ocrx_word' id='word_1_66' title='bbox 511 623 632 670; x_wconf 85' lang='lat' dir='ltr'>iniqua,</span> <span class='ocrx_word' id='word_1_67' title='bbox 662 623 775 657; x_wconf 92' lang='lat' dir='ltr'>iniusta</span> <span class='ocrx_word' id='word_1_68' title='bbox 809 623 891 657; x_wconf 91' lang='lat' dir='ltr'>etin</span> <span class='ocrx_word' id='word_1_69' title='bbox 924 622 1061 669; x_wconf 89' lang='lat' dir='ltr'>quibus-</span> 
     </span>
     <span class='ocr_line' id='line_1_22' title="bbox 304 672 1061 707; baseline 0 -2"><span class='ocrx_word' id='word_1_70' title='bbox 304 672 375 706; x_wconf 88' lang='lat' dir='ltr'>dam</span> <span class='ocrx_word' id='word_1_71' title='bbox 412 684 521 707; x_wconf 89' lang='lat' dir='ltr'>eorum</span> <span class='ocrx_word' id='word_1_72' title='bbox 557 672 713 707; x_wconf 84' lang='lat' dir='ltr'>haeretica</span> <span class='ocrx_word' id='word_1_73' title='bbox 755 680 785 705; x_wconf 86' lang='lat' dir='ltr'>et</span> <span class='ocrx_word' id='word_1_74' title='bbox 820 672 995 707; x_wconf 89' lang='lat' dir='ltr'>scismatica</span> <span class='ocrx_word' id='word_1_75' title='bbox 1031 680 1061 705; x_wconf 94' lang='lat' dir='ltr'>et</span> 
     </span>
     <span class='ocr_line' id='line_1_23' title="bbox 305 721 1061 768; baseline 0.001 -14"><span class='ocrx_word' id='word_1_76' title='bbox 305 730 412 755; x_wconf 85' lang='lat' dir='ltr'>contra</span> <span class='ocrx_word' id='word_1_77' title='bbox 444 721 543 755; x_wconf 89' lang='lat' dir='ltr'>bonos</span> <span class='ocrx_word' id='word_1_78' title='bbox 568 734 670 756; x_wconf 86' lang='lat' dir='ltr'>mores</span> <span class='ocrx_word' id='word_1_79' title='bbox 692 721 867 761; x_wconf 82' lang='lat' dir='ltr'>existentia,</span> <span class='ocrx_word' id='word_1_80' title='bbox 904 721 1061 768; x_wconf 86' lang='lat' dir='ltr'>periculo-</span> 
     </span>
     <span class='ocr_line' id='line_1_24' title="bbox 305 770 1059 818; baseline 0.001 -15"><span class='ocrx_word' id='word_1_81' title='bbox 305 782 401 817; x_wconf 88' lang='lat' dir='ltr'>saque</span> <span class='ocrx_word' id='word_1_82' title='bbox 437 770 572 804; x_wconf 87' lang='lat' dir='ltr'>nimium</span> <span class='ocrx_word' id='word_1_83' title='bbox 612 770 803 814; x_wconf 77' lang='lat' dir='ltr'>animabus,</span> <span class='ocrx_word' id='word_1_84' title='bbox 844 772 882 806; x_wconf 87' lang='lat' dir='ltr'>de</span> <span class='ocrx_word' id='word_1_85' title='bbox 919 771 1059 818; x_wconf 87' lang='lat' dir='ltr'>ipsorum</span> 
     </span>
     <span class='ocr_line' id='line_1_25' title="bbox 306 819 1062 867; baseline 0.004 -15"><span class='ocrx_word' id='word_1_86' title='bbox 306 819 434 853; x_wconf 77' lang='lat' dir='ltr'>fratrum</span> <span class='ocrx_word' id='word_1_87' title='bbox 459 819 589 853; x_wconf 81' lang='lat' dir='ltr'>consitio</span> <span class='ocrx_word' id='word_1_88' title='bbox 611 820 798 854; x_wconf 84' lang='lat' dir='ltr'>auctoritate</span> <span class='ocrx_word' id='word_1_89' title='bbox 826 821 996 867; x_wconf 86' lang='lat' dir='ltr'>apostolica</span> <span class='ocrx_word' id='word_1_90' title='bbox 1021 829 1062 855; x_wconf 87' lang='lat' dir='ltr'>te-</span> 
     </span>
     <span class='ocr_line' id='line_1_26' title="bbox 306 869 1061 915; baseline 0.001 -13"><span class='ocrx_word' id='word_1_91' title='bbox 306 881 381 903; x_wconf 88' lang='lat' dir='ltr'>nore</span> <span class='ocrx_word' id='word_1_92' title='bbox 403 869 616 914; x_wconf 87' lang='lat' dir='ltr'>praesentium</span> <span class='ocrx_word' id='word_1_93' title='bbox 634 869 851 915; x_wconf 69' lang='lat' dir='ltr'>reprobamus,</span> <span class='ocrx_word' id='word_1_94' title='bbox 876 870 1061 904; x_wconf 89' lang='lat' dir='ltr'>damnamus</span> 
     </span>
     <span class='ocr_line' id='line_1_27' title="bbox 305 918 1061 953; baseline 0.003 -2"><span class='ocrx_word' id='word_1_95' title='bbox 305 929 340 951; x_wconf 91' lang='lat' dir='ltr'>ac</span> <span class='ocrx_word' id='word_1_96' title='bbox 362 918 564 951; x_wconf 86' lang='lat' dir='ltr'>decernimus</span> <span class='ocrx_word' id='word_1_97' title='bbox 584 918 668 952; x_wconf 88' lang='lat' dir='ltr'>irrita</span> <span class='ocrx_word' id='word_1_98' title='bbox 697 926 726 951; x_wconf 89' lang='lat' dir='ltr'>et</span> <span class='ocrx_word' id='word_1_99' title='bbox 763 919 864 953; x_wconf 88' lang='lat' dir='ltr'>inania</span> <span class='ocrx_word' id='word_1_100' title='bbox 893 932 927 953; x_wconf 91' lang='lat' dir='ltr'>ac</span> <span class='ocrx_word' id='word_1_101' title='bbox 955 931 1061 953; x_wconf 84' lang='lat' dir='ltr'>carere</span> 
     </span>
     <span class='ocr_line' id='line_1_28' title="bbox 305 966 714 1001; baseline 0 -1"><span class='ocrx_word' id='word_1_102' title='bbox 305 967 389 1000; x_wconf 88' lang='lat' dir='ltr'>omni</span> <span class='ocrx_word' id='word_1_103' title='bbox 414 967 525 1000; x_wconf 91' lang='lat' dir='ltr'>robore</span> <span class='ocrx_word' id='word_1_104' title='bbox 549 966 714 1001; x_wconf 74' lang='lat' dir='ltr'>firmitatis.</span> 
     </span>
    </p>

    <p class='ocr_par' dir='ltr' id='par_1_9' title="bbox 305 1015 1062 1248">
     <span class='ocr_line' id='line_1_29' title="bbox 354 1015 1060 1063; baseline 0.003 -14"><span class='ocrx_word' id='word_1_105' title='bbox 354 1016 373 1063; x_wconf 69' lang='lat' dir='ltr'>S</span> <span class='ocrx_word' id='word_1_106' title='bbox 396 1020 427 1050; x_wconf 83' lang='lat'>5.</span> <span class='ocrx_word' id='word_1_107' title='bbox 447 1015 577 1050; x_wconf 82' lang='lat' dir='ltr'>Necnon</span> <span class='ocrx_word' id='word_1_108' title='bbox 600 1028 768 1062; x_wconf 81' lang='lat' dir='ltr'>processus</span> <span class='ocrx_word' id='word_1_109' title='bbox 781 1024 810 1050; x_wconf 88' lang='lat' dir='ltr'>et</span> <span class='ocrx_word' id='word_1_110' title='bbox 827 1018 1012 1061; x_wconf 77' lang='lat' dir='ltr'>sententias,</span> <span class='ocrx_word' id='word_1_111' title='bbox 1036 1017 1060 1051; x_wconf 87' lang='lat' dir='ltr'>si</span> 
     </span>
     <span class='ocr_line' id='line_1_30' title="bbox 305 1065 1062 1112; baseline 0.001 -13"><span class='ocrx_word' id='word_1_112' title='bbox 305 1077 384 1112; x_wconf 89' lang='lat' dir='ltr'>quos</span> <span class='ocrx_word' id='word_1_113' title='bbox 406 1073 436 1099; x_wconf 91' lang='lat' dir='ltr'>et</span> <span class='ocrx_word' id='word_1_114' title='bbox 459 1066 483 1099; x_wconf 91' lang='lat' dir='ltr'>si</span> <span class='ocrx_word' id='word_1_115' title='bbox 513 1077 592 1111; x_wconf 88' lang='lat' dir='ltr'>quas</span> <span class='ocrx_word' id='word_1_116' title='bbox 620 1065 721 1099; x_wconf 88' lang='lat' dir='ltr'>forsan</span> <span class='ocrx_word' id='word_1_117' title='bbox 760 1065 897 1111; x_wconf 90' lang='lat' dir='ltr'>ipsorum</span> <span class='ocrx_word' id='word_1_118' title='bbox 927 1066 1062 1112; x_wconf 88' lang='lat' dir='ltr'>scripto-</span> 
     </span>
     <span class='ocr_line' id='line_1_31' title="bbox 306 1114 1060 1161; baseline 0.001 -13"><span class='ocrx_word' id='word_1_119' title='bbox 306 1127 373 1148; x_wconf 92' lang='lat' dir='ltr'>rum</span> <span class='ocrx_word' id='word_1_120' title='bbox 406 1123 435 1148; x_wconf 91' lang='lat' dir='ltr'>et</span> <span class='ocrx_word' id='word_1_121' title='bbox 480 1114 714 1161; x_wconf 86' lang='lat' dir='ltr'>reprobatarum</span> <span class='ocrx_word' id='word_1_122' title='bbox 753 1114 857 1161; x_wconf 81' lang='lat' dir='ltr'>legum</span> <span class='ocrx_word' id='word_1_123' title='bbox 899 1124 1060 1161; x_wconf 87' lang='lat' dir='ltr'>praetextu</span> 
     </span>
     <span class='ocr_line' id='line_1_32' title="bbox 307 1163 1062 1211; baseline 0.001 -14"><span class='ocrx_word' id='word_1_124' title='bbox 307 1164 371 1198; x_wconf 88' lang='lat' dir='ltr'>lieri</span> <span class='ocrx_word' id='word_1_125' title='bbox 391 1171 421 1198; x_wconf 88' lang='lat' dir='ltr'>et</span> <span class='ocrx_word' id='word_1_126' title='bbox 444 1163 516 1198; x_wconf 86' lang='lat' dir='ltr'>ferri</span> <span class='ocrx_word' id='word_1_127' title='bbox 542 1164 703 1210; x_wconf 83' lang='lat' dir='ltr'>contingat</span> <span class='ocrx_word' id='word_1_128' title='bbox 727 1164 755 1197; x_wconf 89' lang='lat' dir='ltr'>in</span> <span class='ocrx_word' id='word_1_129' title='bbox 780 1172 953 1211; x_wconf 86' lang='lat' dir='ltr'>posterum,</span> <span class='ocrx_word' id='word_1_130' title='bbox 978 1165 1062 1210; x_wconf 87' lang='lat' dir='ltr'>peni-</span> 
     </span>
     <span class='ocr_line' id='line_1_33' title="bbox 307 1213 584 1248; baseline -0.004 -1"><span class='ocrx_word' id='word_1_131' title='bbox 307 1221 356 1247; x_wconf 90' lang='lat' dir='ltr'>tus</span> <span class='ocrx_word' id='word_1_132' title='bbox 380 1225 441 1247; x_wconf 91' lang='lat' dir='ltr'>non</span> <span class='ocrx_word' id='word_1_133' title='bbox 471 1213 584 1248; x_wconf 91' lang='lat' dir='ltr'>valere.</span> 
     </span>
    </p>

    <p class='ocr_par' dir='ltr' id='par_1_10' title="bbox 354 1262 1062 1310">
     <span class='ocr_line' id='line_1_34' title="bbox 354 1262 1062 1310; baseline 0.001 -14"><span class='ocrx_word' id='word_1_134' title='bbox 354 1262 433 1309; x_wconf 62' lang='lat'>§4-</span> <span class='ocrx_word' id='word_1_135' title='bbox 469 1262 631 1297; x_wconf 87' lang='lat' dir='ltr'>Universis</span> <span class='ocrx_word' id='word_1_136' title='bbox 673 1262 789 1296; x_wconf 77' lang='lat' dir='ltr'>Clu-isti</span> <span class='ocrx_word' id='word_1_137' title='bbox 827 1262 973 1296; x_wconf 81' lang='lat' dir='ltr'>fidelibus</span> <span class='ocrx_word' id='word_1_138' title='bbox 1007 1275 1062 1310; x_wconf 80' lang='lat' dir='ltr'>per</span> 
     </span>
    </p>
   </div>
   <div class='ocr_carea' id='block_1_8' title="bbox 266 1311 1063 1358">
    <p class='ocr_par' dir='ltr' id='par_1_11' title="bbox 266 1311 1063 1358">
     <span class='ocr_line' id='line_1_35' title="bbox 266 1311 1063 1358; baseline 0.003 -13"><span class='ocrx_word' id='word_1_139' title='bbox 266 1323 290 1335; x_wconf 67' lang='lat'>‹¹-</span> <span class='ocrx_word' id='word_1_140' title='bbox 304 1312 475 1358; x_wconf 87' lang='lat' dir='ltr'>apostolica</span> <span class='ocrx_word' id='word_1_141' title='bbox 503 1312 617 1358; x_wconf 85' lang='lat' dir='ltr'>scripta</span> <span class='ocrx_word' id='word_1_142' title='bbox 647 1311 846 1350; x_wconf 48' lang='lat' dir='ltr'>mandante&amp;</span> <span class='ocrx_word' id='word_1_143' title='bbox 869 1312 953 1358; x_wconf 92' lang='lat' dir='ltr'>quod</span> <span class='ocrx_word' id='word_1_144' title='bbox 987 1312 1063 1358; x_wconf 89' lang='lat' dir='ltr'>ipsis</span> 
     </span>
    </p>
   </div>
   <div class='ocr_carea' id='block_1_9' title="bbox 304 1360 1064 1450">
    <p class='ocr_par' dir='ltr' id='par_1_12' title="bbox 304 1360 1064 1450">
     <span class='ocr_line' id='line_1_36' title="bbox 304 1360 1062 1408; baseline 0.003 -14"><span class='ocrx_word' id='word_1_145' title='bbox 304 1362 430 1408; x_wconf 84' lang='lat' dir='ltr'>scriptis</span> <span class='ocrx_word' id='word_1_146' title='bbox 452 1373 507 1395; x_wconf 80' lang='lat' dir='ltr'>seu</span> <span class='ocrx_word' id='word_1_147' title='bbox 537 1360 658 1407; x_wconf 82' lang='lat' dir='ltr'>legibus</span> <span class='ocrx_word' id='word_1_148' title='bbox 681 1360 855 1407; x_wconf 85' lang='lat' dir='ltr'>reprobatis</span> <span class='ocrx_word' id='word_1_149' title='bbox 878 1361 917 1395; x_wconf 89' lang='lat' dir='ltr'>de</span> <span class='ocrx_word' id='word_1_150' title='bbox 939 1370 1062 1396; x_wconf 85' lang='lat' dir='ltr'>caetero</span> 
     </span>
     <span class='ocr_line' id='line_1_37' title="bbox 305 1409 1064 1450; baseline 0.003 -7"><span class='ocrx_word' id='word_1_151' title='bbox 305 1422 366 1444; x_wconf 89' lang='lat' dir='ltr'>non</span> <span class='ocrx_word' id='word_1_152' title='bbox 395 1418 537 1450; x_wconf 81' lang='lat' dir='ltr'>utantur,</span> <span class='ocrx_word' id='word_1_153' title='bbox 561 1419 590 1445; x_wconf 88' lang='lat' dir='ltr'>et</span> <span class='ocrx_word' id='word_1_154' title='bbox 609 1409 727 1444; x_wconf 85' lang='lat' dir='ltr'>domini</span> <span class='ocrx_word' id='word_1_155' title='bbox 748 1418 900 1444; x_wconf 87' lang='lat' dir='ltr'>terrarum</span> <span class='ocrx_word' id='word_1_156' title='bbox 931 1419 991 1444; x_wconf 81' lang='lat' dir='ltr'>tam</span> <span class='ocrx_word' id='word_1_157' title='bbox 1015 1424 1064 1445; x_wconf 87' lang='lat' dir='ltr'>ec-</span> 
     </span>
    </p>
   </div>
   <div class='ocr_carea' id='block_1_10' title="bbox 303 1459 1065 1507">
    <p class='ocr_par' dir='ltr' id='par_1_13' title="bbox 303 1459 1065 1507">
     <span class='ocr_line' id='line_1_38' title="bbox 303 1459 1065 1507; baseline 0.001 -14"><span class='ocrx_word' id='word_1_158' title='bbox 303 1459 481 1501; x_wconf 87' lang='lat' dir='ltr'>clesiastici,</span> <span class='ocrx_word' id='word_1_159' title='bbox 505 1472 598 1507; x_wconf 82' lang='lat' dir='ltr'>quam</span> <span class='ocrx_word' id='word_1_160' title='bbox 627 1459 806 1493; x_wconf 76' lang='lat' dir='ltr'>saeculares</span> <span class='ocrx_word' id='word_1_161' title='bbox 832 1472 908 1493; x_wconf 84' lang='lat' dir='ltr'>suos</span> <span class='ocrx_word' id='word_1_162' title='bbox 924 1460 967 1494; x_wconf 86' lang='lat' dir='ltr'>uti</span> <span class='ocrx_word' id='word_1_163' title='bbox 991 1461 1065 1494; x_wconf 92' lang='lat' dir='ltr'>sub-</span> 
     </span>
    </p>
   </div>
   <div class='ocr_carea' id='block_1_11' title="bbox 302 1508 1062 1939">
    <p class='ocr_par' dir='ltr' id='par_1_14' title="bbox 302 1508 1062 1852">
     <span class='ocr_line' id='line_1_39' title="bbox 302 1508 1060 1555; baseline 0.004 -14"><span class='ocrx_word' id='word_1_164' title='bbox 302 1509 385 1543; x_wconf 90' lang='lat' dir='ltr'>ditos</span> <span class='ocrx_word' id='word_1_165' title='bbox 403 1521 463 1543; x_wconf 95' lang='lat' dir='ltr'>non</span> <span class='ocrx_word' id='word_1_166' title='bbox 486 1510 678 1555; x_wconf 69' lang='lat' dir='ltr'>permittant.</span> <span class='ocrx_word' id='word_1_167' title='bbox 696 1508 846 1555; x_wconf 80' lang='lat' dir='ltr'>Alioquin</span> <span class='ocrx_word' id='word_1_168' title='bbox 867 1510 1060 1544; x_wconf 87' lang='lat' dir='ltr'>eontrarium</span> 
     </span>
     <span class='ocr_line' id='line_1_40' title="bbox 303 1558 1062 1605; baseline 0.001 -13"><span class='ocrx_word' id='word_1_169' title='bbox 303 1565 550 1604; x_wconf 79' lang='lat' dir='ltr'>praesumentes,</span> <span class='ocrx_word' id='word_1_170' title='bbox 562 1558 792 1605; x_wconf 89' lang='lat' dir='ltr'>cuiuscumque</span> <span class='ocrx_word' id='word_1_171' title='bbox 806 1559 1062 1605; x_wconf 66' lang='lat' dir='ltr'>przecminentiae,</span> 
     </span>
     <span class='ocr_line' id='line_1_41' title="bbox 302 1607 1061 1653; baseline 0.004 -13"><span class='ocrx_word' id='word_1_172' title='bbox 302 1608 477 1653; x_wconf 80' lang='lat' dir='ltr'>dignitatis,</span> <span class='ocrx_word' id='word_1_173' title='bbox 499 1617 602 1642; x_wconf 87' lang='lat' dir='ltr'>status</span> <span class='ocrx_word' id='word_1_174' title='bbox 625 1608 670 1641; x_wconf 79' lang='lat' dir='ltr'>vel</span> <span class='ocrx_word' id='word_1_175' title='bbox 700 1607 891 1641; x_wconf 88' lang='lat' dir='ltr'>conditionis</span> <span class='ocrx_word' id='word_1_176' title='bbox 918 1609 1061 1649; x_wconf 72' lang='lat' dir='ltr'>existant</span> 
     </span>
     <span class='ocr_line' id='line_1_42' title="bbox 303 1657 1060 1704; baseline 0.003 -14"><span class='ocrx_word' id='word_1_177' title='bbox 303 1658 423 1691; x_wconf 89' lang='lat' dir='ltr'>etiamsi</span> <span class='ocrx_word' id='word_1_178' title='bbox 462 1657 645 1704; x_wconf 79' lang='lat' dir='ltr'>pontificali,</span> <span class='ocrx_word' id='word_1_179' title='bbox 683 1657 848 1704; x_wconf 85' lang='lat' dir='ltr'>imperiali,</span> <span class='ocrx_word' id='word_1_180' title='bbox 886 1659 978 1702; x_wconf 74' lang='lat' dir='ltr'>regali</span> <span class='ocrx_word' id='word_1_181' title='bbox 1016 1659 1060 1692; x_wconf 72' lang='lat' dir='ltr'>iel</span> 
     </span>
     <span class='ocr_line' id='line_1_43' title="bbox 303 1706 1062 1753; baseline 0.001 -13.011"><span class='ocrx_word' id='word_1_182' title='bbox 303 1707 359 1740; x_wconf 70' lang='lat' dir='ltr'>uia</span> <span class='ocrx_word' id='word_1_183' title='bbox 388 1706 529 1753; x_wconf 87' lang='lat' dir='ltr'>qualibet</span> <span class='ocrx_word' id='word_1_184' title='bbox 557 1706 771 1753; x_wconf 78' lang='lat' dir='ltr'>praefulgeant</span> <span class='ocrx_word' id='word_1_185' title='bbox 794 1707 947 1752; x_wconf 82' lang='lat' dir='ltr'>dignitate</span> <span class='ocrx_word' id='word_1_186' title='bbox 963 1735 972 1751; x_wconf 91' lang='lat'>,</span> <span class='ocrx_word' id='word_1_187' title='bbox 1006 1720 1062 1741; x_wconf 81' lang='lat' dir='ltr'>ex-</span> 
     </span>
     <span class='ocr_line' id='line_1_44' title="bbox 303 1756 1062 1791; baseline 0.003 -2"><span class='ocrx_word' id='word_1_188' title='bbox 303 1756 599 1791; x_wconf 81' lang='lat' dir='ltr'>communicationis</span> <span class='ocrx_word' id='word_1_189' title='bbox 618 1758 807 1790; x_wconf 81' lang='lat' dir='ltr'>sententiam</span> <span class='ocrx_word' id='word_1_190' title='bbox 834 1757 958 1791; x_wconf 82' lang='lat' dir='ltr'>ineurr(</span> <span class='ocrx_word' id='word_1_191' title='bbox 963 1769 994 1791; x_wconf 92' lang='lat' dir='ltr'>re</span> <span class='ocrx_word' id='word_1_192' title='bbox 1013 1770 1062 1791; x_wconf 85' lang='lat' dir='ltr'>vo-</span> 
     </span>
     <span class='ocr_line' id='line_1_45' title="bbox 305 1806 620 1852; baseline 0.003 -13"><span class='ocrx_word' id='word_1_193' title='bbox 305 1806 410 1839; x_wconf 89' lang='lat' dir='ltr'>lumus</span> <span class='ocrx_word' id='word_1_194' title='bbox 438 1806 506 1852; x_wconf 73' lang='lat' dir='ltr'>ipso</span> <span class='ocrx_word' id='word_1_195' title='bbox 530 1806 620 1840; x_wconf 87' lang='lat' dir='ltr'>facto.</span> 
     </span>
    </p>

    <p class='ocr_par' dir='ltr' id='par_1_15' title="bbox 304 1854 1060 1939">
     <span class='ocr_line' id='line_1_46' title="bbox 353 1854 1060 1902; baseline 0 -13"><span class='ocrx_word' id='word_1_196' title='bbox 353 1855 373 1901; x_wconf 63' lang='grc'>5</span> <span class='ocrx_word' id='word_1_197' title='bbox 390 1859 421 1889; x_wconf 84' lang='lat'>5.</span> <span class='ocrx_word' id='word_1_198' title='bbox 441 1855 477 1889; x_wconf 86' lang='lat' dir='ltr'>Et</span> <span class='ocrx_word' id='word_1_199' title='bbox 499 1863 530 1889; x_wconf 92' lang='lat' dir='ltr'>ut</span> <span class='ocrx_word' id='word_1_200' title='bbox 547 1854 735 1902; x_wconf 74' lang='lat' dir='ltr'>reprobatio,</span> <span class='ocrx_word' id='word_1_201' title='bbox 755 1855 915 1889; x_wconf 87' lang='lat' dir='ltr'>damnatio</span> <span class='ocrx_word' id='word_1_202' title='bbox 932 1864 960 1889; x_wconf 89' lang='lat' dir='ltr'>et</span> <span class='ocrx_word' id='word_1_203' title='bbox 979 1868 1060 1890; x_wconf 89' lang='lat' dir='ltr'>man-</span> 
     </span>
     <span class='ocr_line' id='line_1_47' title="bbox 304 1903 1059 1939; baseline 0.004 -3"><span class='ocrx_word' id='word_1_204' title='bbox 304 1903 412 1938; x_wconf 87' lang='lat' dir='ltr'>datum</span> <span class='ocrx_word' id='word_1_205' title='bbox 451 1912 554 1938; x_wconf 87' lang='lat' dir='ltr'>nostra</span> <span class='ocrx_word' id='word_1_206' title='bbox 593 1904 774 1938; x_wconf 83' lang='lat' dir='ltr'>huiusmodi</span> <span class='ocrx_word' id='word_1_207' title='bbox 823 1912 882 1937; x_wconf 89' lang='lat' dir='ltr'>tam</span> <span class='ocrx_word' id='word_1_208' title='bbox 924 1905 1059 1939; x_wconf 78' lang='lat' dir='ltr'>salubria</span> 
     </span>
    </p>
   </div>
   <div class='ocr_carea' id='block_1_12' title="bbox 272 1952 1061 1998">
    <p class='ocr_par' dir='ltr' id='par_1_16' title="bbox 272 1952 1061 1998">
     <span class='ocr_line' id='line_1_48' title="bbox 272 1952 1061 1998; baseline 0.004 -13"><span class='ocrx_word' id='word_1_209' title='bbox 272 1968 290 1985; x_wconf 80' lang='lat' dir='ltr'>i·</span> <span class='ocrx_word' id='word_1_210' title='bbox 305 1953 450 1986; x_wconf 81' lang='lat' dir='ltr'>effectum</span> <span class='ocrx_word' id='word_1_211' title='bbox 487 1953 628 1988; x_wconf 89' lang='lat' dir='ltr'>debitum</span> <span class='ocrx_word' id='word_1_212' title='bbox 666 1952 913 1998; x_wconf 71' lang='lat' dir='ltr'>irrefragabilius</span> <span class='ocrx_word' id='word_1_213' title='bbox 947 1967 1061 1988; x_wconf 85' lang='lat' dir='ltr'>conse-</span> 
     </span>
    </p>
   </div>
   <div class='ocr_carea' id='block_1_13' title="bbox 303 2002 1061 2692">
    <p class='ocr_par' dir='ltr' id='par_1_17' title="bbox 303 2002 1061 2641">
     <span class='ocr_line' id='line_1_49' title="bbox 304 2002 1060 2050; baseline 0.003 -15"><span class='ocrx_word' id='word_1_214' title='bbox 304 2010 454 2049; x_wconf 75' lang='lat' dir='ltr'>quantur,</span> <span class='ocrx_word' id='word_1_215' title='bbox 480 2003 642 2036; x_wconf 80' lang='lat' dir='ltr'>universos</span> <span class='ocrx_word' id='word_1_216' title='bbox 665 2010 694 2035; x_wconf 86' lang='lat' dir='ltr'>et</span> <span class='ocrx_word' id='word_1_217' title='bbox 723 2002 866 2048; x_wconf 85' lang='lat' dir='ltr'>singulos</span> <span class='ocrx_word' id='word_1_218' title='bbox 903 2003 1060 2050; x_wconf 87' lang='lat' dir='ltr'>principes</span> 
     </span>
     <span class='ocr_line' id='line_1_50' title="bbox 304 2051 1059 2098; baseline -0.001 -12"><span class='ocrx_word' id='word_1_219' title='bbox 304 2064 338 2086; x_wconf 87' lang='lat' dir='ltr'>ac</span> <span class='ocrx_word' id='word_1_220' title='bbox 358 2051 505 2086; x_wconf 88' lang='lat' dir='ltr'>dominos</span> <span class='ocrx_word' id='word_1_221' title='bbox 520 2051 710 2098; x_wconf 80' lang='lat' dir='ltr'>temporales</span> <span class='ocrx_word' id='word_1_222' title='bbox 732 2059 792 2084; x_wconf 91' lang='lat' dir='ltr'>tam</span> <span class='ocrx_word' id='word_1_223' title='bbox 816 2051 1059 2093; x_wconf 66' lang='lat' dir='ltr'>ecclesiasticos,</span> 
     </span>
     <span class='ocr_line' id='line_1_51' title="bbox 303 2100 1060 2148; baseline 0.003 -13"><span class='ocrx_word' id='word_1_224' title='bbox 303 2114 395 2148; x_wconf 89' lang='lat' dir='ltr'>quam</span> <span class='ocrx_word' id='word_1_225' title='bbox 420 2101 514 2135; x_wconf 86' lang='lat' dir='ltr'>etiam</span> <span class='ocrx_word' id='word_1_226' title='bbox 537 2100 715 2136; x_wconf 80' lang='lat' dir='ltr'>saeculares</span> <span class='ocrx_word' id='word_1_227' title='bbox 740 2113 793 2146; x_wconf 85' lang='lat' dir='ltr'>per</span> <span class='ocrx_word' id='word_1_228' title='bbox 815 2109 996 2147; x_wconf 64' lang='lat' dir='ltr'>praesentes</span> <span class='ocrx_word' id='word_1_229' title='bbox 1016 2115 1060 2137; x_wconf 87' lang='lat' dir='ltr'>re-</span> 
     </span>
     <span class='ocr_line' id='line_1_52' title="bbox 303 2150 1057 2197; baseline 0.003 -13"><span class='ocrx_word' id='word_1_230' title='bbox 303 2151 461 2197; x_wconf 90' lang='lat' dir='ltr'>quirimus</span> <span class='ocrx_word' id='word_1_231' title='bbox 483 2159 513 2185; x_wconf 89' lang='lat' dir='ltr'>et</span> <span class='ocrx_word' id='word_1_232' title='bbox 541 2162 709 2196; x_wconf 75' lang='lat' dir='ltr'>rogamus,</span> <span class='ocrx_word' id='word_1_233' title='bbox 739 2150 822 2196; x_wconf 91' lang='lat' dir='ltr'>quod</span> <span class='ocrx_word' id='word_1_234' title='bbox 861 2163 915 2196; x_wconf 84' lang='lat' dir='ltr'>pet·</span> <span class='ocrx_word' id='word_1_235' title='bbox 948 2164 1057 2186; x_wconf 89' lang='lat' dir='ltr'>eorum</span> 
     </span>
     <span class='ocr_line' id='line_1_53' title="bbox 303 2200 1058 2246; baseline 0.001 -13"><span class='ocrx_word' id='word_1_236' title='bbox 303 2201 548 2234; x_wconf 73' lang='lat' dir='ltr'>constitutiones</span> <span class='ocrx_word' id='word_1_237' title='bbox 563 2209 591 2234; x_wconf 84' lang='lat' dir='ltr'>et</span> <span class='ocrx_word' id='word_1_238' title='bbox 607 2208 718 2233; x_wconf 86' lang='lat' dir='ltr'>statuta</span> <span class='ocrx_word' id='word_1_239' title='bbox 736 2208 884 2246; x_wconf 85' lang='lat' dir='ltr'>perpetua</span> <span class='ocrx_word' id='word_1_240' title='bbox 900 2200 1058 2239; x_wconf 77' lang='lat' dir='ltr'>ordinent</span> 
     </span>
     <span class='ocr_line' id='line_1_54' title="bbox 305 2248 1059 2296; baseline 0.001 -13"><span class='ocrx_word' id='word_1_241' title='bbox 305 2250 453 2283; x_wconf 78' lang='lat' dir='ltr'>mandent</span> <span class='ocrx_word' id='word_1_242' title='bbox 470 2249 529 2282; x_wconf 87' lang='lat' dir='ltr'>sub</span> <span class='ocrx_word' id='word_1_243' title='bbox 550 2248 699 2294; x_wconf 74' lang='lat' dir='ltr'>gravibus</span> <span class='ocrx_word' id='word_1_244' title='bbox 727 2249 954 2295; x_wconf 83' lang='lat' dir='ltr'>temporalibus</span> <span class='ocrx_word' id='word_1_245' title='bbox 982 2262 1059 2296; x_wconf 90' lang='lat' dir='ltr'>poe-</span> 
     </span>
     <span class='ocr_line' id='line_1_55' title="bbox 306 2298 1061 2345; baseline 0.001 -13"><span class='ocrx_word' id='word_1_246' title='bbox 306 2299 365 2343; x_wconf 85' lang='lat' dir='ltr'>nis,</span> <span class='ocrx_word' id='word_1_247' title='bbox 383 2298 467 2345; x_wconf 87' lang='lat' dir='ltr'>quod</span> <span class='ocrx_word' id='word_1_248' title='bbox 484 2298 590 2332; x_wconf 90' lang='lat' dir='ltr'>nullus</span> <span class='ocrx_word' id='word_1_249' title='bbox 606 2310 734 2332; x_wconf 89' lang='lat' dir='ltr'>suorum</span> <span class='ocrx_word' id='word_1_250' title='bbox 751 2298 951 2333; x_wconf 82' lang='lat' dir='ltr'>subditorum</span> <span class='ocrx_word' id='word_1_251' title='bbox 975 2300 1061 2333; x_wconf 86' lang='lat' dir='ltr'>dein·</span> 
     </span>
     <span class='ocr_line' id='line_1_56' title="bbox 303 2347 1059 2395; baseline 0.003 -14"><span class='ocrx_word' id='word_1_252' title='bbox 303 2360 377 2395; x_wconf 78' lang='lat' dir='ltr'>ceps</span> <span class='ocrx_word' id='word_1_253' title='bbox 393 2356 499 2382; x_wconf 90' lang='lat' dir='ltr'>utatur</span> <span class='ocrx_word' id='word_1_254' title='bbox 522 2347 697 2394; x_wconf 84' lang='lat' dir='ltr'>reprobatis</span> <span class='ocrx_word' id='word_1_255' title='bbox 713 2349 839 2394; x_wconf 80' lang='lat' dir='ltr'>scriptis</span> <span class='ocrx_word' id='word_1_256' title='bbox 858 2360 913 2381; x_wconf 81' lang='lat' dir='ltr'>seu</span> <span class='ocrx_word' id='word_1_257' title='bbox 938 2349 1059 2394; x_wconf 75' lang='lat' dir='ltr'>legibus</span> 
     </span>
     <span class='ocr_line' id='line_1_57' title="bbox 305 2398 1060 2444; baseline 0.001 -13"><span class='ocrx_word' id='word_1_258' title='bbox 305 2398 495 2440; x_wconf 85' lang='lat' dir='ltr'>memoratis,</span> <span class='ocrx_word' id='word_1_259' title='bbox 523 2398 668 2444; x_wconf 80' lang='lat' dir='ltr'>ipsasque</span> <span class='ocrx_word' id='word_1_260' title='bbox 693 2409 809 2443; x_wconf 88' lang='lat' dir='ltr'>poenas</span> <span class='ocrx_word' id='word_1_261' title='bbox 845 2399 874 2430; x_wconf 85' lang='lat' dir='ltr'>in</span> <span class='ocrx_word' id='word_1_262' title='bbox 904 2399 1060 2432; x_wconf 78' lang='lat' dir='ltr'>contrafa-</span> 
     </span>
     <span class='ocr_line' id='line_1_58' title="bbox 304 2446 1059 2493; baseline 0 -12"><span class='ocrx_word' id='word_1_263' title='bbox 304 2449 424 2481; x_wconf 77' lang='lat' dir='ltr'>cientes</span> <span class='ocrx_word' id='word_1_264' title='bbox 459 2446 559 2480; x_wconf 88' lang='lat' dir='ltr'>taliter</span> <span class='ocrx_word' id='word_1_265' title='bbox 586 2454 793 2493; x_wconf 72' lang='lat' dir='ltr'>exequantur,</span> <span class='ocrx_word' id='word_1_266' title='bbox 821 2447 903 2493; x_wconf 91' lang='lat' dir='ltr'>quod</span> <span class='ocrx_word' id='word_1_267' title='bbox 932 2459 1059 2481; x_wconf 90' lang='lat' dir='ltr'>eorum-</span> 
     </span>
     <span class='ocr_line' id='line_1_59' title="bbox 303 2496 1057 2542; baseline 0.001 -12"><span class='ocrx_word' id='word_1_268' title='bbox 303 2497 373 2531; x_wconf 89' lang='lat' dir='ltr'>dem</span> <span class='ocrx_word' id='word_1_269' title='bbox 410 2496 599 2542; x_wconf 87' lang='lat' dir='ltr'>scriptorum</span> <span class='ocrx_word' id='word_1_270' title='bbox 635 2508 690 2529; x_wconf 80' lang='lat' dir='ltr'>seu</span> <span class='ocrx_word' id='word_1_271' title='bbox 731 2497 833 2541; x_wconf 74' lang='lat' dir='ltr'>legum</span> <span class='ocrx_word' id='word_1_272' title='bbox 876 2496 1057 2531; x_wconf 83' lang='lat' dir='ltr'>detestanda</span> 
     </span>
     <span class='ocr_line' id='line_1_60' title="bbox 305 2545 1057 2592; baseline 0 -13"><span class='ocrx_word' id='word_1_273' title='bbox 305 2546 454 2592; x_wconf 85' lang='lat' dir='ltr'>iniquitas</span> <span class='ocrx_word' id='word_1_274' title='bbox 476 2546 513 2578; x_wconf 92' lang='lat' dir='ltr'>de</span> <span class='ocrx_word' id='word_1_275' title='bbox 538 2545 630 2579; x_wconf 76' lang='lat' dir='ltr'>terris&#39;</span> <span class='ocrx_word' id='word_1_276' title='bbox 655 2558 764 2580; x_wconf 85' lang='lat' dir='ltr'>eorum</span> <span class='ocrx_word' id='word_1_277' title='bbox 795 2546 929 2579; x_wconf 83' lang='lat' dir='ltr'>totaliter</span> <span class='ocrx_word' id='word_1_278' title='bbox 961 2547 1057 2579; x_wconf 89' lang='lat' dir='ltr'>extir-</span> 
     </span>
     <span class='ocr_line' id='line_1_61' title="bbox 305 2603 406 2641; baseline -0.01 -12"><span class='ocrx_word' id='word_1_279' title='bbox 305 2603 406 2641; x_wconf 86' lang='lat' dir='ltr'>petur.</span> 
     </span>
    </p>

    <p class='ocr_par' dir='ltr' id='par_1_18' title="bbox 354 2644 1056 2692">
     <span class='ocr_line' id='line_1_62' title="bbox 354 2644 1056 2692; baseline 0.001 -14"><span class='ocrx_word' id='word_1_280' title='bbox 354 2644 373 2690; x_wconf 65' lang='lat' dir='ltr'>S</span> <span class='ocrx_word' id='word_1_281' title='bbox 397 2646 429 2678; x_wconf 82' lang='grc'>6.</span> <span class='ocrx_word' id='word_1_282' title='bbox 444 2644 549 2679; x_wconf 90' lang='lat' dir='ltr'>Tenor</span> <span class='ocrx_word' id='word_1_283' title='bbox 571 2652 676 2679; x_wconf 90' lang='lat' dir='ltr'>autem</span> <span class='ocrx_word' id='word_1_284' title='bbox 693 2645 846 2679; x_wconf 88' lang='lat' dir='ltr'>dictorum</span> <span class='ocrx_word' id='word_1_285' title='bbox 865 2645 1056 2692; x_wconf 85' lang='lat' dir='ltr'>scriptorum</span> 
     </span>
    </p>
   </div>
   <div class='ocr_carea' id='block_1_14' title="bbox 1100 258 1862 2640">
    <p class='ocr_par' dir='ltr' id='par_1_19' title="bbox 1739 258 1808 290">
     <span class='ocr_line' id='line_1_63' title="bbox 1739 258 1808 290; baseline 0 -1"><span class='ocrx_word' id='word_1_286' title='bbox 1739 258 1808 290; x_wconf 65' lang='grc' dir='ltr'>5Τῖ</span> 
     </span>
    </p>

    <p class='ocr_par' dir='ltr' id='par_1_20' title="bbox 1100 322 1862 2640">
     <span class='ocr_line' id='line_1_64' title="bbox 1103 322 1856 369; baseline -0.001 -11"><span class='ocrx_word' id='word_1_287' title='bbox 1103 337 1158 358; x_wconf 87' lang='lat' dir='ltr'>seu</span> <span class='ocrx_word' id='word_1_288' title='bbox 1184 324 1300 369; x_wconf 77' lang='lat' dir='ltr'>legum,</span> <span class='ocrx_word' id='word_1_289' title='bbox 1327 322 1391 356; x_wconf 81' lang='lat' dir='ltr'>sive</span> <span class='ocrx_word' id='word_1_290' title='bbox 1418 323 1548 356; x_wconf 78' lang='lat' dir='ltr'>effectus</span> <span class='ocrx_word' id='word_1_291' title='bbox 1570 335 1678 357; x_wconf 84' lang='lat' dir='ltr'>corum</span> <span class='ocrx_word' id='word_1_292' title='bbox 1709 324 1777 358; x_wconf 78' lang='lat' dir='ltr'>talis</span> <span class='ocrx_word' id='word_1_293' title='bbox 1798 332 1856 357; x_wconf 78' lang='lat' dir='ltr'>est.</span> 
     </span>
     <span class='ocr_line' id='line_1_65' title="bbox 1105 371 1856 419; baseline -0.001 -12"><span class='ocrx_word' id='word_1_294' title='bbox 1105 373 1231 407; x_wconf 83' lang='lat' dir='ltr'>Primus</span> <span class='ocrx_word' id='word_1_295' title='bbox 1257 371 1408 406; x_wconf 86' lang='lat' dir='ltr'>articulus</span> <span class='ocrx_word' id='word_1_296' title='bbox 1424 371 1574 410; x_wconf 89' lang='lat' dir='ltr'>continet,</span> <span class='ocrx_word' id='word_1_297' title='bbox 1602 372 1685 417; x_wconf 89' lang='lat' dir='ltr'>quod</span> <span class='ocrx_word' id='word_1_298' title='bbox 1702 372 1856 419; x_wconf 85' lang='lat' dir='ltr'>quidquid</span> 
     </span>
     <span class='ocr_line' id='line_1_66' title="bbox 1105 421 1858 468; baseline 0 -13"><span class='ocrx_word' id='word_1_299' title='bbox 1105 422 1198 456; x_wconf 86' lang='lat' dir='ltr'>bomo</span> <span class='ocrx_word' id='word_1_300' title='bbox 1213 421 1304 455; x_wconf 84' lang='lat' dir='ltr'>fucrit</span> <span class='ocrx_word' id='word_1_301' title='bbox 1319 423 1362 464; x_wconf 87' lang='lat' dir='ltr'>(l)</span> <span class='ocrx_word' id='word_1_302' title='bbox 1381 428 1464 454; x_wconf 85' lang='lat' dir='ltr'>extra</span> <span class='ocrx_word' id='word_1_303' title='bbox 1484 421 1649 460; x_wconf 81' lang='lat' dir='ltr'>iudiciuin,</span> <span class='ocrx_word' id='word_1_304' title='bbox 1665 422 1858 468; x_wconf 86' lang='lat' dir='ltr'>quantumli-</span> 
     </span>
     <span class='ocr_line' id='line_1_67' title="bbox 1104 469 1859 517; baseline -0.001 -12"><span class='ocrx_word' id='word_1_305' title='bbox 1104 471 1154 505; x_wconf 89' lang='lat' dir='ltr'>bet</span> <span class='ocrx_word' id='word_1_306' title='bbox 1169 471 1228 505; x_wconf 89' lang='lat' dir='ltr'>boe</span> <span class='ocrx_word' id='word_1_307' title='bbox 1240 471 1278 505; x_wconf 91' lang='lat' dir='ltr'>sit</span> <span class='ocrx_word' id='word_1_308' title='bbox 1294 470 1464 510; x_wconf 81' lang='lat' dir='ltr'>notorium,</span> <span class='ocrx_word' id='word_1_309' title='bbox 1478 483 1510 503; x_wconf 86' lang='lat' dir='ltr'>se</span> <span class='ocrx_word' id='word_1_310' title='bbox 1530 469 1659 503; x_wconf 82' lang='lat' dir='ltr'>liberare</span> <span class='ocrx_word' id='word_1_311' title='bbox 1678 472 1789 517; x_wconf 88' lang='lat' dir='ltr'>poterit</span> <span class='ocrx_word' id='word_1_312' title='bbox 1805 482 1859 517; x_wconf 91' lang='lat' dir='ltr'>per</span> 
     </span>
     <span class='ocr_line' id='line_1_68' title="bbox 1102 520 1859 573; baseline -0.001 -19"><span class='ocrx_word' id='word_1_313' title='bbox 1102 533 1194 555; x_wconf 90' lang='lat' dir='ltr'>suum</span> <span class='ocrx_word' id='word_1_314' title='bbox 1225 521 1450 573; x_wconf 81' lang='lat' dir='ltr'>iuramentum,</span> <span class='ocrx_word' id='word_1_315' title='bbox 1478 531 1536 552; x_wconf 88' lang='lat' dir='ltr'>nee</span> <span class='ocrx_word' id='word_1_316' title='bbox 1562 527 1669 553; x_wconf 88' lang='lat' dir='ltr'>contra</span> <span class='ocrx_word' id='word_1_317' title='bbox 1697 520 1756 553; x_wconf 85' lang='lat' dir='ltr'>tale</span> <span class='ocrx_word' id='word_1_318' title='bbox 1780 520 1859 554; x_wconf 83' lang='lat' dir='ltr'>valet</span> 
     </span>
     <span class='ocr_line' id='line_1_69' title="bbox 1102 567 1857 624; baseline -0.001 -21"><span class='ocrx_word' id='word_1_319' title='bbox 1102 568 1228 616; x_wconf 82' lang='lat' dir='ltr'>aliquod</span> <span class='ocrx_word' id='word_1_320' title='bbox 1258 568 1484 603; x_wconf 90' lang='lat' dir='ltr'>testimonium.</span> <span class='ocrx_word' id='word_1_321' title='bbox 1504 567 1672 601; x_wconf 80' lang='lat' dir='ltr'>Secundus</span> <span class='ocrx_word' id='word_1_322' title='bbox 1693 577 1751 607; x_wconf 86' lang='lat' dir='ltr'>est,</span> <span class='ocrx_word' id='word_1_323' title='bbox 1774 569 1857 624; x_wconf 83' lang='lat' dir='ltr'>quod</span> 
     </span>
     <span class='ocr_line' id='line_1_70' title="bbox 1104 617 1859 670; baseline -0.001 -17"><span class='ocrx_word' id='word_1_324' title='bbox 1104 619 1188 666; x_wconf 83' lang='lat' dir='ltr'>Papa</span> <span class='ocrx_word' id='word_1_325' title='bbox 1217 630 1278 652; x_wconf 91' lang='lat' dir='ltr'>non</span> <span class='ocrx_word' id='word_1_326' title='bbox 1317 624 1429 664; x_wconf 89' lang='lat' dir='ltr'>potest</span> <span class='ocrx_word' id='word_1_327' title='bbox 1457 628 1514 650; x_wconf 89' lang='lat' dir='ltr'>uec</span> <span class='ocrx_word' id='word_1_328' title='bbox 1537 617 1654 670; x_wconf 28' lang='lat' dir='ltr'>*aliquis</span> <span class='ocrx_word' id='word_1_329' title='bbox 1680 617 1760 651; x_wconf 84' lang='lat' dir='ltr'>alius</span> <span class='ocrx_word' id='word_1_330' title='bbox 1794 619 1859 652; x_wconf 90' lang='lat' dir='ltr'>im-</span> 
     </span>
     <span class='ocr_line' id='line_1_71' title="bbox 1106 675 1858 715; baseline -0.001 -13"><span class='ocrx_word' id='word_1_331' title='bbox 1106 676 1280 715; x_wconf 81' lang='lat' dir='ltr'>peratorem</span> <span class='ocrx_word' id='word_1_332' title='bbox 1340 678 1641 705; x_wconf 81' lang='lat' dir='ltr'>excommunicare,</span> <span class='ocrx_word' id='word_1_333' title='bbox 1693 675 1858 714; x_wconf 70' lang='lat' dir='ltr'>postquam</span> 
     </span>
     <span class='ocr_line' id='line_1_72' title="bbox 1102 714 1859 756; baseline -0.003 -4"><span class='ocrx_word' id='word_1_334' title='bbox 1102 726 1304 752; x_wconf 87' lang='lat' dir='ltr'>consecratus</span> <span class='ocrx_word' id='word_1_335' title='bbox 1332 715 1378 749; x_wconf 88' lang='lat' dir='ltr'>vel</span> <span class='ocrx_word' id='word_1_336' title='bbox 1416 714 1494 749; x_wconf 86' lang='lat' dir='ltr'>alias</span> <span class='ocrx_word' id='word_1_337' title='bbox 1521 715 1669 749; x_wconf 85' lang='lat' dir='ltr'>inunctus</span> <span class='ocrx_word' id='word_1_338' title='bbox 1690 725 1762 756; x_wconf 84' lang='lat' dir='ltr'>est,</span> <span class='ocrx_word' id='word_1_339' title='bbox 1802 717 1859 750; x_wconf 83' lang='lat' dir='ltr'>nisi</span> 
     </span>
     <span class='ocr_line' id='line_1_73' title="bbox 1103 763 1858 804; baseline -0.003 -3"><span class='ocrx_word' id='word_1_340' title='bbox 1103 767 1204 801; x_wconf 87' lang='lat' dir='ltr'>solum</span> <span class='ocrx_word' id='word_1_341' title='bbox 1230 766 1259 800; x_wconf 90' lang='lat' dir='ltr'>in</span> <span class='ocrx_word' id='word_1_342' title='bbox 1283 765 1384 800; x_wconf 84' lang='lat' dir='ltr'>tribus</span> <span class='ocrx_word' id='word_1_343' title='bbox 1410 763 1547 804; x_wconf 85' lang='lat' dir='ltr'>casibus</span> <span class='ocrx_word' id='word_1_344' title='bbox 1575 765 1599 798; x_wconf 92' lang='lat' dir='ltr'>si</span> <span class='ocrx_word' id='word_1_345' title='bbox 1628 763 1747 798; x_wconf 88' lang='lat' dir='ltr'>dubius</span> <span class='ocrx_word' id='word_1_346' title='bbox 1773 766 1858 799; x_wconf 86' lang='lat' dir='ltr'>sitin</span> 
     </span>
     <span class='ocr_line' id='line_1_74' title="bbox 1104 813 1862 862; baseline -0.003 -12"><span class='ocrx_word' id='word_1_347' title='bbox 1104 817 1182 860; x_wconf 83' lang='lat' dir='ltr'>lide,</span> <span class='ocrx_word' id='word_1_348' title='bbox 1211 815 1353 862; x_wconf 84' lang='lat' dir='ltr'>repudiet</span> <span class='ocrx_word' id='word_1_349' title='bbox 1377 825 1505 847; x_wconf 89' lang='lat' dir='ltr'>uxorem</span> <span class='ocrx_word' id='word_1_350' title='bbox 1531 813 1702 859; x_wconf 84' lang='lat' dir='ltr'>legitimam</span> <span class='ocrx_word' id='word_1_351' title='bbox 1733 815 1779 848; x_wconf 90' lang='lat' dir='ltr'>vel</span> <span class='ocrx_word' id='word_1_352' title='bbox 1803 814 1862 848; x_wconf 86' lang='lat' dir='ltr'>de-</span> 
     </span>
     <span class='ocr_line' id='line_1_75' title="bbox 1103 862 1860 909; baseline -0.001 -10"><span class='ocrx_word' id='word_1_353' title='bbox 1103 873 1201 900; x_wconf 84' lang='lat' dir='ltr'>struat</span> <span class='ocrx_word' id='word_1_354' title='bbox 1239 864 1398 899; x_wconf 87' lang='lat' dir='ltr'>ecclesias.</span> <span class='ocrx_word' id='word_1_355' title='bbox 1436 862 1586 903; x_wconf 79' lang='lat' dir='ltr'>Tertius,</span> <span class='ocrx_word' id='word_1_356' title='bbox 1614 862 1698 909; x_wconf 91' lang='lat' dir='ltr'>quod</span> <span class='ocrx_word' id='word_1_357' title='bbox 1734 875 1860 898; x_wconf 85' lang='lat' dir='ltr'>exeom-</span> 
     </span>
     <span class='ocr_line' id='line_1_76' title="bbox 1104 911 1862 949; baseline -0.001 -1"><span class='ocrx_word' id='word_1_358' title='bbox 1104 914 1275 949; x_wconf 89' lang='lat' dir='ltr'>municatio</span> <span class='ocrx_word' id='word_1_359' title='bbox 1299 913 1460 948; x_wconf 87' lang='lat' dir='ltr'>neminem</span> <span class='ocrx_word' id='word_1_360' title='bbox 1485 911 1627 946; x_wconf 90' lang='lat' dir='ltr'>debilitat</span> <span class='ocrx_word' id='word_1_361' title='bbox 1651 912 1680 946; x_wconf 93' lang='lat' dir='ltr'>in</span> <span class='ocrx_word' id='word_1_362' title='bbox 1709 912 1776 947; x_wconf 91' lang='lat' dir='ltr'>iure</span> <span class='ocrx_word' id='word_1_363' title='bbox 1803 922 1862 948; x_wconf 91' lang='lat' dir='ltr'>ter-</span> 
     </span>
     <span class='ocr_line' id='line_1_77' title="bbox 1104 961 1862 1009; baseline -0.003 -10"><span class='ocrx_word' id='word_1_364' title='bbox 1104 976 1155 999; x_wconf 87' lang='lat' dir='ltr'>rae</span> <span class='ocrx_word' id='word_1_365' title='bbox 1183 964 1229 998; x_wconf 87' lang='lat' dir='ltr'>vel</span> <span class='ocrx_word' id='word_1_366' title='bbox 1257 963 1354 1006; x_wconf 87' lang='lat' dir='ltr'>feudi,</span> <span class='ocrx_word' id='word_1_367' title='bbox 1378 962 1437 996; x_wconf 92' lang='lat' dir='ltr'>nisi</span> <span class='ocrx_word' id='word_1_368' title='bbox 1461 968 1611 1007; x_wconf 83' lang='lat' dir='ltr'>sequatur</span> <span class='ocrx_word' id='word_1_369' title='bbox 1646 961 1759 1008; x_wconf 75' lang='lat' dir='ltr'>regalis</span> <span class='ocrx_word' id='word_1_370' title='bbox 1787 974 1862 1009; x_wconf 92' lang='lat' dir='ltr'>pro-</span> 
     </span>
     <span class='ocr_line' id='line_1_78' title="bbox 1103 1010 1861 1060; baseline -0.001 -13"><span class='ocrx_word' id='word_1_371' title='bbox 1103 1013 1244 1060; x_wconf 73' lang='lat' dir='ltr'>scriptio.</span> <span class='ocrx_word' id='word_1_372' title='bbox 1272 1013 1424 1055; x_wconf 80' lang='lat' dir='ltr'>Quartus,</span> <span class='ocrx_word' id='word_1_373' title='bbox 1451 1010 1535 1057; x_wconf 90' lang='lat' dir='ltr'>quod</span> <span class='ocrx_word' id='word_1_374' title='bbox 1565 1010 1648 1057; x_wconf 85' lang='lat' dir='ltr'>Papa</span> <span class='ocrx_word' id='word_1_375' title='bbox 1673 1023 1734 1045; x_wconf 93' lang='lat' dir='ltr'>non</span> <span class='ocrx_word' id='word_1_376' title='bbox 1759 1019 1861 1058; x_wconf 89' lang='lat' dir='ltr'>potest</span> 
     </span>
     <span class='ocr_line' id='line_1_79' title="bbox 1104 1059 1861 1110; baseline -0.001 -13"><span class='ocrx_word' id='word_1_377' title='bbox 1104 1062 1230 1110; x_wconf 84' lang='lat' dir='ltr'>aliquod</span> <span class='ocrx_word' id='word_1_378' title='bbox 1259 1062 1306 1095; x_wconf 85' lang='lat' dir='ltr'>ius</span> <span class='ocrx_word' id='word_1_379' title='bbox 1337 1060 1511 1095; x_wconf 84' lang='lat' dir='ltr'>concedere</span> <span class='ocrx_word' id='word_1_380' title='bbox 1534 1059 1580 1093; x_wconf 89' lang='lat' dir='ltr'>vel</span> <span class='ocrx_word' id='word_1_381' title='bbox 1603 1068 1763 1105; x_wconf 84' lang='lat' dir='ltr'>statuere,</span> <span class='ocrx_word' id='word_1_382' title='bbox 1807 1073 1861 1108; x_wconf 87' lang='lat' dir='ltr'>per</span> 
     </span>
     <span class='ocr_line' id='line_1_80' title="bbox 1104 1109 1859 1159; baseline 0 -14"><span class='ocrx_word' id='word_1_383' title='bbox 1104 1112 1189 1159; x_wconf 89' lang='lat' dir='ltr'>quod</span> <span class='ocrx_word' id='word_1_384' title='bbox 1231 1111 1329 1145; x_wconf 88' lang='lat' dir='ltr'>valeat</span> <span class='ocrx_word' id='word_1_385' title='bbox 1356 1111 1417 1150; x_wconf 88' lang='lat' dir='ltr'>ius,</span> <span class='ocrx_word' id='word_1_386' title='bbox 1446 1109 1504 1143; x_wconf 79' lang='lat' dir='ltr'>lioc</span> <span class='ocrx_word' id='word_1_387' title='bbox 1526 1117 1584 1150; x_wconf 89' lang='lat' dir='ltr'>est,</span> <span class='ocrx_word' id='word_1_388' title='bbox 1606 1116 1723 1143; x_wconf 90' lang='lat' dir='ltr'>statum</span> <span class='ocrx_word' id='word_1_389' title='bbox 1748 1117 1859 1151; x_wconf 90' lang='lat' dir='ltr'>terrae,</span> 
     </span>
     <span class='ocr_line' id='line_1_81' title="bbox 1106 1158 1859 1201; baseline 0 -7"><span class='ocrx_word' id='word_1_390' title='bbox 1106 1162 1149 1195; x_wconf 90' lang='lat' dir='ltr'>vel</span> <span class='ocrx_word' id='word_1_391' title='bbox 1174 1160 1259 1194; x_wconf 80' lang='lat' dir='ltr'>feudi</span> <span class='ocrx_word' id='word_1_392' title='bbox 1285 1160 1446 1194; x_wconf 82' lang='lat' dir='ltr'>Saxonum</span> <span class='ocrx_word' id='word_1_393' title='bbox 1476 1158 1671 1192; x_wconf 84' lang='lat' dir='ltr'>deteriorari.</span> <span class='ocrx_word' id='word_1_394' title='bbox 1700 1159 1859 1201; x_wconf 81' lang='lat' dir='ltr'>Quintus,</span> 
     </span>
     <span class='ocr_line' id='line_1_82' title="bbox 1104 1208 1861 1256; baseline -0.001 -12"><span class='ocrx_word' id='word_1_395' title='bbox 1104 1210 1188 1256; x_wconf 89' lang='lat' dir='ltr'>quod</span> <span class='ocrx_word' id='word_1_396' title='bbox 1212 1210 1296 1244; x_wconf 89' lang='lat' dir='ltr'>nulla</span> <span class='ocrx_word' id='word_1_397' title='bbox 1320 1208 1475 1243; x_wconf 85' lang='lat' dir='ltr'>sententia</span> <span class='ocrx_word' id='word_1_398' title='bbox 1506 1215 1567 1241; x_wconf 90' lang='lat' dir='ltr'>tam</span> <span class='ocrx_word' id='word_1_399' title='bbox 1597 1208 1678 1242; x_wconf 89' lang='lat' dir='ltr'>iusta</span> <span class='ocrx_word' id='word_1_400' title='bbox 1710 1208 1778 1243; x_wconf 88' lang='lat' dir='ltr'>dari</span> <span class='ocrx_word' id='word_1_401' title='bbox 1803 1221 1861 1255; x_wconf 88' lang='lat' dir='ltr'>po-</span> 
     </span>
     <span class='ocr_line' id='line_1_83' title="bbox 1105 1257 1860 1303; baseline -0.001 -10"><span class='ocrx_word' id='word_1_402' title='bbox 1105 1260 1175 1293; x_wconf 89' lang='lat' dir='ltr'>terit</span> <span class='ocrx_word' id='word_1_403' title='bbox 1192 1259 1221 1293; x_wconf 92' lang='lat' dir='ltr'>in</span> <span class='ocrx_word' id='word_1_404' title='bbox 1237 1258 1374 1294; x_wconf 77' lang='lat' dir='ltr'>saxonia</span> <span class='ocrx_word' id='word_1_405' title='bbox 1389 1268 1493 1291; x_wconf 88' lang='lat' dir='ltr'>coram</span> <span class='ocrx_word' id='word_1_406' title='bbox 1518 1268 1628 1303; x_wconf 80' lang='lat' dir='ltr'>regno,</span> <span class='ocrx_word' id='word_1_407' title='bbox 1651 1257 1727 1292; x_wconf 91' lang='lat' dir='ltr'>alias</span> <span class='ocrx_word' id='word_1_408' title='bbox 1742 1258 1860 1292; x_wconf 91' lang='lat' dir='ltr'>iudicio</span> 
     </span>
     <span class='ocr_line' id='line_1_84' title="bbox 1105 1305 1859 1354; baseline -0.003 -11"><span class='ocrx_word' id='word_1_409' title='bbox 1105 1309 1213 1354; x_wconf 83' lang='lat' dir='ltr'>regali,</span> <span class='ocrx_word' id='word_1_410' title='bbox 1232 1307 1381 1354; x_wconf 89' lang='lat' dir='ltr'>quoniam</span> <span class='ocrx_word' id='word_1_411' title='bbox 1404 1307 1428 1340; x_wconf 89' lang='lat' dir='ltr'>si</span> <span class='ocrx_word' id='word_1_412' title='bbox 1456 1306 1541 1339; x_wconf 86' lang='lat' dir='ltr'>Saxo</span> <span class='ocrx_word' id='word_1_413' title='bbox 1563 1305 1656 1340; x_wconf 85' lang='lat' dir='ltr'>talem</span> <span class='ocrx_word' id='word_1_414' title='bbox 1671 1307 1859 1342; x_wconf 87' lang='lat' dir='ltr'>sententiam</span> 
     </span>
     <span class='ocr_line' id='line_1_85' title="bbox 1106 1355 1861 1404; baseline -0.003 -12"><span class='ocrx_word' id='word_1_415' title='bbox 1106 1357 1324 1404; x_wconf 77' lang='lat' dir='ltr'>reprehendat,</span> <span class='ocrx_word' id='word_1_416' title='bbox 1354 1363 1470 1390; x_wconf 82' lang='lat' dir='ltr'>testans</span> <span class='ocrx_word' id='word_1_417' title='bbox 1491 1355 1520 1388; x_wconf 90' lang='lat' dir='ltr'>in</span> <span class='ocrx_word' id='word_1_418' title='bbox 1539 1367 1666 1389; x_wconf 90' lang='lat' dir='ltr'>manum</span> <span class='ocrx_word' id='word_1_419' title='bbox 1682 1368 1772 1389; x_wconf 91' lang='lat' dir='ltr'>suam</span> <span class='ocrx_word' id='word_1_420' title='bbox 1788 1357 1861 1391; x_wconf 85' lang='lat' dir='ltr'>(lex-</span> 
     </span>
     <span class='ocr_line' id='line_1_86' title="bbox 1105 1405 1860 1451; baseline -0.003 -10"><span class='ocrx_word' id='word_1_421' title='bbox 1105 1415 1201 1441; x_wconf 85' lang='lat' dir='ltr'>teram</span> <span class='ocrx_word' id='word_1_422' title='bbox 1216 1415 1245 1441; x_wconf 90' lang='lat' dir='ltr'>et</span> <span class='ocrx_word' id='word_1_423' title='bbox 1261 1406 1411 1440; x_wconf 87' lang='lat' dir='ltr'>maiorem</span> <span class='ocrx_word' id='word_1_424' title='bbox 1422 1405 1695 1444; x_wconf 88' lang='lat' dir='ltr'>communitatem,</span> <span class='ocrx_word' id='word_1_425' title='bbox 1706 1406 1860 1451; x_wconf 84' lang='lat' dir='ltr'>septimus</span> 
     </span>
     <span class='ocr_line' id='line_1_87' title="bbox 1107 1454 1860 1503; baseline -0.001 -13"><span class='ocrx_word' id='word_1_426' title='bbox 1107 1468 1247 1503; x_wconf 79' lang='lat' dir='ltr'>pugnare</span> <span class='ocrx_word' id='word_1_427' title='bbox 1275 1455 1384 1489; x_wconf 77' lang='lat' dir='ltr'>volens</span> <span class='ocrx_word' id='word_1_428' title='bbox 1410 1462 1517 1488; x_wconf 85' lang='lat' dir='ltr'>contra</span> <span class='ocrx_word' id='word_1_429' title='bbox 1541 1462 1660 1500; x_wconf 84' lang='lat' dir='ltr'>septem</span> <span class='ocrx_word' id='word_1_430' title='bbox 1696 1454 1775 1488; x_wconf 84' lang='lat' dir='ltr'>alios</span> <span class='ocrx_word' id='word_1_431' title='bbox 1805 1467 1860 1501; x_wconf 93' lang='lat' dir='ltr'>pro</span> 
     </span>
     <span class='ocr_line' id='line_1_88' title="bbox 1104 1503 1861 1551; baseline -0.001 -11"><span class='ocrx_word' id='word_1_432' title='bbox 1104 1506 1186 1540; x_wconf 88' lang='lat' dir='ltr'>(licta</span> <span class='ocrx_word' id='word_1_433' title='bbox 1214 1504 1381 1545; x_wconf 85' lang='lat' dir='ltr'>sententia,</span> <span class='ocrx_word' id='word_1_434' title='bbox 1396 1503 1472 1550; x_wconf 89' lang='lat' dir='ltr'>quin</span> <span class='ocrx_word' id='word_1_435' title='bbox 1497 1510 1572 1536; x_wconf 89' lang='lat' dir='ltr'>tuuc</span> <span class='ocrx_word' id='word_1_436' title='bbox 1596 1503 1648 1537; x_wconf 86' lang='lat' dir='ltr'>ubi</span> <span class='ocrx_word' id='word_1_437' title='bbox 1669 1504 1767 1538; x_wconf 82' lang='lat' dir='ltr'>maior</span> <span class='ocrx_word' id='word_1_438' title='bbox 1789 1517 1861 1551; x_wconf 81' lang='lat' dir='ltr'>pars</span> 
     </span>
     <span class='ocr_line' id='line_1_89' title="bbox 1106 1553 1858 1602; baseline 0 -14"><span class='ocrx_word' id='word_1_439' title='bbox 1106 1554 1346 1602; x_wconf 82' lang='lat' dir='ltr'>triumphaverit</span> <span class='ocrx_word' id='word_1_440' title='bbox 1384 1553 1453 1587; x_wconf 89' lang='lat' dir='ltr'>aliis</span> <span class='ocrx_word' id='word_1_441' title='bbox 1491 1554 1679 1587; x_wconf 79' lang='lat' dir='ltr'>seutentiam</span> <span class='ocrx_word' id='word_1_442' title='bbox 1709 1553 1858 1588; x_wconf 81' lang='lat' dir='ltr'>obtineat</span> 
     </span>
     <span class='ocr_line' id='line_1_90' title="bbox 1104 1601 1858 1650; baseline -0.003 -11"><span class='ocrx_word' id='word_1_443' title='bbox 1104 1604 1234 1648; x_wconf 87' lang='lat' dir='ltr'>Sextus,</span> <span class='ocrx_word' id='word_1_444' title='bbox 1261 1603 1344 1650; x_wconf 91' lang='lat' dir='ltr'>quod</span> <span class='ocrx_word' id='word_1_445' title='bbox 1369 1603 1394 1637; x_wconf 91' lang='lat' dir='ltr'>si</span> <span class='ocrx_word' id='word_1_446' title='bbox 1417 1603 1488 1649; x_wconf 88' lang='lat' dir='ltr'>quis</span> <span class='ocrx_word' id='word_1_447' title='bbox 1515 1601 1607 1637; x_wconf 85' lang='lat' dir='ltr'>fuerit</span> <span class='ocrx_word' id='word_1_448' title='bbox 1623 1601 1834 1637; x_wconf 78' lang='lat' dir='ltr'>inter&#39;fectus</span> <span class='ocrx_word' id='word_1_449' title='bbox 1829 1616 1858 1637; x_wconf 86' lang='lat' dir='ltr'>tn</span> 
     </span>
     <span class='ocr_line' id='line_1_91' title="bbox 1103 1652 1860 1700; baseline -0.003 -12"><span class='ocrx_word' id='word_1_450' title='bbox 1103 1654 1205 1700; x_wconf 90' lang='lat' dir='ltr'>spolio</span> <span class='ocrx_word' id='word_1_451' title='bbox 1228 1654 1274 1687; x_wconf 90' lang='lat' dir='ltr'>vel</span> <span class='ocrx_word' id='word_1_452' title='bbox 1298 1652 1392 1692; x_wconf 86' lang='lat' dir='ltr'>furto</span> <span class='ocrx_word' id='word_1_453' title='bbox 1415 1664 1471 1698; x_wconf 90' lang='lat' dir='ltr'>pro</span> <span class='ocrx_word' id='word_1_454' title='bbox 1509 1663 1572 1698; x_wconf 88' lang='lat' dir='ltr'>quo</span> <span class='ocrx_word' id='word_1_455' title='bbox 1605 1652 1860 1698; x_wconf 82' lang='lat' dir='ltr'>consanguineus</span> 
     </span>
     <span class='ocr_line' id='line_1_92' title="bbox 1105 1701 1858 1749; baseline -0.001 -12"><span class='ocrx_word' id='word_1_456' title='bbox 1105 1703 1260 1737; x_wconf 86' lang='lat' dir='ltr'>interfecti</span> <span class='ocrx_word' id='word_1_457' title='bbox 1283 1714 1317 1736; x_wconf 92' lang='lat' dir='ltr'>se</span> <span class='ocrx_word' id='word_1_458' title='bbox 1338 1701 1482 1748; x_wconf 85' lang='lat' dir='ltr'>praebeat</span> <span class='ocrx_word' id='word_1_459' title='bbox 1505 1701 1542 1734; x_wconf 86' lang='lat' dir='ltr'>ad</span> <span class='ocrx_word' id='word_1_460' title='bbox 1567 1701 1721 1743; x_wconf 81' lang='lat' dir='ltr'>duellum,</span> <span class='ocrx_word' id='word_1_461' title='bbox 1737 1702 1858 1749; x_wconf 87' lang='lat' dir='ltr'>repellit</span> 
     </span>
     <span class='ocr_line' id='line_1_93' title="bbox 1104 1750 1859 1793; baseline -0.001 -6"><span class='ocrx_word' id='word_1_462' title='bbox 1104 1764 1197 1787; x_wconf 90' lang='lat' dir='ltr'>omne</span> <span class='ocrx_word' id='word_1_463' title='bbox 1232 1751 1476 1793; x_wconf 76' lang='lat' dir='ltr'>testimonium,</span> <span class='ocrx_word' id='word_1_464' title='bbox 1514 1762 1571 1784; x_wconf 89' lang='lat' dir='ltr'>nee</span> <span class='ocrx_word' id='word_1_465' title='bbox 1606 1750 1675 1785; x_wconf 89' lang='lat' dir='ltr'>talis</span> <span class='ocrx_word' id='word_1_466' title='bbox 1716 1761 1859 1786; x_wconf 87' lang='lat' dir='ltr'>mortuus</span> 
     </span>
     <span class='ocr_line' id='line_1_94' title="bbox 1105 1800 1859 1848; baseline -0.001 -12"><span class='ocrx_word' id='word_1_467' title='bbox 1105 1810 1180 1836; x_wconf 89' lang='lat' dir='ltr'>tunc</span> <span class='ocrx_word' id='word_1_468' title='bbox 1206 1801 1275 1835; x_wconf 92' lang='lat' dir='ltr'>sine</span> <span class='ocrx_word' id='word_1_469' title='bbox 1302 1800 1408 1834; x_wconf 91' lang='lat' dir='ltr'>duello</span> <span class='ocrx_word' id='word_1_470' title='bbox 1432 1801 1544 1847; x_wconf 90' lang='lat' dir='ltr'>poterit</span> <span class='ocrx_word' id='word_1_471' title='bbox 1565 1800 1721 1835; x_wconf 87' lang='lat' dir='ltr'>convinci.</span> <span class='ocrx_word' id='word_1_472' title='bbox 1749 1800 1859 1848; x_wconf 88' lang='lat' dir='ltr'>Septi-</span> 
     </span>
     <span class='ocr_line' id='line_1_95' title="bbox 1104 1849 1860 1897; baseline 0.001 -13"><span class='ocrx_word' id='word_1_473' title='bbox 1104 1863 1185 1890; x_wconf 89' lang='lat' dir='ltr'>mus,</span> <span class='ocrx_word' id='word_1_474' title='bbox 1209 1850 1291 1897; x_wconf 87' lang='lat' dir='ltr'>quod</span> <span class='ocrx_word' id='word_1_475' title='bbox 1315 1851 1341 1884; x_wconf 91' lang='lat' dir='ltr'>si</span> <span class='ocrx_word' id='word_1_476' title='bbox 1370 1850 1433 1884; x_wconf 90' lang='lat' dir='ltr'>duo</span> <span class='ocrx_word' id='word_1_477' title='bbox 1455 1849 1560 1883; x_wconf 87' lang='lat' dir='ltr'>dicant</span> <span class='ocrx_word' id='word_1_478' title='bbox 1588 1849 1618 1883; x_wconf 89' lang='lat' dir='ltr'>in</span> <span class='ocrx_word' id='word_1_479' title='bbox 1648 1849 1766 1884; x_wconf 83' lang='lat' dir='ltr'>iudicio</span> <span class='ocrx_word' id='word_1_480' title='bbox 1793 1863 1860 1885; x_wconf 85' lang='lat' dir='ltr'>sen-</span> 
     </span>
     <span class='ocr_line' id='line_1_96' title="bbox 1104 1899 1860 1947; baseline -0.001 -13"><span class='ocrx_word' id='word_1_481' title='bbox 1104 1900 1216 1934; x_wconf 77' lang='lat' dir='ltr'>tentias</span> <span class='ocrx_word' id='word_1_482' title='bbox 1250 1899 1521 1940; x_wconf 75' lang='lat' dir='ltr'>contradictorias,</span> <span class='ocrx_word' id='word_1_483' title='bbox 1551 1908 1625 1933; x_wconf 89' lang='lat' dir='ltr'>tune</span> <span class='ocrx_word' id='word_1_484' title='bbox 1663 1900 1860 1947; x_wconf 87' lang='lat' dir='ltr'>quicumque</span> 
     </span>
     <span class='ocr_line' id='line_1_97' title="bbox 1103 1948 1858 1995; baseline 0.001 -12"><span class='ocrx_word' id='word_1_485' title='bbox 1103 1949 1212 1983; x_wconf 90' lang='lat' dir='ltr'>talium</span> <span class='ocrx_word' id='word_1_486' title='bbox 1238 1948 1382 1982; x_wconf 88' lang='lat' dir='ltr'>babuerit</span> <span class='ocrx_word' id='word_1_487' title='bbox 1405 1948 1553 1982; x_wconf 78' lang='lat' dir='ltr'>maiorem</span> <span class='ocrx_word' id='word_1_488' title='bbox 1574 1950 1748 1995; x_wconf 85' lang='lat' dir='ltr'>sequelam,</span> <span class='ocrx_word' id='word_1_489' title='bbox 1765 1950 1858 1984; x_wconf 88' lang='lat' dir='ltr'>talem</span> 
     </span>
     <span class='ocr_line' id='line_1_98' title="bbox 1102 1997 1859 2046; baseline 0 -13"><span class='ocrx_word' id='word_1_490' title='bbox 1102 1998 1288 2034; x_wconf 87' lang='lat' dir='ltr'>sententiam</span> <span class='ocrx_word' id='word_1_491' title='bbox 1312 1997 1478 2032; x_wconf 72' lang='lat' dir='ltr'>obtinebit.</span> <span class='ocrx_word' id='word_1_492' title='bbox 1506 1997 1656 2042; x_wconf 85' lang='lat' dir='ltr'>Octavus,</span> <span class='ocrx_word' id='word_1_493' title='bbox 1679 1999 1763 2044; x_wconf 89' lang='lat' dir='ltr'>quod</span> <span class='ocrx_word' id='word_1_494' title='bbox 1786 1999 1859 2046; x_wconf 91' lang='lat' dir='ltr'>qui-</span> 
     </span>
     <span class='ocr_line' id='line_1_99' title="bbox 1102 2047 1860 2094; baseline 0 -12"><span class='ocrx_word' id='word_1_495' title='bbox 1102 2060 1239 2094; x_wconf 89' lang='lat' dir='ltr'>cumque</span> <span class='ocrx_word' id='word_1_496' title='bbox 1261 2047 1355 2082; x_wconf 90' lang='lat' dir='ltr'>fuerit</span> <span class='ocrx_word' id='word_1_497' title='bbox 1376 2047 1553 2094; x_wconf 86' lang='lat' dir='ltr'>appellatus</span> <span class='ocrx_word' id='word_1_498' title='bbox 1584 2047 1621 2081; x_wconf 88' lang='lat' dir='ltr'>ad</span> <span class='ocrx_word' id='word_1_499' title='bbox 1645 2047 1786 2082; x_wconf 91' lang='lat' dir='ltr'>duellum</span> <span class='ocrx_word' id='word_1_500' title='bbox 1812 2060 1860 2082; x_wconf 89' lang='lat' dir='ltr'>se-</span> 
     </span>
     <span class='ocr_line' id='line_1_100' title="bbox 1102 2096 1857 2136; baseline 0 -4"><span class='ocrx_word' id='word_1_501' title='bbox 1102 2097 1240 2132; x_wconf 88' lang='lat' dir='ltr'>cundmn</span> <span class='ocrx_word' id='word_1_502' title='bbox 1278 2097 1368 2131; x_wconf 88' lang='lat' dir='ltr'>istius</span> <span class='ocrx_word' id='word_1_503' title='bbox 1406 2096 1475 2130; x_wconf 91' lang='lat' dir='ltr'>libri</span> <span class='ocrx_word' id='word_1_504' title='bbox 1505 2096 1663 2136; x_wconf 86' lang='lat' dir='ltr'>formam,</span> <span class='ocrx_word' id='word_1_505' title='bbox 1688 2097 1759 2132; x_wconf 87' lang='lat' dir='ltr'>talis</span> <span class='ocrx_word' id='word_1_506' title='bbox 1794 2109 1857 2132; x_wconf 92' lang='lat' dir='ltr'>non</span> 
     </span>
     <span class='ocr_line' id='line_1_101' title="bbox 1103 2145 1858 2201; baseline 0 -21"><span class='ocrx_word' id='word_1_507' title='bbox 1103 2154 1202 2201; x_wconf 78' lang='lat' dir='ltr'>potest</span> <span class='ocrx_word' id='word_1_508' title='bbox 1227 2158 1339 2191; x_wconf 78' lang='lat' dir='ltr'>negare</span> <span class='ocrx_word' id='word_1_509' title='bbox 1361 2145 1517 2186; x_wconf 82' lang='lat' dir='ltr'>duellum,</span> <span class='ocrx_word' id='word_1_510' title='bbox 1542 2146 1602 2179; x_wconf 77' lang='lat' dir='ltr'>nisi</span> <span class='ocrx_word' id='word_1_511' title='bbox 1625 2147 1670 2180; x_wconf 88' lang='lat' dir='ltr'>sie</span> <span class='ocrx_word' id='word_1_512' title='bbox 1695 2147 1858 2193; x_wconf 89' lang='lat' dir='ltr'>appellans</span> 
     </span>
     <span class='ocr_line' id='line_1_102' title="bbox 1103 2194 1856 2243; baseline 0.001 -14"><span class='ocrx_word' id='word_1_513' title='bbox 1103 2196 1207 2230; x_wconf 90' lang='lat' dir='ltr'>miuus</span> <span class='ocrx_word' id='word_1_514' title='bbox 1230 2195 1309 2229; x_wconf 84' lang='lat' dir='ltr'>bene</span> <span class='ocrx_word' id='word_1_515' title='bbox 1333 2204 1423 2229; x_wconf 75' lang='lat' dir='ltr'>natus</span> <span class='ocrx_word' id='word_1_516' title='bbox 1447 2194 1649 2242; x_wconf 82' lang='lat' dir='ltr'>fitetitqtiam</span> <span class='ocrx_word' id='word_1_517' title='bbox 1666 2196 1856 2243; x_wconf 87' lang='lat' dir='ltr'>appellatus.</span> 
     </span>
     <span class='ocr_line' id='line_1_103' title="bbox 1101 2244 1856 2292; baseline 0.001 -14"><span class='ocrx_word' id='word_1_518' title='bbox 1101 2244 1224 2286; x_wconf 84' lang='lat' dir='ltr'>Nonus,</span> <span class='ocrx_word' id='word_1_519' title='bbox 1241 2245 1325 2291; x_wconf 92' lang='lat' dir='ltr'>quod</span> <span class='ocrx_word' id='word_1_520' title='bbox 1342 2245 1538 2292; x_wconf 87' lang='lat' dir='ltr'>quicumque</span> <span class='ocrx_word' id='word_1_521' title='bbox 1554 2245 1708 2291; x_wconf 88' lang='lat' dir='ltr'>perdidit</span> <span class='ocrx_word' id='word_1_522' title='bbox 1704 2258 1751 2279; x_wconf 89' lang='lat' dir='ltr'>tus</span> <span class='ocrx_word' id='word_1_523' title='bbox 1763 2258 1856 2280; x_wconf 91' lang='lat' dir='ltr'>suum</span> 
     </span>
     <span class='ocr_line' id='line_1_104' title="bbox 1103 2294 1857 2341; baseline 0.001 -13"><span class='ocrx_word' id='word_1_524' title='bbox 1103 2295 1223 2329; x_wconf 87' lang='lat' dir='ltr'>ratione</span> <span class='ocrx_word' id='word_1_525' title='bbox 1248 2295 1319 2328; x_wconf 87' lang='lat' dir='ltr'>lutti</span> <span class='ocrx_word' id='word_1_526' title='bbox 1343 2295 1388 2328; x_wconf 61' lang='lat' dir='ltr'>iel</span> <span class='ocrx_word' id='word_1_527' title='bbox 1413 2294 1519 2341; x_wconf 82' lang='lat' dir='ltr'>spolii,</span> <span class='ocrx_word' id='word_1_528' title='bbox 1545 2294 1790 2329; x_wconf 89' lang='lat' dir='ltr'>talisincusatus</span> <span class='ocrx_word' id='word_1_529' title='bbox 1805 2307 1857 2329; x_wconf 83' lang='lat' dir='ltr'>se-</span> 
     </span>
     <span class='ocr_line' id='line_1_105' title="bbox 1101 2343 1856 2391; baseline 0 -13"><span class='ocrx_word' id='word_1_530' title='bbox 1101 2344 1206 2378; x_wconf 87' lang='lat' dir='ltr'>cundo</span> <span class='ocrx_word' id='word_1_531' title='bbox 1239 2343 1278 2378; x_wconf 91' lang='lat' dir='ltr'>de</span> <span class='ocrx_word' id='word_1_532' title='bbox 1301 2343 1381 2377; x_wconf 82' lang='lat' dir='ltr'>furto</span> <span class='ocrx_word' id='word_1_533' title='bbox 1405 2343 1451 2378; x_wconf 91' lang='lat' dir='ltr'>vel</span> <span class='ocrx_word' id='word_1_534' title='bbox 1475 2343 1577 2390; x_wconf 82' lang='lat' dir='ltr'>spolio</span> <span class='ocrx_word' id='word_1_535' title='bbox 1613 2356 1674 2378; x_wconf 91' lang='lat' dir='ltr'>non</span> <span class='ocrx_word' id='word_1_536' title='bbox 1699 2352 1799 2391; x_wconf 84' lang='lat' dir='ltr'>potest</span> <span class='ocrx_word' id='word_1_537' title='bbox 1822 2356 1856 2379; x_wconf 89' lang='lat' dir='ltr'>se</span> 
     </span>
     <span class='ocr_line' id='line_1_106' title="bbox 1102 2393 1856 2435; baseline 0.001 -8"><span class='ocrx_word' id='word_1_538' title='bbox 1102 2393 1234 2427; x_wconf 88' lang='lat' dir='ltr'>liberare</span> <span class='ocrx_word' id='word_1_539' title='bbox 1258 2394 1446 2435; x_wconf 85' lang='lat' dir='ltr'>iuramento,</span> <span class='ocrx_word' id='word_1_540' title='bbox 1470 2393 1524 2426; x_wconf 82' lang='lat' dir='ltr'>sed</span> <span class='ocrx_word' id='word_1_541' title='bbox 1551 2393 1737 2428; x_wconf 87' lang='lat' dir='ltr'>electionem</span> <span class='ocrx_word' id='word_1_542' title='bbox 1763 2394 1856 2428; x_wconf 85' lang='lat' dir='ltr'>babet</span> 
     </span>
     <span class='ocr_line' id='line_1_107' title="bbox 1100 2442 1855 2489; baseline 0.001 -13"><span class='ocrx_word' id='word_1_543' title='bbox 1100 2442 1138 2476; x_wconf 90' lang='lat' dir='ltr'>ad</span> <span class='ocrx_word' id='word_1_544' title='bbox 1161 2443 1276 2477; x_wconf 88' lang='lat' dir='ltr'>ferrum</span> <span class='ocrx_word' id='word_1_545' title='bbox 1303 2443 1447 2488; x_wconf 76' lang='lat' dir='ltr'>ignitum,</span> <span class='ocrx_word' id='word_1_546' title='bbox 1467 2454 1579 2489; x_wconf 88' lang='lat' dir='ltr'>aquam</span> <span class='ocrx_word' id='word_1_547' title='bbox 1604 2443 1787 2477; x_wconf 88' lang='lat' dir='ltr'>bullientem</span> <span class='ocrx_word' id='word_1_548' title='bbox 1810 2443 1855 2477; x_wconf 92' lang='lat' dir='ltr'>vel</span> 
     </span>
     <span class='ocr_line' id='line_1_108' title="bbox 1101 2492 1855 2540; baseline 0.003 -14"><span class='ocrx_word' id='word_1_549' title='bbox 1101 2493 1140 2526; x_wconf 85' lang='lat' dir='ltr'>ad</span> <span class='ocrx_word' id='word_1_550' title='bbox 1163 2492 1324 2526; x_wconf 89' lang='lat' dir='ltr'>duellum:</span> <span class='ocrx_word' id='word_1_551' title='bbox 1361 2493 1454 2527; x_wconf 91' lang='lat' dir='ltr'>buius</span> <span class='ocrx_word' id='word_1_552' title='bbox 1482 2492 1613 2538; x_wconf 88' lang='lat' dir='ltr'>quidem</span> <span class='ocrx_word' id='word_1_553' title='bbox 1637 2493 1759 2527; x_wconf 90' lang='lat' dir='ltr'>articuli</span> <span class='ocrx_word' id='word_1_554' title='bbox 1784 2506 1855 2540; x_wconf 83' lang='lat' dir='ltr'>pars</span> 
     </span>
     <span class='ocr_line' id='line_1_109' title="bbox 1101 2542 1856 2588; baseline 0.003 -14"><span class='ocrx_word' id='word_1_555' title='bbox 1101 2542 1222 2582; x_wconf 83' lang='lat' dir='ltr'>ultima,</span> <span class='ocrx_word' id='word_1_556' title='bbox 1251 2554 1330 2588; x_wconf 91' lang='lat' dir='ltr'>quae</span> <span class='ocrx_word' id='word_1_557' title='bbox 1362 2542 1547 2576; x_wconf 81' lang='lat' dir='ltr'>electionem</span> <span class='ocrx_word' id='word_1_558' title='bbox 1572 2543 1608 2576; x_wconf 91' lang='lat' dir='ltr'>ad</span> <span class='ocrx_word' id='word_1_559' title='bbox 1634 2543 1762 2584; x_wconf 83' lang='lat' dir='ltr'>ferrum,</span> <span class='ocrx_word' id='word_1_560' title='bbox 1788 2551 1856 2587; x_wconf 64' lang='lat' dir='ltr'>ece,</span> 
     </span>
     <span class='ocr_line' id='line_1_110' title="bbox 1100 2591 1855 2640; baseline 0.003 -16"><span class='ocrx_word' id='word_1_561' title='bbox 1100 2591 1395 2631; x_wconf 82' lang='lat' dir='ltr'>concedit,erronea</span> <span class='ocrx_word' id='word_1_562' title='bbox 1411 2600 1467 2625; x_wconf 88' lang='lat' dir='ltr'>est.</span> <span class='ocrx_word' id='word_1_563' title='bbox 1483 2591 1645 2635; x_wconf 87' lang='lat' dir='ltr'>Decimus,</span> <span class='ocrx_word' id='word_1_564' title='bbox 1662 2593 1855 2640; x_wconf 86' lang='lat' dir='ltr'>quicumque</span> 
     </span>
    </p>
   </div>
   <div class='ocr_carea' id='block_1_15' title="bbox 1136 2658 1412 2692">
    <p class='ocr_par' dir='ltr' id='par_1_21' title="bbox 1136 2658 1412 2692">
     <span class='ocr_line' id='line_1_111' title="bbox 1136 2658 1412 2692; baseline 0 -8"><span class='ocrx_word' id='word_1_565' title='bbox 1136 2658 1174 2692; x_wconf 89' lang='lat' dir='ltr'>(l)</span> <span class='ocrx_word' id='word_1_566' title='bbox 1192 2659 1250 2692; x_wconf 66' lang='lat' dir='ltr'>Leg.</span> <span class='ocrx_word' id='word_1_567' title='bbox 1275 2658 1291 2683; x_wconf 84' lang='lat' dir='ltr'>f.</span> <span class='ocrx_word' id='word_1_568' title='bbox 1313 2658 1412 2691; x_wconf 73' lang='lat' dir='ltr'>feccrit.</span> 
     </span>
    </p>
   </div>
   <div class='ocr_carea' id='block_1_16' title="bbox 1876 267 2056 295">
    <p class='ocr_par' dir='ltr' id='par_1_22' title="bbox 1876 267 2056 295">
     <span class='ocr_line' id='line_1_112' title="bbox 1876 267 2056 295; baseline 0.011 -2"><span class='ocrx_word' id='word_1_569' title='bbox 1876 267 1927 293; x_wconf 85' lang='grc' dir='ltr'>Αη.</span> <span class='ocrx_word' id='word_1_570' title='bbox 1947 268 1974 293; x_wconf 81' lang='lat' dir='ltr'>C,</span> <span class='ocrx_word' id='word_1_571' title='bbox 1990 269 2056 295; x_wconf 61' lang='lat'>157&amp;</span> 
     </span>
    </p>
   </div>
   <div class='ocr_carea' id='block_1_17' title="bbox 1872 328 2056 385">
    <p class='ocr_par' dir='ltr' id='par_1_23' title="bbox 1872 328 2056 380">
     <span class='ocr_line' id='line_1_113' title="bbox 1885 328 2056 349; baseline 0 -1"><span class='ocrx_word' id='word_1_572' title='bbox 1885 328 1952 348; x_wconf 81' lang='lat' dir='ltr'>lcnor</span> <span class='ocrx_word' id='word_1_573' title='bbox 1983 329 2031 348; x_wconf 73' lang='lat' dir='ltr'>nutu</span> <span class='ocrx_word' id='word_1_574' title='bbox 2021 335 2056 349; x_wconf 75' lang='lat' dir='ltr'>u-n</span> 
     </span>
     <span class='ocr_line' id='line_1_114' title="bbox 1872 360 2022 385; baseline 0.007 -6"><span class='ocrx_word' id='word_1_575' title='bbox 1872 360 1918 380; x_wconf 81' lang='lat' dir='ltr'>mod</span> <span class='ocrx_word' id='word_1_576' title='bbox 1922 366 1926 379; x_wconf 86' lang='grc' dir='ltr'>ι</span> <span class='ocrx_word' id='word_1_577' title='bbox 1946 360 1978 385; x_wconf 69' lang='lat' dir='ltr'>leg</span> <span class='ocrx_word' id='word_1_578' title='bbox 1981 366 2022 380; x_wconf 77' lang='lat' dir='ltr'>uui</span> 
     </span>
    </p>
   </div>
  </div>
 </body>
</html>
