2274 3265
117 241 166 268 An.
182 242 209 269 C.
229 242 296 269 1535

138 2378 165 2399 De
174 2379 251 2399 salubri
267 2384 293 2398 no

124 2412 220 2430 vitiorum
236 2413 257 2430 et
275 2411 307 2429 iu-

126 2447 201 2461 venum
240 2439 306 2460 infor>

0 2821 11 3035 t

902 238 1095 262 amabimus·
1124 237 1169 259 xtt
1199 238 1246 259 Pr».

315 306 413 340 usqne
454 293 490 327 ad
538 293 668 341 primam
709 293 918 340 pulsationem
961 294 1056 328 horae

314 344 432 390 primae
463 343 524 377 diei
561 344 722 391 sequentis
754 343 792 377 ab
819 344 966 378 omnibns
997 343 1057 377 ob-

313 401 464 437 servetur,
504 394 645 441 exceptis
683 393 859 439 hospitibus
896 393 935 428 de
977 405 1056 426 novo

314 443 523 484 venientibus,
544 451 574 478 et
596 444 642 478 eis
665 443 917 478 ministrantibus
939 443 984 477 vel
1006 455 1056 477 as-

312 493 497 527 sistentibus
534 505 633 539 usqne
668 492 705 527 ad
741 492 849 527 boram
885 504 1055 538 congruam

313 543 351 575 de
380 542 543 588 guardiam
576 543 622 576 sui
659 542 782 577 licentia
823 542 869 576 vel
899 541 1055 576 mandato.

313 592 451 627 Sileatnr
484 599 586 626 autem
611 591 641 625 in
664 591 812 633 claustro,
848 592 877 626 in
905 591 1001 626 choro
1029 599 1058 625 et

315 642 344 674 iu
377 641 509 676 ecclesia
532 653 547 675 a
586 641 738 695 principio
765 641 851 675 ebori
884 649 916 675 ut
948 653 1058 687 supra·

314 700 342 723 (t
366 691 394 724 in
417 691 614 729 dormitorio,
643 703 673 724 m
697 703 760 746 qno
782 699 856 725 sunt
877 690 973 725 cellae
1003 703 1057 725 sen

316 739 431 779 studia,
454 740 538 774 omni
556 748 709 786 tempore:
733 740 762 774 in
782 740 968 775 dormitorio
988 753 1059 775 vero

315 801 330 822 a
371 789 485 823 studiis
518 797 662 836 separato
699 790 904 836 temporibus,
943 789 1060 836 quibus

314 846 488 872 conventus
521 838 648 873 fratrum
678 838 718 872 ibi
746 839 873 881 dormit,
900 847 930 873 et
956 840 984 872 in
1009 851 1061 874 re—

317 887 444 922 fectorio
467 896 527 922 tam
553 888 581 921 in
613 888 709 934 prima
744 900 838 935 quam
867 888 896 922 in
925 888 1060 923 secunda

315 948 436 977 mensa,
463 949 498 971 ac
526 937 618 971 etiam
646 945 732 972 extra
761 938 972 981 refectorium,
1008 938 1059 972 ubi

314 986 371 1019 erit
395 986 562 1022 multitudo
597 986 726 1021 fratrum
760 987 854 1022 simul
889 987 1062 1022 comeden-

316 1036 406 1079 tium,
440 1047 469 1071 et
491 1035 551 1071 1100
573 1048 634 1070 303
669 1037 771 1070 solnm
794 1048 810 1070 a
838 1037 1061 1075 residentibus,

315 1085 370 1119 sed
411 1097 425 1119 a
466 1085 644 1120 forensibus
677 1085 869 1120 observetur.
909 1085 943 1119 In
984 1086 1061 1120 10013

315 1144 431 1177 autem,
466 1135 517 1169 ubi
546 1135 656 1170 fratres
691 1147 752 1169 non
781 1135 895 1169 11311631
922 1135 1062 1169 0111011133

315 1185 487 1228 distinctas,
508 1184 547 1218 ab
563 1183 751 1218 immediatis
772 1183 986 1231 superioribus
1008 1196 1063 1218 eo-

316 1247 385 1268 rnm
415 1234 556 1268 locorum
585 1234 649 1268 loca
677 1233 821 1268 distincta
845 1241 875 1267 et
895 1233 1061 1267 commoda

316 1284 518 1330 deputentur,
558 1283 611 1317 ubi
647 1282 756 1316 fratres
789 1282 911 1322 sileant,
946 1290 976 1316 et
1009 1283 1061 1316 ubi

318 1334 437 1379 possint
466 1333 550 1379 loqui
573 1332 641 1366 aliis
668 1331 743 1366 dum
780 1339 913 1378 oportet.
941 1331 1063 1366 Simili-

317 1391 362 1416 ter
389 1383 463 1416 hora
486 1382 685 1416 dormitionis
706 1394 721 1415 a
749 1381 829 1416 festo
847 1380 1063 1415 Resurrectio-

317 1432 365 1466 nis
389 1431 513 1466 Domini
538 1443 638 1478 usque
665 1430 703 1465 ad
727 1430 839 1465 festum
858 1430 1064 1465 Exaltationis

315 1481 447 1515 Sanctae
460 1481 584 1521 Crucis,
611 1480 751 1527 qualibet
772 1480 824 1515 die
853 1489 919 1527 post
946 1493 1063 1515 secun-

316 1531 386 1564 dam
405 1543 556 1574 mensam,
572 1530 749 1564 immediate
773 1530 915 1577 pulsetur
941 1542 1065 1577 campa-

317 1581 395 1614 nella
419 1580 586 1620 refectorii,
607 1588 638 1614 et
660 1592 697 1615 ex
721 1589 794 1614 tunc
815 1579 945 1614 sileatur
964 1592 1063 1627 usque

316 1630 352 1664 ad
385 1642 511 1664 nonam.
551 1629 583 1664 ln
618 1630 731 1665 diebus
766 1642 839 1664 vero
872 1630 1062 1664 ieiuniorum

317 1680 410 1714 simili
439 1679 532 1714 modo
554 1692 569 1714 3
607 1680 723 1726 pulsata
767 1679 960 1727 campanella
996 1687 1065 1727 post

318 1741 456 1764 mensam
479 1729 662 1770 secundam,
684 1729 843 1764 silentium
871 1729 1064 1772 observetur,

317 1780 417 1814 donec
451 1780 501 1814 fiat
528 1780 654 1826 signum
689 1779 724 1813 ad
748 1779 942 1826 surgendum
970 1791 985 1814 3
1013 1791 1065 1813 30-

319 1841 391 1863 111110
410 1828 584 1863 secundum
608 1829 744 1876 spatium
764 1840 779 1862 3
803 1828 977 1875 guardiauo
997 1841 1066 1875 pro-

320 1878 388 1911 vide
409 1878 646 1924 assignandum.
663 1878 769 1912 Liceat
789 1885 892 1911 tamen
909 1877 1065 1919 fratribus,

319 1927 402 1974 quod
432 1940 560 1962 necesse.
582 1935 640 1970 est,
663 1928 747 1974 loqui
775 1926 908 1961 breviter
929 1935 959 1960 et
987 1927 1064 1961 suh-

320 1977 425 2010 misse.
448 1976 481 2011 Si
509 1977 580 2024 quis
598 1984 702 2011 autem
737 1975 896 2010 silentium
930 1976 1065 2022 fregerit,

319 2026 432 2060 debeat
460 2027 489 2060 in
514 2026 653 2074 capitulo
683 2026 787 2061 dicere
813 2026 939 2072 culpam
963 2038 1065 2070 snam,

319 2088 445 2110 cansam
480 2085 572 2122 prout
606 2088 639 2110 se
667 2076 696 2110 in
722 2075 780 2110 1100
806 2075 977 2123 deliquisse
998 2087 1067 2110 me-

321 2126 445 2159 minerit
467 2125 684 2173 exprimendo,
707 2126 757 2160 cni
781 2137 795 2159 a
818 2125 990 2180 guardiano
1016 2125 1068 2159 ab·

322 2175 468 2209 stinentia
491 2187 506 2210 a
535 2175 698 2222 pulmento
720 2174 766 2210 vel
803 2187 819 2210 a
846 2175 930 2215 vino,
960 2175 1004 2209 vel
1028 2174 1067 2209 ab

321 2225 476 2271 utrisque,
512 2225 557 2259 vel
585 2225 662 2259 3113
671 2225 861 2271 poenitentia
890 2224 1063 2259 secundum

320 2275 428 2320 cnlpae
455 2274 640 2320 exigentiam
663 2274 853 2320 imponatur.

369 2324 388 2369 S
415 2326 447 2358 6.
466 2323 566 2359 “Circa
592 2323 748 2358 salubrem
780 2336 905 2371 quoque
933 2323 1066 2358 novitio-

296 2390 306 2392 -
323 2387 390 2409 rum
413 2383 443 2407 et
462 2376 611 2409 iuvenum
631 2373 704 2408 dicti
728 2372 857 2408 Ordinis
872 2373 1065 2408 informatio-

323 2436 394 2458 nem
411 2425 581 2459 statuimus
596 2431 626 2457 et
642 2422 828 2457 mandamus
847 2423 1067 2458 inviolabiliter

322 2474 563 2514 observandum,
591 2473 674 2520 qnod
703 2473 834 2520 quilibet
868 2472 1067 2520 provincialis

323 2525 476 2563 minister,
504 2523 550 2558 vel
585 2524 653 2557 eius
687 2523 906 2557 locumtenens
942 2534 1064 2556 annna-

323 2575 375 2608 tim
400 2575 428 2607 in
453 2573 555 2608 tabula
582 2573 778 2608 diffinitionis
799 2573 847 2607 sui
870 2572 1067 2620 provincialis

322 2624 448 2671 capituli
484 2623 522 2657 de
556 2622 759 2657 diffinitorum
799 2623 931 2657 consilio
965 2630 1066 2657 certos

402 2680 466 2711 Ball
493 2680 570 2710 Rom.
595 2680 648 2709 Vol.
667 2680 713 2709 lt'.
913 2679 949 2710 50

1722 226 1792 259 393

1097 301 1270 327 conventus
1299 292 1328 325 in
1362 305 1417 326 sna
1452 292 1604 339 provincia
1633 292 1774 340 deputet,
1810 292 1839 326 in

1097 342 1213 389 quibus
1235 353 1345 376 omnes
1369 343 1474 377 novitii
1499 343 1640 376 eiusdem
1665 343 1842 388 provinciae

1097 392 1230 426 debeant
1262 392 1468 432 commorat-i,
1497 401 1524 426 et
1549 393 1578 426 in
1602 392 1741 439 quolibet
1774 393 1842 426 illo-

1099 454 1167 476 rum
1191 450 1403 476 conventuum
1441 450 1622 485 magistrum
1656 442 1841 476 novitiorum

1098 492 1234 538 assignet
1262 504 1357 526 unum
1395 493 1423 525 in
1447 492 1554 526 eadem
1588 493 1737 539 religione
1769 504 1844 539 pro-

1100 542 1216 581 batum,
1245 549 1413 580 maturum,
1437 541 1596 580 devotum,
1628 542 1792 589 providum
1815 549 1844 574 et

1099 591 1291 635 discretum,
1335 591 1387 639 qni
1430 591 1610 625 huiusmodi
1656 592 1842 625 novitiorum

1099 642 1279 677 continuam
1302 653 1408 675 euram
1447 650 1544 687 gerat,
1575 641 1652 674 viam
1682 640 1736 674 Dei
1760 641 1845 687 ipsos

1100 691 1221 735 doceat,
1238 703 1332 737 saepe
1350 699 1379 725 et
1403 703 1478 738 pure
1498 703 1552 725 eos
1578 690 1719 724 confiteri
1742 689 1845 730 faciat,

1100 749 1129 775 et
1151 741 1188 775 ad
1212 741 1394 775 servandam
1424 740 1527 774 cordis
1549 748 1578 774 et
1602 741 1743 786 corporis
1766 740 1845 786 puri-

1102 798 1193 825 tatem
1232 790 1395 830 informet,
1431 802 1534 825 mores
1569 797 1599 824 et
1633 789 1846 823 observantias

1101 840 1243 875 eiusdem
1273 839 1433 885 religionis
1459 840 1504 873 eis
1532 839 1624 873 verbo
1647 847 1675 873 et
1702 837 1847 885 exemplo

1102 890 1305 924 demonstret.
1334 889 1525 923 Huiusmodi
1548 896 1651 923 antem
1682 888 1847 922 novitiatus

1102 939 1166 973 3116
1181 939 1374 986 probationis
1388 947 1528 985 tempore
1543 938 1649 973 studio
1662 938 1847 972 scholastico

1103 1001 1164 1022 11011
1197 988 1371 1031 intendant,
1392 988 1448 1023 sed
1483 988 1623 1022 divinum
1651 987 1849 1022 addiscentes

1103 1038 1250 1077 officium,
1279 1037 1384 1071 studio
1424 1037 1599 1072 devotionis
1634 1045 1665 1070 et
1700 1037 1849 1071 orationis

1103 1087 1265 1132 vigilanter
1299 1087 1455 1130 insistant,
1492 1099 1546 1121 nec
1574 1086 1701 1120 ordines
1744 1098 1849 1120 sacros

1103 1137 1287 1183 suscipiant,
1316 1149 1373 1170 nec
1406 1136 1620 1170 confessiones
1655 1135 1795 1175 audiant,
1822 1136 1847 1169 si

1104 1185 1217 1220 fuerint
1240 1185 1430 1240 3306130163,
1454 1198 1510 1220 360
1533 1193 1652 1231 portam
1677 1192 1849 1219 conventus

1103 1243 1224 1275 exeant,
1249 1235 1308 1269 nisi
1337 1247 1429 1269 031133
1466 1235 1677 1270 translationis
1709 1234 1755 1268 vel
1786 1245 1848 1280 ge-

1104 1283 1217 1318 3613113
1252 1284 1472 1330 processionis,
1500 1285 1546 1318 vel
1568 1284 1758 1330 emergentis
1792 1296 1850 1317 ne-

1104 1334 1267 1371 cessitatis,
1298 1334 1342 1367 vel
1372 1333 1427 1367 3113
1457 1333 1536 1368 13313
1572 1345 1627 1367 3611
1663 1331 1849 1371 rationabili,

1104 1395 1183 1428 quae
1207 1395 1262 1429 per
1285 1382 1393 1417 fratres
1419 1382 1616 1417 confessores
1638 1390 1666 1416 et
1689 1382 1851 1429 ptaedica-

1104 1439 1187 1466 tores
1221 1440 1406 1471 conventus,
1437 1431 1490 1466 ubi
1525 1432 1704 1466 huiusmodi
1744 1431 1850 1466 novitii

1105 1480 1229 1523 fuerint,
1257 1483 1392 1517 extiterit
1419 1482 1563 1537 indicata,
1580 1494 1635 1516 nec
1654 1481 1758 1515 literas
1786 1481 1852 1515 mit-

1106 1539 1181 1575 tant,
1205 1543 1262 1566 nec
1280 1532 1428 1579 recipiant
1445 1532 1513 1566 31116
1528 1532 1576 1565 3111
1596 1531 1733 1577 magistri
1755 1530 1852 1565 scien-

1106 1581 1143 1614 tia
1167 1589 1196 1615 61
1219 1582 1341 1616 11063113
1360 1582 1501 1628 speciali,
1522 1594 1577 1615 nec
1594 1581 1762 1636 loquantur
1779 1592 1851 1615 cum

1106 1631 1206 1677 aliqua
1240 1631 1391 1666 saeculari
1414 1643 1559 1678 persona
1592 1631 1649 1665 nisi
1678 1642 1735 1665 suo
1764 1642 1852 1677 prae-

1106 1689 1194 1715 sente
1222 1682 1371 1727 magistro
1410 1689 1461 1714 aut
1488 1680 1548 1714 3110
1576 1693 1631 1727 per
1657 1692 1750 1715 snum
1786 1692 1852 1714 ma-

1106 1731 1238 1775 gistrum
1264 1731 1309 1765 vel
1333 1730 1538 1777 guardianum
1562 1730 1599 1764 ad
1628 1730 1685 1765 boc
1708 1730 1852 1777 speciali-

1108 1790 1153 1815 ter
1179 1780 1339 1828 deputato.
1377 1780 1513 1814 Caveant
1549 1788 1653 1814 autem
1689 1779 1851 1827 guardiaui

1106 1838 1135 1864 et
1159 1830 1298 1877 ipsorum
1316 1830 1503 1864 novitiorum
1522 1830 1673 1875 magistri,
1690 1841 1726 1864 30
1744 1828 1853 1863 fratres

1106 1880 1170 1923 alii,
1188 1892 1226 1913 ne
1241 1892 1335 1927 quem
1349 1880 1553 1914 constitutum
1571 1879 1647 1913 infra
1661 1878 1852 1926 probationis

1106 1941 1222 1963 annum
1246 1930 1443 1976 aliquatenus
1467 1928 1617 1975 impedire
1641 1936 1852 1975 praesumant,

1107 1979 1279 2025 quominus
1314 1979 1349 2012 ad
1390 1979 1480 2012 aliam
1521 1978 1716 2024 religionem,
1759 1990 1851 2024 quam

1109 2028 1270 2071 maluerit,
1310 2037 1454 2068 transeat,
1483 2028 1530 2061 101
1554 2029 1681 2062 omnino
1717 2026 1754 2060 ad
1782 2039 1852 2061 336-

1107 2078 1211 2112 0313111
1236 2078 1353 2117 1611631,
1376 2078 1457 2111 sicut
1479 2077 1517 2110 116.
1539 2089 1592 2111 3113
1621 2077 1771 2124 processit
1794 2089 1851 2110 vo-

1108 2127 1234 2162 luntate.
1258 2127 1412 2161 Professis
1439 2139 1565 2174 quoqne
1596 2126 1771 2169 iuvenibus,
1797 2126 1851 2172 qui

1107 2177 1214 2211 aetatis
1236 2189 1311 2211 sttae
1345 2189 1461 2211 annum
1486 2176 1671 2222 vigesimum
1705 2176 1850 2222 quintum

1109 2227 1247 2261 nondum
1288 2227 1456 2272 attigerint,
1488 2226 1578 2259 simili
1604 2225 1697 2259 modo
1724 2237 1780 2271 per
1801 2225 1851 2271 ip-

1107 2289 1177 2310 sum
1213 2277 1391 2310 ministrum
1433 2276 1512 2309 alins
1547 2276 1693 2321 magister
1720 2274 1851 2309 idoneus

1107 2326 1284 2372 deputetur,
1313 2326 1365 2372 qui
1393 2337 1488 2372 snper
1522 2337 1630 2359 eorum
1659 2325 1718 2358 1113
1749 2324 1851 2358 00311-

1108 2388 1169 2409 11116
1200 2385 1229 2410 61
1259 2375 1423 2421 diligenter
1452 2375 1601 2420 invigilet,
1629 2386 1682 2408 eos
1710 2373 1850 2409 moribus

1108 2426 1249 2465 instruat,
1268 2425 1306 2459 ab
1342 2424 1503 2458 insolentia
1537 2431 1715 2469 compescat
1743 2432 1773 2458 et
1801 2436 1850 2458 re—

1107 2475 1217 2516 trabat,
1240 2484 1271 2509 et
1292 2474 1327 2509 ad
1352 2474 1524 2520 regularem
1547 2473 1775 2508 observantiam
1800 2475 1850 2507 in—

1107 2534 1223 2559 stanter
1258 2524 1392 2558 inducat.
1428 2523 1460 2557 Si
1487 2524 1538 2570 qui
1566 2535 1639 2557 vero
1668 2522 1849 2557 instructio-

1108 2588 1178 2609 nem
1214 2574 1287 2609 dicti
1323 2574 1462 2620 magistri
1501 2586 1562 2607 non
1599 2582 1775 2608 reverenter
1818 2582 1848 2607 61

1106 2637 1175 2660 cum
1199 2625 1311 2659 effectu
1333 2623 1517 2671 receperint,
1542 2624 1607 2670 ipse
1626 2623 1774 2670 magister
1791 2622 1848 2657 de-

1857 236 1904 262 Α11.
1925 235 2033 261 01336
