2274 3265
267 264 317 291 Αη.
335 264 361 290 C.
383 265 448 291 ¹307

274 621 425 647 spernentibus

259 654 321 677 impet
329 654 346 671 iu

258 687 313 703 etum
325 684 442 704 anathema.

388 654 444 673 intll-

517 254 584 286 2186

1039 262 1226 286 Bl'lAEAlUUM
1255 262 1415 285 nonnul

2013 261 2061 288 An.
2084 261 2114 289 C.
2128 261 2192 288 ¹507

462 319 627 352 nunciatus
649 330 663 351 a
693 317 800 361 nohis,
835 325 989 363 praestare
1024 318 1207 366 consilium),
1249 321 1370 349 Clemens
1400 321 1540 357 episcopus
1563 326 1659 348 servus
1694 326 1834 348 8⁰1V0r¹¹¹¹¹
1856 320 1918 354 Dei.
1939 320 1997 350 uui·

459 368 628 409 auxilium,
653 366 696 400 vel
725 366 859 401 favorem
890 366 1048 414 publicum
1072 367 1118 401 vvt
1146 380 1206 402 oc-

458 417 592 451 cultum:
616 425 657 455 et,
679 416 703 450 si
726 428 819 451 secus
842 425 1077 464 praesumptum
1101 417 1205 457 suerit,

458 478 567 500 omnes
609 465 783 511 singulares
822 478 971 513 personas
1016 467 1204 500 contrarium

459 524 711 561 praesumenti-s,
742 527 803 550 non
827 515 969 550 obstante
996 515 1133 562 qualibet
1158 516 1205 550 iu-

458 564 617 611 dulgentia
645 566 705 599 sul)
738 578 936 612 quacumque
964 566 1060 600 forma
1095 565 1205 599 verbo—

459 627 526 648 rum
556 615 600 648 ιϊΙ
630 615 835 662 expressione
865 615 939 660 ipsis
966 615 1003 650 ab
1026 615 1202 662 Apostolica

457 663 539 698 Sede.
571 676 740 703 coucesa,
773 665 819 698 vel
854 665 1056 710 imposterum
1091 676 1204 699 conce-

458 713 576 752 denda,
607 727 699 761 quani
734 713 835 761 quoad
874 713 934 747 hoc
961 714 1078 748 viribus
1108 713 1204 747 volu—

458 776 528 797 mus
561 765 690 797 omuino
713 775 834 804 carere,
862 763 1047 797 senteutiam
1075 775 1203 797 excom-

456 814 691 852 municationis,
714 825 807 860 quam
831 824 867 847 ex
896 825 978 847 nunc
998 813 1027 847 in
1053 812 1139 859 ipsos
1159 811 1202 846 se-

454 863 570 900 rimus,
619 864 777 897 incurrere
820 863 964 897 volumus
1005 862 1074 909 ipso
1109 861 1200 896 sacto.

454 910 564 946 Terras
596 921 699 946 auteni
723 912 874 958 ipsorum,
904 924 961 947 nec
988 923 1049 946 non
1073 919 1103 946 et
1131 912 1202 946 uni-

453 962 612 995 versitates
650 962 838 1008 praedictas,
872 973 952 1009 quae
979 973 1070 996 secus
1101 969 1201 996 atten-

453 1020 514 1043 tari·
552 1011 831 1057 praesumpserint,
860 1018 952 1058 prout
977 1010 1125 1058 expedire
1154 1011 1201 1044 vi-

450 1059 612 1100 debimus,
648 1061 861 1096 evetesiastico
890 1061 1054 1096 subiacere
1076 1060 1200 1095 curabi-

452 1121 521 1144 mus
549 1110 734 1145 iuterdieto:
766 1110 801 1144 ad
827 1110 1029 1157 privationem
1054 1111 1196 1145 omnium

451 1157 617 1198 honorum,
641 1173 720 1207 quae
742 1173 757 1195 a
781 1160 975 1207 quibuslibet
998 1168 1103 1195 tenent
1134 1160 1197 1194 Ec-

448 1208 561 1248 elesiis,
596 1219 625 1243 vt
647 1211 682 1243 ad
714 1222 829 1257 poenas
855 1209 931 1244 alias
966 1209 1146 1257 spirituales
1168 1218 1198 1244 et

449 1259 648 1305 temporales,
677 1267 768 1306 prout
804 1259 878 1294 utile
913 1260 1105 1306 putabimus,
1129 1271 1197 1306 pro-

447 1309 583 1341 cessuri:
607 1319 633 1343 et
660 1309 865 1344 nihilominus
884 1309 1063 1345 societatem
1080 1317 1110 1343 et
1126 1321 1198 1343 con-

448 1356 690 1392 soerli=i·atiuiieiii
727 1359 828 1406 ipsas,
864 1359 920 1394 etsi
958 1371 1130 1406 poenarum
1168 1367 1197 1393 ct

448 1405 611 1441 iuramenti
655 1409 849 1447 adiectione,
897 1408 943 1442 vel
990 1420 1193 1455 quacumque

447 1457 557 1490 l'ueriut
583 1459 638 1491 alia
666 1459 809 1492 tii-mitate
833 1458 969 1499 vallatae,
997 1458 1196 1493 decernimus

447 1505 548 1539 irritas
575 1515 603 1540 ct
632 1507 751 1541 iuaiws.

497 1555 607 1590 [hatum
652 1557 785 1591 l‘ictavis
824 1557 912 1591 tertio
956 1569 1054 1591 nonas
1095 1556 1194 1596 iunii,

445 1606 643 1650 pontificatu<
668 1607 761 1640 nostri
785 1618 867 1641 anno
894 1606 1045 1641 secundo.

503 1666 563 1696 [izit.
589 1667 635 1696 die
658 1668 674 1696 :3
695 1669 766 1697 iunii
788 1668 870 1705 1307,
890 1668 991 1707 pontit.
1008 1677 1084 1697 anno
1104 1676 1132 1697 11.

790 1850 841 1885 tv.

448 1937 599 1971 [Universis
627 1938 882 1983 christifidelibus,
914 1949 973 1982 pro
1000 1939 1194 1982 reparatione

493 1994 702 2026 Lateruiiensi's
741 1994 882 2026 basilicae
907 1994 975 2036 iyne
1000 2001 1194 2038 consumptae

491 2048 714 2088 laborantibus,
735 2048 906 2080 conceditur
931 2048 1119 2092 e'ndulyentist
1136 2049 1194 2080 de—

491 2113 550 2133 cem
575 2114 741 2139 minorum,
767 2102 947 2145 totidemque
976 2103 1195 2145 quadruyena-

492 2167 558 2188 rum
585 2159 645 2197 (7.)-

709 2234 923 2264 stannatum!

445 2296 647 2326 lateranensis
670 2297 812 2326 basilicae
836 2297 974 2335 dignitas.
1001 2313 1039 2318 —
1065 2296 1193 2326 Fortuito

485 2342 551 2379 igne
568 2347 762 2371 conare-mata.
780 2358 818 2363 —
833 2341 940 2371 Christi
959 2341 1059 2370 tideles
1080 2341 1195 2371 adeius

486 2387 697 2425 reparationem
718 2387 896 2416 adhortatur.
913 2403 949 2408 —
976 2385 1124 2425 Proposita
1151 2386 1195 2415 in-

487 2431 644 2469 dulgentia.

485 2503 523 2536 (l)
541 2502 578 2528 Ex
599 2503 699 2537 Regest.
721 2503 803 2529 Vatic.
831 2518 852 2522 -
874 2503 928 2530 Hae
947 2503 1037 2529 literae
1061 2502 1136 2529 datae
1167 2511 1195 2529 ιιι

450 2542 508 2567 idus
524 2544 627 2577 augusti
654 2543 678 2568 in
704 2543 822 2570 editione
838 2543 966 2570 Mainardi
989 2543 1119 2570 habentur
1146 2542 1196 2569 sub

449 2590 559 2607 numero
577 2591 609 2615 η
627 2588 767 2617 sequentes
785 2592 858 2616 vero,
875 2584 950 2611 datae
962 2592 1000 2610 xii
1013 2584 1071 2610 idus
1081 2584 1195 2617 augusti,

449 2622 499 2647 sub
519 2631 589 2648 num.
612 2631 649 2649 ιγ,
675 2624 728 2649 Nos
749 2623 944 2658 chronologiam
961 2632 1035 2658 sequi
1050 2624 1194 2658 cupientes,

451 2661 578 2693 ordinem,
597 2668 624 2689 ut
641 2672 687 2697 par
704 2668 752 2696 est,
775 2665 947 2691 restituimus.
966 2666 1002 2699 (τ,
1020 2665 1060 2699 Γ..)

1293 371 1380 399 versis
1399 368 1632 401 caristifldettbus.
1651 370 1810 404 praesentes
1831 369 1932 399 literas
1956 370 1995 398 in·

1292 418 1440 455 specturis,
1471 418 1590 447 satutem
1620 418 1649 446 et
1683 418 1861 454 apostoticam
1891 419 1994 448 benedi·

1292 468 1419 497 ctionem.

1296 541 1361 575 Etsi
1389 540 1460 575 fidei
1477 540 1664 574 christianae
1680 538 1818 574 cultores
1833 540 1993 575 universas
2026 551 2175 573 meranensi-

1247 590 1401 625 Ecclesias
1430 602 1484 637 per
1510 590 1616 624 orbem
1651 598 1803 624 terrarum
1838 589 1992 635 diffusas,
2008 583 2108 635 l'jjssffl
2124 584 2193 609 ὤμ’·

1248 640 1276 674 iu
1305 641 1422 687 quibus
1445 640 1589 674 maiestas
1612 639 1768 674 Altissimi
1786 639 1992 684 collaudatur,

1246 697 1409 724 teneantur
1422 698 1451 724 et
1473 689 1608 724 debeant
1631 689 1798 724 devotione
1813 688 1928 723 celebri
1944 702 1994 724 ve—

1246 739 1359 780 nerari3
1369 739 1405 773 ad
1422 739 1630 774 venerabilem
1640 746 1741 773 tamen
1753 735 1926 773 Ecclesiam
1935 738 1993 773 La-

1246 796 1442 823 teranensem
1459 789 1487 822 in
1505 788 1658 823 honorem
1684 787 1856 823 Salvatoris
1880 788 1991 823 mundi

1245 837 1442 882 dedicatam,
1484 850 1519 872 ac
1567 837 1736 884 vulgariter
1779 837 1858 872 beati
1899 837 1994 872 loan-

1245 887 1292 921 nis
1326 886 1415 921 titulo
1448 887 1654 934 insignitam,
1697 887 1749 922 ubi
1786 888 1888 934 imago
1922 887 1993 922 Sat-

1245 938 1358 970 ratoris
1400 936 1521 983 depicta
1562 937 1697 983 primum
1738 937 1867 972 visibilis
1905 938 1993 972 omni

1245 986 1361 1033 populo
1401 998 1530 1020 romano
1570 987 1738 1032 apparuit,
1765 999 1859 1034 quam
1887 986 1991 1022 divina

1242 1035 1406 1069 clementia
1430 1036 1640 1082 praerogativa
1656 1035 1835 1071 sublimavit
1851 1036 1991 1078 honoris,

1242 1085 1411 1132 multisque
1435 1085 1551 1118 dotavit
1578 1085 1793 1131 singularibus
1820 1085 1918 1120 titulis
1946 1086 1991 1120 di-

1240 1143 1408 1181 gnitatum,
1437 1142 1516 1169 inter
1550 1142 1688 1169 caeteras
1722 1147 1871 1170 maiorem
1900 1143 1991 1170 tene-

1242 1193 1350 1219 rentur
1372 1184 1563 1218 rererentiae
1585 1183 1814 1231 plenitudinem
1829 1184 1988 1219 exhibere.

1240 1233 1321 1268 Cum
1355 1234 1448 1280 igitur
1483 1246 1584 1280 nuper
1621 1234 1730 1268 eadem
1753 1234 1904 1274 ecclesia,
1927 1242 1987 1269 tam

1239 1283 1371 1318 celebris
1398 1295 1490 1330 quam
1521 1284 1665 1329 insignis,
1703 1283 1847 1319 incendio
1883 1283 1989 1327 suerit,

1239 1333 1342 1368 diviua
1380 1333 1409 1367 id
1453 1333 1649 1379 permittente
1688 1334 1872 1373 clementia,
1903 1334 1987 1381 quod

1239 1382 1381 1417 dolenter
1400 1382 1574 1422 referimus,
1590 1383 1756 1418 causaliter
1772 1391 1987 1419 concremata:

1238 1445 1295 1466 nos
1307 1432 1344 1466 ad
1360 1432 1585 1479 reparationem
1598 1432 1696 1479 ipsius
1710 1433 1848 1479 paternis
1863 1432 1988 1477 studiis,

1240 1491 1329 1528 prout
1353 1482 1495 1527 pastorali
1523 1489 1669 1516 tenemur
1685 1482 1800 1523 officio,
1823 1481 1988 1517 efficaciter

1240 1532 1458 1571 intendentes3
1502 1539 1531 1564 et
1570 1531 1807 1566 considerantes
1844 1539 1986 1573 attente,

1237 1593 1331 1627 quam
1372 1581 1563 1615 conveniens
1603 1581 1643 1614 sit
1690 1589 1720 1615 et
1754 1580 1886 1627 dignum
1903 1609 1910 1621 ,
1954 1590 1987 1616 ut

1238 1630 1354 1665 Christi
1391 1629 1500 1664 fideles
1530 1629 1633 1665 eidem
1658 1629 1818 1666 Ecclesiae
1845 1631 1985 1665 debitum

1238 1680 1390 1714 honorem
1414 1679 1592 1719 exhibeant,
1619 1688 1650 1714 et
1675 1680 1713 1714 ad
1740 1680 1809 1715 eius
1839 1680 1985 1716 decorem

1236 1742 1292 1764 sua
1315 1730 1407 1764 etiam
1439 1729 1595 1776 impendia
1628 1729 1886 1771 subministrent3
1913 1743 1984 1764 cum

1238 1780 1350 1814 frustra
1379 1791 1441 1813 non
1477 1779 1633 1813 immerito
1659 1779 1792 1814 salutem
1819 1788 1984 1826 expectet,

1237 1829 1289 1876 qui
1329 1841 1391 1863 non
1419 1841 1458 1863 ex
1493 1829 1578 1863 omni
1602 1828 1695 1863 corde
1716 1841 1751 1864 ac
1787 1837 1893 1864 mente
1919 1829 1985 1864 suis

1237 1891 1310 1913 cum
1338 1878 1537 1913 veneratione
1572 1887 1601 1913 et
1634 1877 1753 1913 honore
1780 1878 1895 1914 debitis
1922 1891 1983 1914 non

1238 1937 1396 1963 reveretur
1430 1940 1488 1963 nec
1524 1929 1647 1962 invocat
1675 1927 1886 1969 Salvatorem;
1914 1929 1985 1962 uni-

1238 1978 1413 2012 versitatem
1444 1986 1576 2012 vestran]
1601 1990 1746 2024 rogamus
1768 1985 1805 2012 et.
1825 1978 1986 2013 hortamur
2012 1986 2088 2021 Christi
2111 1986 2183 2007 fideles

1238 2028 1266 2062 iu
1296 2028 1444 2068 Domino,
1469 2029 1499 2061 in
1521 2028 1738 2062 remissionem
1762 2027 1850 2062 vobis
1878 2040 1985 2075 pecca·
1999 2018 2080 2069 2⁸3,ssssss
2096 2023 2184 2070 '3222ss

1238 2078 1356 2112 minum
1375 2078 1585 2123 iniungentes,
1600 2085 1768 2123 quatenus,
1788 2078 1985 2112 attendentes
1999 2083 2061 2101 ¹³¹⁰*

1239 2128 1365 2174 proi-ide
1398 2128 1483 2174 quod
1517 2127 1597 2161 inter
1628 2126 1809 2161 holocausta
1833 2127 1982 2162 virtutum

1239 2177 1313 2211 illud
1337 2176 1403 2211 Deo
1419 2176 1642 2224 acceptabilius
1664 2176 1815 2217 redditur,
1837 2177 1921 2224 quod
1945 2177 1983 2212 de

1238 2227 1306 2274 puri
1334 2227 1429 2261 animi
1449 2227 1600 2261 hilaritate
1635 2238 1670 2260 ac
1694 2226 1885 2273 pinguedine
1912 2227 1986 2261 cha-

1237 2277 1334 2310 ritatis
1355 2276 1493 2317 offertur,
1509 2276 1547 2310 de
1571 2276 1661 2310 bonis
1682 2276 1771 2311 vobis
1792 2289 1808 2311 a
1831 2276 1900 2311 Deo
1919 2276 1986 2311 col-

1238 2326 1306 2360 latis
1344 2326 1380 2360 ad
1411 2327 1637 2373 reparationem
1677 2325 1779 2361 dictae
1811 2326 1985 2370 ecclesiae,

1236 2387 1317 2422 quae
1332 2388 1442 2423 magna
1461 2376 1630 2423 plurimum
1644 2388 1680 2411 ac
1693 2384 1877 2423 sumptuosa
1892 2376 1986 2422 exigit

1237 2442 1330 2465 onera
1353 2442 1573 2478 expensarum,
1593 2431 1658 2478 pias
1679 2438 1709 2465 et
1728 2430 1829 2477 largas
1847 2430 1985 2464 eleemo-

1238 2498 1341 2533 synas,
1366 2495 1394 2520 et
1419 2494 1504 2530 grata
1527 2485 1668 2520 subsidia
1690 2485 1843 2530 erogetis3
1878 2493 1911 2518 ut
1935 2497 1985 2519 ro-

1238 2540 1442 2587 operantibus
1459 2541 1569 2574 vestris
1592 2540 1781 2575 charitativis
1797 2538 1983 2574 subventio-

1239 2595 1330 2630 nibus
1371 2596 1466 2643 possit
1501 2595 1609 2629 eadem
1645 2594 1802 2635 ecclesia,
1843 2594 1984 2629 deceutis

1238 2650 1509 2685 consummatione
1530 2657 1702 2684 structurae
1725 2648 1921 2683 laudabiliter
1940 2660 1984 2682 re-

2017 1243 2109 1265 Fortuita
2137 1245 2185 1271 igne

2004 1279 2145 1297 concremata.
