2274 3265
234 264 412 290 Ari.(].15]‘:7.

234 1904 330 1931 Perpetui
352 1905 403 1924 visi-

220 1939 299 1955 mores
335 1937 402 1962 depu-

221 1970 295 1987 ldnlllr.

477 256 545 286 5:58

425 329 455 354 et
477 319 655 365 diligenter,
680 319 851 353 secuudum
884 319 966 366 quod
1005 328 1105 354 rector
1140 328 1170 354 et

425 369 590 414 collegium
603 382 655 403 eos
668 368 792 403 duxerit
803 369 1014 415 deputandos:
1031 370 1067 404 ad
1080 371 1170 404 euius

425 418 628 452 custodientis
650 418 785 452 osticium
808 427 928 464 spectet
946 419 1081 464 singulis
1104 420 1168 453 die-

425 467 494 505 bus,
521 467 606 501 horis
633 468 781 513 istoiigruis
803 476 833 502 et
855 468 1019 507 ordinatis,
1046 470 1168 515 aperiri=

424 516 578 551 librariam
603 526 631 551 et
653 516 812 557 claudere,
834 530 869 551 ac
891 517 987 551 semel
1013 518 1041 551 in
1062 518 1112 551 die
1127 518 1170 551 ili-

424 566 554 612 ligenter
577 566 774 611 investigare,
790 575 819 601 et
835 567 859 600 si
879 567 1034 613 expediat,
1057 567 1169 601 rel'erre.

424 616 533 650 rectori
548 628 586 649 an
600 617 680 650 circa
699 615 794 650 libros
809 617 852 650 vel
876 628 983 650 eorum
998 617 1169 650 clavaturas

423 666 463 699 sit
489 666 606 711 aliquid
640 667 833 704 innovatum,
862 666 945 712 quod
976 667 1169 712 reparatione

421 724 522 761 egeat.
545 714 671 749 Clavem
687 724 790 749 autem
806 715 897 749 aliam
915 715 1097 749 dissimilem
1119 716 1170 749 ha-

422 763 512 799 beant
524 765 638 810 singuli
655 764 824 804 scholares,
836 764 961 811 quibus,
976 765 1169 809 temporibus

421 814 569 859 congruis
584 823 613 848 et
628 815 825 860 opportunis,
845 814 882 848 ad
901 813 1058 847 librariam
1072 813 1167 848 libere

422 872 523 909 pateat
545 863 658 898 aditus.
682 863 811 897 Proviso
835 872 938 897 tamen
954 863 1038 910 quod
1063 864 1168 897 nullus

421 912 552 947 forensis
569 912 641 946 illuc
659 912 859 958 ingrediatur,
875 912 931 946 riisi
948 913 1167 958 praesentibus

421 974 482 996 uuo
505 962 550 996 vel
574 961 718 1008 pluribus
736 961 932 996 scholaribus
954 962 992 995 de
1015 962 1165 1008 collegio:

419 1023 497 1057 quae
520 1011 636 1053 omnia,
661 1020 691 1045 nt
715 1011 882 1045 efficaciter
904 1011 1122 1050 observentur,
1138 1022 1165 1045 et

419 1069 452 1093 ut
474 1060 616 1094 securior
642 1060 828 1094 adhibeatur
864 1061 1020 1103 custodia,
1045 1062 1165 1107 praeci-

420 1110 522 1155 pimus
546 1117 577 1143 ut
599 1110 759 1145 scholares
777 1122 899 1153 omnes,
919 1119 1084 1157 antequam
1107 1110 1166 1145 cla-

418 1171 484 1192 vem
516 1158 555 1192 de
584 1159 728 1193 manibus
758 1160 886 1194 rectoris
918 1161 1111 1206 suscipiam,
1136 1162 1164 1194 iii

417 1207 562 1242 manibus
576 1209 655 1247 eius,
666 1210 841 1256 specialiter
858 1210 946 1244 tactis
959 1212 1166 1244 sacrosanctis

416 1257 606 1304 Evangeliis,
630 1259 731 1293 iurent
750 1259 788 1293 de
807 1260 891 1293 omni
910 1259 1114 1293 indemnitate
1131 1273 1166 1294 ae

418 1307 501 1341 fideli
525 1308 668 1342 custodia
693 1309 772 1342 eirca
797 1309 954 1343 librariam
975 1318 1004 1342 et
1024 1309 1165 1354 singulos

416 1357 557 1391 eiusdem
582 1357 679 1391 libros
705 1359 935 1392 conservandos
968 1358 1164 1393 adhibenda:

417 1406 603 1441 mandantes
637 1407 774 1454 denique
808 1407 1022 1442 sacerdotibus
1047 1416 1074 1442 et
1099 1409 1166 1442 aliis

416 1456 621 1490 servitoribus
635 1457 733 1503 quod,
748 1458 915 1504 praecipue
930 1458 958 1491 in
974 1457 1163 1492 scholarium

416 1505 569 1546 absentia,
592 1506 673 1541 circa
697 1506 854 1541 librariam
878 1515 908 1541 et
929 1508 985 1541 alia
1011 1507 1088 1541 bona
1107 1508 1165 1542 do-

417 1568 486 1589 mus
509 1556 721 1590 conservanda
745 1556 910 1602 diligenter
931 1557 1107 1599 invigilent,
1130 1571 1165 1592 ae,

417 1604 597 1648 inhibentes
619 1618 766 1652 expresse
791 1619 828 1640 ne
852 1615 953 1640 rector
976 1607 1067 1640 etiam
1091 1620 1163 1642 cuin

415 1655 549 1700 collegio
573 1664 753 1701 paramenta
783 1668 838 1689 seu
863 1656 970 1690 iocalia
995 1655 1069 1689 dicti
1093 1658 1165 1691 col—

416 1703 487 1749 legii
513 1705 611 1750 possit
644 1705 744 1739 cuivis
777 1718 928 1751 personae
951 1707 1164 1746 commodare,

417 1755 462 1787 vel
487 1755 628 1800 precario
659 1764 711 1788 aut
733 1754 793 1789 alio
816 1768 887 1789 casu
913 1756 956 1789 vel
982 1756 1073 1789 titulo
1103 1765 1166 1791 tra-

415 1802 501 1846 dere,
523 1803 582 1838 sub
605 1816 703 1849 poena
729 1803 868 1850 periurii.

465 1853 485 1899 S
506 1855 562 1887 55.
587 1853 768 1895 Caeterum,
793 1854 939 1889 nolentes
959 1854 1092 1889 fructum
1109 1856 1167 1890 uti-

416 1902 475 1937 lem
497 1903 640 1950 progredi
663 1903 789 1938 solitum
814 1917 851 1938 ex
874 1904 1077 1939 facultatibus
1104 1918 1165 1951 ge-

418 1952 538 1986 nerosis
561 1953 731 1988 canonicae
749 1954 898 1988 scientiae
920 1963 949 1988 et
964 1955 1075 1995 civilis,
1101 1968 1165 2001 pro-

418 2011 485 2048 pter
506 2011 594 2037 actus
619 2003 770 2049 reprobos
791 2012 845 2038 aut
872 2004 1021 2038 desidiam
1048 2006 1166 2050 praesi-

418 2051 531 2089 dentis,
555 2052 716 2093 retardari,
739 2054 882 2099 quinimo
903 2062 946 2093 ut,
962 2066 1095 2088 excusso
1116 2068 1167 2088 ne-

417 2100 583 2147 gligentiae
606 2115 719 2136 somno
741 2116 775 2137 ac
798 2103 907 2137 sedula
932 2115 1004 2137 cura
1026 2105 1167 2150 interpo-

417 2156 486 2195 sita,
510 2156 635 2202 praefati
670 2157 841 2198 scholares,
864 2158 967 2191 divina
1001 2158 1058 2191 sibi
1088 2171 1167 2192 eoo-

420 2218 546 2256 perante
578 2212 688 2257 gratia,
721 2212 841 2246 valeant
877 2212 944 2245 suis
972 2212 1167 2257 temporibus

419 2273 541 2310 opiatos
564 2264 685 2299 fructus
708 2266 898 2311 producere,
921 2266 957 2299 ad
983 2266 1165 2301 continuam

422 2319 673 2353 relisi-uiationem
697 2319 819 2364 collegii
845 2320 984 2366 praefati,
1009 2329 1070 2353 tres
1099 2321 1167 2355 visi-

422 2380 546 2410 tatores,
570 2373 711 2407 videlicet
746 2374 929 2420 episcopum
958 2383 984 2406 et
1010 2374 1167 2408 archidia—

421 2438 533 2460 conum
568 2426 784 2461 Bononienses
809 2440 843 2461 ac
865 2428 1073 2474 antiquiorem
1109 2428 1168 2462 do-

422 2489 538 2515 ctorem
560 2482 589 2515 in
613 2481 741 2519 lectura,
767 2495 827 2516 non
851 2491 961 2521 aetate,
986 2483 1014 2515 iii
1041 2483 1105 2515 iure
1121 2496 1169 2517 ca-

423 2535 536 2568 nonico
568 2535 728 2569 Bononiae
767 2537 919 2581 legentem
945 2536 1095 2570 duximus
1132 2551 1166 2571 ex

425 2601 506 2621 nuuc
528 2589 609 2622 dieto
632 2590 761 2635 collegio
792 2592 951 2637 perpetuis
975 2591 1167 2637 temporibus

425 2642 634 2689 deputandos,
663 2658 716 2678 eos
743 2645 941 2680 obsecrantes
978 2647 1005 2679 iii
1031 2646 1167 2680 Domino

1007 266 1103 288 iitttilax
1111 266 1139 287 ΙΗ
1147 266 1188 287 [Μ
1219 267 1284 287 “OM
1291 267 1307 287 A
1314 266 1377 287 Nt'ai

1213 319 1295 366 quod
1311 320 1418 353 saltem
1429 319 1524 353 semel
1540 319 1676 365 quolibet
1693 332 1787 363 aurio,
1800 320 1837 354 de
1851 332 1958 355 mense

1211 368 1413 415 septembris,
1440 376 1492 402 aut
1520 368 1658 414 saepius,
1681 370 1705 401 si
1731 382 1785 415 per
1807 371 1956 404 maiorem

1215 427 1332 464 partein
1365 418 1486 461 collegii
1525 418 1609 463 ipsos
1640 419 1802 463 contingat
1823 421 1957 459 evocari,

1211 467 1247 501 ad
1272 468 1372 514 ipsum
1396 467 1562 511 collegium
1589 467 1793 513 personaliter
1810 468 1959 503 accederi-

1213 526 1269 560 tcs,
1293 517 1420 550 rectoris
1443 516 1608 559 desidiam,
1632 516 1836 554 insolertiam,
1866 518 1960 562 negli-

1211 567 1347 611 gentiam
1372 579 1425 600 seu
1450 566 1541 599 etiarn
1568 566 1782 611 impotentiam
1803 566 1959 601 favorabi-

1214 616 1283 649 liter
1303 615 1462 662 supplere,
1490 628 1524 648 ac
1548 615 1649 660 ipsum
1673 623 1700 649 et
1724 616 1883 650 scholares
1910 617 1960 650 di-

1210 665 1327 708 scolos⁷
1351 665 1479 698 lascivos
1502 674 1532 698 et
1556 664 1768 710 vagabundos,
1790 667 1858 700 sine
1877 674 1958 700 stre-

1213 715 1277 759 pitu
1291 723 1319 748 et
1333 714 1429 759 ligura
1443 714 1562 753 iudicii,
1578 715 1659 748 iuxta
1674 727 1782 749 eorum
1796 715 1958 755 demerita,

1210 764 1377 809 corrigere,
1401 764 1512 809 punire
1534 773 1563 798 et
1586 764 1798 798 condemnare
1819 765 1956 799 valeant:

1212 826 1270 846 nee,
1300 826 1361 847 uon
1388 814 1531 859 singulos
1560 814 1730 853 scholares,
1753 815 1777 847 si
1802 815 1958 860 expediat,

1210 862 1305 895 semel
1332 863 1359 895 in
1383 876 1465 896 anno
1488 864 1709 898 examinationi
1733 864 1903 908 subiicere,
1929 875 1956 897 ei

1213 912 1364 945 'indociles
1387 926 1421 945 ac
1443 914 1568 958 penitus
1589 914 1626 948 ad
1651 913 1786 948 fructum
1810 915 1959 948 scientiaer

1210 962 1438 1008 acquirendum
1465 963 1631 1003 inhabiles,
1660 964 1697 997 de
1720 976 1877 998 consensu
1903 977 1958 998 re-

1210 1019 1305 1045 ctoris
1328 1021 1356 1045 et
1376 1012 1641 1052 consiliariorum,
1666 1025 1703 1047 ue
1727 1014 1838 1047 frustra
1861 1026 1957 1048 oceu-

1210 1069 1300 1106 petiir
1322 1061 1506 1095 idoneorum
1528 1063 1624 1101 locus,
1647 1063 1803 1108 expellere
1827 1063 1958 1105 valeant,

1208 1118 1327 1144 servata
1344 1110 1441 1145 fornia
1463 1112 1491 1145 in
1509 1112 1597 1145 titulo
1612 1114 1658 1146 De
1670 1114 1847 1157 expulsione
1869 1113 1958 1146 limi-

1209 1167 1285 1193 tata:
1317 1168 1344 1193 et
1368 1161 1508 1203 deinum,
1532 1175 1628 1208 super
1657 1162 1736 1205 vita,
1760 1162 1902 1196 moribus
1930 1172 1957 1195 ei

1210 1210 1361 1255 regimine
1383 1211 1570 1257 quotidiano
1594 1211 1693 1258 ipsius
1729 1211 1843 1246 domus
1863 1212 1959 1246 resor-

1209 1259 1327 1301 maudi,
1356 1260 1526 1306 supplendi
1551 1270 1579 1295 ct
1615 1261 1674 1294 alia
1700 1261 1859 1304 faciendi,
1882 1274 1961 1308 quae

1210 1321 1266 1355 pro
1296 1309 1438 1348 utilitate,
1467 1311 1635 1344 commodo
1665 1320 1695 1345 et
1718 1312 1958 1345 conservatione

1208 1358 1281 1391 dicti
1306 1358 1441 1405 collegii,
1465 1360 1638 1394 dummodo
1663 1361 1815 1406 praesenti
1835 1371 1958 1395 nostrae

1208 1408 1397 1442 ordinationi
1416 1422 1476 1442 non
1493 1411 1720 1451 contradicant,
1742 1410 1864 1456 plenam
1882 1423 1960 1444 con—

1207 1456 1350 1491 cedimus
1374 1458 1563 1493 facultatem.
1587 1458 1681 1500 Quod
1704 1460 1728 1492 si
1754 1459 1810 1505 ipsi
1837 1459 1882 1493 vel
1905 1472 1959 1494 eo—

1210 1520 1275 1540 rum
1300 1507 1412 1553 aliquis
1436 1509 1554 1542 nollent
1575 1509 1620 1542 vel
1646 1521 1706 1543 non
1732 1517 1871 1553 possent,
1890 1510 1959 1543 aliis

1208 1558 1467 1602 occupationibus
1483 1558 1668 1604 praepediti,
1694 1558 1767 1592 huic
1792 1558 1957 1592 visitationi

1210 1606 1383 1646 intendere,
1409 1608 1475 1641 loco
1495 1609 1632 1654 episcopi
1649 1607 1872 1647 Bononiensis,
1892 1609 1960 1641 eius

1208 1656 1359 1690 vicarium
1392 1657 1419 1690 in
1449 1657 1682 1702 spiritualibus,
1711 1657 1778 1691 loco
1804 1657 1957 1691 archidia-

1208 1705 1290 1743 coni,
1314 1707 1525 1741 universitatis
1547 1707 1814 1749 Ultraniontanae,
1843 1707 1958 1741 scilicet

1208 1754 1359 1796 Gallicae,
1382 1765 1551 1797 rectorem,
1586 1757 1653 1791 loco
1676 1756 1813 1791 doctoris
1829 1756 1960 1802 legentis

1209 1805 1237 1838 iri
1263 1804 1329 1838 iure
1352 1807 1517 1845 canonico,
1539 1807 1751 1853 antiquiorem
1776 1807 1804 1840 in
1826 1808 1893 1840 iure
1920 1819 1959 1839 ci-

1210 1854 1260 1888 vili
1293 1863 1363 1888 actu
1398 1856 1572 1901 legentem,
1610 1857 1753 1890 volumus
1788 1858 1958 1902 surrogari.

1208 1904 1268 1945 Qui
1292 1905 1420 1951 quidem
1447 1907 1509 1951 pari
1527 1906 1622 1940 inodo
1642 1906 1777 1949 visitare,
1795 1914 1825 1939 et
1843 1905 1960 1940 abseii<

1209 1955 1280 1987 tiam
1309 1967 1363 1988 seu
1389 1955 1577 1990 voluntateri}
1617 1956 1875 2001 praemissorum,
1904 1968 1961 2002 pro

1210 2003 1258 2036 illa
1273 2003 1350 2044 vice,
1362 2004 1494 2039 fideliter
1508 2006 1658 2052 supplere
1675 2013 1850 2039 teneantur.
1864 2005 1917 2039 l'oi
1929 2019 1960 2038 ro

1210 2053 1396 2088 mandamus
1430 2055 1489 2089 hoc
1523 2055 1587 2089 lieri
1610 2056 1728 2102 absque
1755 2055 1905 2101 expensis
1931 2064 1957 2088 et

1209 2103 1359 2137 oneribus
1374 2104 1514 2150 collegii:
1541 2105 1663 2150 proviso
1680 2115 1781 2139 tamen
1799 2104 1882 2151 quod
1901 2105 1958 2150 ipsi

1209 2157 1387 2192 visitatores
1406 2159 1629 2194 honorabiliter
1646 2160 1848 2206 recipiantur,
1865 2168 1893 2193 et
1910 2159 1959 2192 tn»

1211 2212 1359 2247 norabilis
1382 2214 1507 2248 collatio
1532 2215 1577 2249 vel
1603 2215 1781 2261 prandium,
1807 2215 1891 2248 iuxta
1912 2214 1959 2247 ri-

1211 2273 1275 2299 tuni
1301 2268 1429 2313 patriae,
1454 2269 1647 2303 ministretur
1669 2268 1800 2302 eisdem.

1262 2324 1353 2361 §56⁸
1380 2322 1554 2363 Praeterea,
1580 2331 1612 2356 ut
1633 2323 1751 2357 dictum
1781 2323 1960 2368 collegium,

1210 2375 1246 2409 ad
1277 2376 1360 2422 quod
1385 2384 1412 2409 et
1438 2376 1537 2422 ipsius
1572 2377 1801 2410 incrementum
1836 2388 1960 2410 summe

1210 2430 1373 2476 allicimus,
1390 2431 1577 2464 successivis
1599 2430 1794 2476 temporibus
1816 2430 1854 2463 de
1878 2429 1960 2463 bono

1211 2483 1240 2515 in
1266 2483 1379 2517 melius
1414 2494 1628 2530 prosperetur,
1660 2485 1813 2530 speciales
1849 2492 1960 2530 prote-

1211 2545 1313 2570 ctores
1328 2552 1382 2573 seu
1400 2539 1593 2581 defensores,
1610 2538 1752 2573 videlicet
1771 2540 1958 2585 episcopum

1210 2590 1384 2625 Ostiensem
1401 2593 1704 2627 vice-eaucellariuin
1720 2593 1911 2629 Romanum,
1925 2605 1960 2625 ac

1213 2657 1309 2678 iiiiiiui
1347 2647 1390 2680 vel
1421 2647 1500 2680 duos
1534 2647 1609 2680 alios
1643 2646 1831 2685 cardinales,
1859 2647 1959 2693 siqui

1975 264 2023 291 An.
2040 264 2068 290 C.
2091 265 2156 291 1572

1991 2334 2042 2354 Item
2055 2337 2162 2361 protecto-

1978 2372 2011 2386 res
2028 2369 2046 2385 rt
2064 2365 2162 2385 defi-irso-

1978 2403 2019 2417 i'i‘s⁴
