2274 3265
97 273 147 300 An.
162 273 188 299 C.
210 273 276 299 1285

104 2361 132 2382 De
143 2364 211 2383 divina
222 2369 272 2390 pro-

90 2394 181 2414 videntia
192 2395 211 2414 in
220 2395 273 2415 dan-

91 2426 122 2445 dis
162 2425 271 2446 Ecclesiae

92 2456 216 2483 pastoribus.

910 272 982 294 ΠΗΝ(
992 272 1071 293 Ι11118
1096 273 1120 293 Η
1150 273 1196 294 1¹1¹.

508 329 721 379 llONORlUS
771 329 812 377 lV

569 417 661 447 PAPA
690 417 754 447 CXC

402 483 493 514 Anno
521 482 649 515 Domini
674 480 922 514 MCCLXXXV.

293 560 473 637 Honorius
510 602 550 636 1V
585 610 674 635 antea
708 599 839 634 lacobus
865 600 1035 643 Sabellus,

290 653 415 686 natione
443 652 622 689 Romanus,
645 650 797 684 diaconus
818 650 984 684 cardinalis
1002 649 1034 685 S.

289 700 403 736 Mai-iae
437 701 465 734 iu
490 700 672 735 Cosmedin,
701 699 819 734 electus
846 708 890 734 est
916 699 1034 734 Perusii

290 752 318 784 in
357 751 524 784 Summum
570 749 754 784 Pontificem
788 749 838 783 (lie
874 753 894 783 2
930 750 1037 796 aprilis

287 812 369 834 anno
393 801 499 840 4285,
522 808 552 834 et
573 799 693 834 Romae
709 807 922 839 consecratus,
943 808 1036 847 atque

288 850 514 884 inthronizatus
536 858 581 884 est
604 849 686 896 apud
706 848 739 883 S,
764 849 891 884 Petrum
920 849 970 883 die
995 851 1036 883 15

287 899 439 933 eiusdem.
469 899 557 934 Sedit
586 900 616 933 in
647 899 827 944 pontificatu
860 912 962 934 annos
999 912 1036 943 tt,

287 948 519 996 imperantibus
554 949 585 983 in
613 949 743 985 Oriente
778 949 972 993 Andronico,
1006 949 1035 983 in

286 997 459 1033 Occidente
495 998 666 1044 Rodulplio
701 1010 770 1044 rege
806 998 1034 1033 Romanorum.

286 1047 374 1082 Obiit
396 1048 553 1095 siquidem
581 1048 631 1083 die
659 1051 680 1082 5
702 1048 809 1095 aprilis
831 1061 912 1082 anno
947 1051 1035 1082 1287

287 1105 316 1131 et
342 1097 484 1144 sepultus
506 1107 553 1133 est
576 1098 605 1131 iu
630 1098 763 1133 ecclesia
787 1098 820 1132 S.
844 1097 928 1132 Petri
953 1098 1036 1133 iuxta

288 1146 450 1182 Nicolaum
470 1146 588 1194 Papam
608 1147 659 1182 111.
680 1148 806 1182 Vacavit
830 1147 929 1182 Sedes
948 1160 1037 1181 meu—

287 1209 338 1231 ses
358 1209 388 1235 Χ,
411 1196 478 1231 dies
499 1208 562 1231 xxx.

649 1385 672 1419 1.

289 1462 456 1506 Encyclicis
479 1463 574 1494 literis
603 1463 815 1507 Christificleles
835 1464 1037 1507 promotionis

333 1523 406 1545 suae
426 1512 564 1545 certiores
585 1513 718 1556 faciens,
746 1514 788 1545 ud
808 1513 948 1545 divinam
979 1514 1039 1557 ipsi

334 1573 419 1606 opem
443 1563 506 1595 suis
536 1563 672 1607 precibus
706 1563 933 1596 conciliandam
960 1574 1037 1607 pro-

334 1618 420 1644 vocat
447 1613 504 1655 (t).

553 1691 764 1723 SUMMAIuUM

285 1759 323 1788 [le
352 1759 449 1789 divina
482 1758 660 1796 providentia
692 1759 720 1788 in
754 1759 858 1788 dandis
888 1759 1036 1790 Ecclesiae

325 1803 504 1842 pastoribus,
526 1820 565 1825 —
591 1802 652 1832 Nou
682 1803 808 1841 propriis
832 1803 954 1839 viribus,
985 1805 1035 1834 sed

324 1851 353 1878 in
371 1848 420 1879 Dei
448 1849 576 1888 potentia
596 1849 814 1878 considendum.
842 1865 881 1870 —
904 1848 942 1878 De
966 1849 1037 1879 Mar-

324 1894 376 1924 tini
404 1898 509 1923 morte:
531 1910 569 1914 —-
599 1893 798 1923 Cardinalium
829 1893 978 1930 suffragiis
1007 1895 1035 1923 in

324 1938 482 1968 Honoriutn
505 1943 572 1967 tuuc
593 1937 620 1967 S.
647 1937 752 1967 Mariae
776 1938 852 1968 diac.
877 1939 957 1968 rard.
977 1940 1037 1968 col-

325 1982 404 2012 latis:
422 1999 458 2004 —
481 1981 600 2012 Honorii
620 1983 650 2012 in
673 1985 841 2021 respuendo
865 1983 1035 2022 pontificatu

324 2027 476 2057 modestia.
500 2044 538 2049 —
559 2026 673 2063 Quibus
694 2027 793 2057 causis
817 2027 956 2057 honorem
981 2028 1035 2057 ad—

325 2073 447 2102 miserit.
464 2089 503 2094 —
521 2071 608 2110 Spem
628 2072 657 2101 in
680 2071 737 2101 Deo
757 2072 888 2101 collocat.
906 2090 944 2094 —
962 2073 1037 2102 Prae-

324 2117 404 2147 sutes
422 2117 456 2147 ad
478 2118 660 2156 partiendum
686 2126 752 2146 cum
772 2118 836 2157 ipso
865 2127 940 2146 onus
964 2118 1034 2146 lior·

325 2167 410 2192 tatur.

329 2238 460 2267 Honorius
483 2239 624 2274 episcopus
648 2245 743 2267 servus
773 2246 912 2268 servorum
935 2239 991 2268 Dei.

335 2310 416 2352 Quis
449 2310 593 2356 loquetur
625 2311 782 2357 potentias
810 2311 949 2349 Domini,
979 2325 1036 2346 au-

286 2359 367 2394 ditas
390 2359 480 2393 saciet
502 2371 612 2394 omnes
640 2360 748 2394 laudes
775 2361 860 2401 eius,
897 2361 974 2396 mira
1007 2370 1036 2395 et

288 2410 450 2444 innumera
478 2420 553 2443 suae
577 2410 696 2444 virtutis
723 2422 835 2455 opera,
863 2423 942 2457 quae
966 2411 1035 2456 lpse

289 2468 399 2506 potens
426 2470 463 2493 ex
492 2458 641 2493 omnibus
669 2467 810 2505 potenter
837 2469 867 2494 et
891 2460 1037 2495 ineffabi-

287 2509 356 2544 litet·
384 2516 549 2555 operatur,
577 2508 615 2542 ita
639 2508 833 2543 sufficienter
860 2510 1036 2544 enuncians

287 2567 318 2594 et
343 2558 489 2606 explicite
525 2558 699 2601 disserens,
728 2566 759 2592 ut
795 2559 962 2595 audiantur
997 2560 1048 2594 ab·

287 2608 367 2653 aliis,
389 2616 419 2643 ct
446 2608 609 2643 audientes
631 2607 776 2643 laudibus
792 2608 899 2656 Ipsum
924 2609 1036 2644 condi-

325 2679 364 2715 (¹)
379 2679 418 2706 Ex
436 2678 571 2715 naynatdo
589 2678 620 2705 ad
637 2687 735 2706 annum
755 2679 836 2711 1285,
853 2679 869 2715 S
888 2681 928 2706 17.

1730 266 1772 295 ‹27

1074 327 1145 372 guis
1180 329 1332 366 attollant,
1372 329 1561 362 laudandum
1592 329 1698 375 procul
1728 330 1824 364 dubio

1075 377 1143 409 sine
1164 377 1223 411 line
1242 378 1417 412 secundum
1439 378 1648 413 multitudinis
1671 380 1826 414 infinitae?

1076 425 1221 460 Profecto
1244 427 1407 461 admiratio
1432 428 1522 461 mixta
1547 429 1721 474 ‹praestioni
1742 441 1823 475 prae-

1077 476 1190 509 missae
1226 488 1287 510 uou
1328 484 1388 510 tam
1425 478 1581 511 raritatem
1618 478 1654 511 ad
1684 479 1823 524 quaesita

1075 525 1259 559 sufficientis
1304 526 1462 565 insinuat,
1509 539 1601 573 quam
1645 528 1823 572 generalem

1075 574 1216 609 omnium
1254 575 1283 608 in
1313 575 1372 609 lim:
1409 575 1661 609 insufficientiam
1691 577 1823 611 veridica

1077 624 1288 658 insinuatione
1308 624 1464 670 designat,
1489 638 1545 659 ure
1559 625 1640 659 euim
1659 626 1824 672 quisquam

1076 673 1231 718 explicare
1275 673 1435 720 loquendo
1479 674 1523 707 vol
1560 675 1826 720 roinpreliendere

1076 723 1189 757 sullis-it
1219 724 1416 767 meditando,
1451 735 1522 757 cuni
1558 724 1616 757 sint
1648 724 1826 769 incompre-

1077 772 1239 807 hensibilia
1282 773 1338 808 Dei
1376 774 1490 807 iudicia
1525 782 1552 807 et
1596 774 1827 819 investigabiles

1078 823 1142 856 viae
1165 824 1245 863 eius,
1263 831 1293 857 et
1317 823 1443 867 idcireo,
1473 835 1530 857 nec
1552 823 1589 858 ad
1613 824 1827 869 comproben-

1076 872 1215 907 dendum
1236 873 1280 906 vel
1299 874 1390 908 etiam
1415 873 1666 919 investigandum
1692 874 1826 908 humana

1078 923 1153 956 ratio
1182 922 1322 969 prolicit,
1359 923 1412 957 sed
1439 922 1655 969 investigando
1686 923 1826 963 miratur,

1077 980 1181 1018 stupet
1208 981 1238 1007 et
1272 972 1392 1015 deficit,
1427 984 1482 1006 cur
1515 972 1585 1018 Ipse
1615 972 1761 1007 terribilis
1796 974 1824 1006 in

1076 1022 1217 1056 consiliis
1240 1034 1334 1068 super
1358 1022 1437 1056 lilios
1461 1022 1634 1061 bominum,
1657 1031 1686 1056 et
1706 1023 1827 1069 praeci—

1079 1084 1138 1117 pue
1178 1083 1257 1105 circa
1295 1084 1432 1116 regimen
1469 1080 1687 1106 sacrosanctae
1721 1079 1827 1106 matris

1078 1120 1236 1155 Ecclesiae
1265 1121 1480 1165 innotescens,
1505 1121 1662 1155 interdum
1693 1129 1827 1155 rectores

1078 1169 1174 1216 ipsius
1198 1170 1364 1204 virtutibus
1380 1170 1473 1204 sortes
1497 1179 1527 1205 et
1549 1170 1665 1205 viribus
1680 1183 1733 1216 pro
1750 1182 1826 1205 suae

1077 1219 1294 1265 dispositionis
1317 1219 1458 1254 libertate
1483 1219 1640 1259 subducit,
1670 1220 1825 1254 interdum

1078 1268 1106 1301 in
1135 1269 1330 1304 successoris
1366 1268 1590 1304 substitutione
1630 1269 1709 1313 illis,
1748 1281 1827 1316 quos

1077 1318 1214 1364 aptiores
1235 1318 1274 1352 ad
1304 1318 1332 1352 id
1358 1319 1536 1353 communis
1565 1319 1727 1353 hominum
1752 1331 1828 1353 cen-

1077 1379 1146 1401 sura
1169 1368 1365 1414 perhibebat.
1388 1368 1525 1407 omissis,
1548 1368 1707 1403 Ecclesiae
1728 1369 1827 1416 ipsius

1077 1417 1338 1462 gubernationem
1381 1426 1410 1452 et
1438 1431 1542 1453 curam
1569 1418 1660 1465 longe
1691 1418 1826 1464 dispari-

1078 1467 1136 1502 bus
1161 1468 1190 1502 in
1228 1470 1394 1516 utriusqui³
1430 1468 1491 1503 alto
1513 1481 1570 1502 suo
1598 1469 1729 1503 consilio
1758 1470 1828 1503 licet

1078 1518 1167 1552 nobis
1210 1519 1334 1552 occulto
1368 1527 1398 1553 et
1437 1519 1585 1553 nimirum
1621 1519 1827 1563 admirando,

1076 1568 1186 1602 saltem
1216 1568 1445 1614 praemittendo
1485 1569 1667 1609 committit,
1703 1569 1731 1603 in
1769 1569 1827 1604 hoe

1076 1618 1168 1652 etiam
1197 1630 1252 1652 sua
1276 1619 1523 1666 omnipotentia,
1557 1627 1586 1653 ct
1622 1618 1826 1654 nibilominus

1076 1669 1208 1702 eandem
1236 1669 1409 1704 Ecclesiam
1435 1681 1489 1716 per
1521 1668 1627 1716 Ipsum
1664 1669 1827 1716 priucipa—

1077 1718 1148 1753 liter
1169 1718 1337 1766 gubernari
1364 1718 1525 1754 evidenter
1546 1718 1732 1754 ostendens:
1763 1719 1827 1753 evi-

1076 1769 1156 1804 dens
1180 1770 1297 1804 etenim
1321 1778 1364 1804 est
1394 1781 1474 1816 opus
1511 1770 1669 1817 potentiae
1706 1769 1826 1803 virtus—

1076 1831 1136 1866 que
1178 1820 1312 1866 potentis
1353 1820 1496 1854 immensi
1535 1820 1638 1853 oneris
1673 1819 1825 1853 sarcinam

1076 1870 1206 1904 culmini
1234 1869 1427 1915 apostolatus
1450 1881 1602 1904 annexam
1638 1868 1715 1903 adeo
1751 1870 1826 1903 levi-

1075 1932 1149 1966 gare
1169 1919 1339 1959 debilibus,
1364 1928 1395 1953 ut
1410 1919 1574 1966 levigantis
1587 1931 1645 1966 ope
1660 1919 1827 1953 salubriter

1075 1978 1293 2017 supportetur,
1320 1977 1349 2004 et
1384 1969 1515 2016 proinde
1540 1968 1735 2004 manifestius
1768 1981 1826 2016 pa-

1077 2028 1139 2054 teat
1167 2020 1265 2067 ipsam
1298 2019 1469 2054 Ecclesiam
1506 2019 1570 2064 regi
1597 2026 1626 2053 et
1648 2018 1738 2065 dirigi
1770 2031 1826 2065 po-

1076 2070 1137 2104 tius
1159 2070 1343 2116 opitulantis
1363 2069 1503 2112 arbitrio,
1529 2080 1621 2115 quam
1650 2067 1744 2108 illius,
1772 2069 1823 2102 cui

1076 2120 1215 2165 regimen
1252 2119 1321 2153 eius
1347 2127 1413 2153 erat
1440 2130 1494 2153 sua
1530 2117 1735 2165 dispositione
1769 2129 1823 2152 seu

1077 2181 1284 2216 permissmne
1312 2180 1527 2203 commissum.

1124 2219 1191 2264 Sic,
1218 2220 1263 2254 sic
1286 2218 1337 2253 ille
1366 2218 1456 2252 Pater
1484 2217 1685 2264 omnipotens
1713 2217 1823 2262 provi-

1076 2269 1178 2303 dentia
1196 2277 1306 2303 cuncta
1323 2268 1514 2313 gubernans,
1538 2267 1725 2301 constitutos
1744 2267 1823 2300 inter

1077 2319 1172 2353 maris
1197 2317 1304 2352 mundi
1329 2318 1424 2351 liuius
1446 2317 1541 2351 amai-i
1566 2315 1728 2362 procellas,
1756 2317 1823 2349 sine

1078 2377 1139 2403 rate
1163 2367 1313 2402 salvificat
1337 2367 1498 2413 populum,
1521 2366 1573 2413 qui
1597 2365 1671 2399 alias
1695 2364 1745 2399 ubi
1761 2376 1821 2398 non

1075 2426 1122 2452 est
1150 2427 1266 2457 rector,
1295 2416 1382 2450 facile
1415 2416 1549 2454 corruit,
1584 2427 1598 2447 a
1632 2414 1718 2448 ruina
1753 2415 1821 2449 sine

1077 2468 1205 2502 rectoris
1228 2466 1396 2500 idoneitate
1416 2476 1627 2511 praeservans.
1652 2462 1721 2497 Non
1736 2464 1820 2498 enim

1078 2525 1165 2551 vocat
1181 2516 1296 2551 multos
1313 2515 1472 2561 sapientes
1487 2513 1662 2548 secundum
1683 2525 1820 2554 carnem,

1078 2579 1138 2600 non
1174 2566 1290 2601 multos
1312 2565 1442 2607 nobiles,
1477 2563 1630 2598 multosve
1662 2571 1820 2610 potentes,

1076 2617 1129 2650 sed
1155 2616 1276 2650 infirma
1304 2614 1412 2650 mundi
1441 2613 1537 2660 eligit,
1575 2621 1606 2647 ut
1639 2611 1819 2659 superbiam

1076 2666 1237 2700 innitentis
1270 2664 1326 2699 sibi
1356 2663 1546 2698 fortitudinis
1582 2662 1738 2697 humanae
1770 2674 1821 2697 re-

1842 275 1877 300 An

1908 275 1925 297 1,·
1955 275 2017 298 1’Ζ“ῗὶ
