2274 3265
116 281 166 308 An.
184 281 294 309 01519

118 1122 215 1149 Magister

104 1158 256 1181 praeceptores
269 1157 289 1175 a!

104 1186 148 1211 fagi
176 1188 290 1206 teneantur

104 1219 220 1241 praestare,
237 1221 290 1243 quae
306 1221 311 1226 ”

105 1248 172 1268 eidem
188 1247 212 1267 ab
230 1248 290 1268 ordi-

104 1284 130 1299 no
161 1277 268 1305 Hospita.»
264 1285 280 1299 ir

103 1309 255 1332 exhibebantur

114 2069 243 2097 Demagrsni
261 2076 286 2090 e-

101 2102 201 2122 lectione.

820 278 955 302 lOANNEs
979 278 1035 300 xxi
1060 263 1168 310 (dictus
1197 270 1281 310 nu)
1304 278 1351 301 Ρν,

314 342 378 369 tum
398 341 430 369 et
448 334 629 388 homagium
655 333 834 368 huiusmodi
857 333 943 367 dicto
972 332 1061 378 regi,

312 384 337 417 si
373 384 439 430 ipse
467 384 496 417 in
528 383 633 429 aliquo
660 383 728 417 loco
755 382 910 417 dictorum
940 393 1060 427 regno-

313 446 395 477 rum,
415 433 444 466 in
462 444 526 479 quo
549 440 761 479 praeceptoria
786 429 966 466 huiusmodi
973 409 1060 464 Usue—

313 482 366 526 rit,
407 494 556 528 praesens
582 481 736 521 extiterit,
762 480 902 527 alioquin
938 479 1059 513 locum-

312 531 429 566 tenenti
456 531 538 573 eius,
567 529 644 564 infr-a
688 529 880 575 praedictum
921 535 1058 575 tempus,

311 580 495 614 huiusmodi
519 580 728 613 iuramentum
762 585 920 625 praestare
942 584 973 611 et
1000 577 1058 611 bo-

312 631 451 676 rnagium
487 629 588 663 facere
623 635 806 662 teneantur:
847 639 911 673 quo
938 626 1058 673 elapso,

308 679 374 714 sive
398 678 552 725 praedicta
585 677 796 711 iuramentum
821 684 852 710 et
875 676 1056 721 homagium

308 729 370 762 sint
393 736 516 774 recepta
540 726 585 759 vel
602 727 695 760 etiam
716 738 778 760 non
802 733 944 771 recepta;
969 726 1058 759 liceat

308 777 478 824 praedietis
501 775 700 810 inferioribus
717 775 984 822 praeceptoribus,
1011 774 1057 809 vel

308 839 450 873 ipsorum
487 824 738 859 locateuentibus
774 824 811 859 ad
842 837 950 859 corum
991 824 1057 859 loca

307 876 421 919 redire,
443 883 473 910 et
499 874 617 921 absque
650 874 882 921 praedictorum
911 882 1057 919 praesta—

307 926 406 968 tione,
434 924 516 970 regis
542 923 683 958 eiusdem
718 936 773 958 seu
812 923 1057 958 locumtenentis

306 975 405 1021 ipsius
428 973 566 1011 licentia,
592 973 623 1007 in
653 973 744 1007 bonis
766 973 986 1007 administrare
1018 973 1059 1008 li-

304 1024 378 1058 bere
396 1022 594 1070 supradictis.

353 1072 374 1119 g
397 1075 452 1107 14.
481 1071 638 1106 Volumus
661 1080 776 1111 tamen,
800 1071 884 1117 quod
908 1072 1057 1116 magister

266 1131 289 1145 ΛΕ
305 1123 370 1168 ipse
384 1131 437 1157 aut
455 1128 639 1168 praeceptor
653 1121 752 1155 maior
769 1120 920 1166 praedicti
938 1120 1056 1155 ordinis

305 1171 431 1206 Militiae
464 1170 534 1205 Iesu
571 1169 705 1211 Christi,
746 1182 800 1204 seu
839 1169 1056 1204 locumtenens

305 1220 407 1267 ipsius
422 1232 459 1255 eo
481 1219 622 1259 absente,
637 1228 667 1254 ot
680 1226 901 1266 praeceptores
923 1219 984 1259 alii,
1002 1231 1055 1253 seu

304 1282 412 1304 eorum
441 1269 669 1309 locatenentes,
695 1281 747 1315 qur
776 1268 889 1302 suerint
917 1267 977 1302 snb
999 1280 1055 1303 eo-

304 1319 401 1353 dem
395 1332 426 1353 in
442 1319 546 1365 regnis
567 1327 597 1353 et
620 1319 710 1353 terris
732 1317 875 1352 eiusdem
901 1318 996 1372 regis
1017 1317 1054 1352 ad

303 1369 407 1403 curias
443 1369 544 1415 ipsius
584 1369 666 1414 regis
699 1367 861 1406 accedam
897 1375 926 1401 ot
960 1367 986 1401 ei
1024 1376 1055 1401 et

302 1419 370 1453 suis
405 1417 596 1452 haeredibus
627 1431 663 1452 ac
685 1416 922 1452 successoribus
949 1418 1053 1451 omnia

303 1468 427 1508 faciant
462 1480 542 1514 quae
570 1466 647 1501 ordo
678 1467 843 1521 hospitalis
869 1466 975 1501 Sancti
1005 1466 1055 1501 lo-

301 1517 391 1551 annis
409 1516 683 1564 Ηιειο501μιιιῑιιιιι
709 1530 737 1550 ιιι
758 1529 862 1562 remis
886 1516 1055 1563 praedictis

302 1567 479 1601 consistens
518 1566 578 1600 sibi
608 1579 643 1601 ac
667 1565 963 1613 praedecessoribus
989 1567 1055 1601 suis

302 1617 403 1651 fucere
430 1616 611 1650 cousuevit:
636 1618 799 1651 reservatis
826 1615 917 1650 etiam
951 1616 1055 1650 omni-

302 1665 360 1700 bus
394 1665 518 1699 iuribus
540 1673 571 1700 et
600 1666 737 1700 servitiis
767 1665 904 1711 praefato
937 1666 1000 1711 regi
1025 1674 1054 1700 et

300 1715 538 1750 successoribus
570 1715 634 1750 suis
656 1727 672 1750 a
696 1714 833 1762 praefato
861 1714 970 1749 ordine
994 1715 1055 1749 Mi-

301 1765 383 1801 litiae
411 1764 480 1799 Iesu
503 1763 622 1799 Christi
651 1763 860 1812 praestandis,
893 1777 974 1811 quae
1004 1765 1054 1798 di-

298 1821 368 1849 ctus
397 1828 448 1849 rex
481 1821 511 1848 et
545 1814 805 1860 praedecessores
839 1813 885 1848 sui
921 1827 937 1848 a
970 1814 1054 1849 dicto

299 1864 408 1899 ordine
430 1863 628 1910 Hospitalis
623 1877 652 1898 ιιι
677 1863 781 1910 regnis
810 1863 955 1910 praelatis
986 1864 1053 1898 exi·

299 1921 401 1949 stente
427 1913 588 1948 retroactis
616 1913 813 1959 temporibus
836 1913 951 1948 habere
975 1925 1054 1947 con-

299 1964 472 2003 sueverint,
499 1971 528 1995 et
551 1963 655 1997 adbuc
682 1963 798 1997 habere
823 1971 1007 1997 noscuntur.

348 2013 368 2060 5
397 2014 451 2046 15.
487 2012 665 2047 Statuimus
701 2020 861 2068 praeterea
896 2020 925 2046 et
958 2013 1051 2046 etiam

299 2062 496 2101 ordinamus,
519 2062 602 2109 quod
626 2063 775 2109 quotiens
799 2074 854 2107 per
875 2061 1051 2095 cessionrrn

300 2111 346 2146 vel
381 2111 547 2146 decessum
588 2112 686 2158 ipsius
715 2111 853 2156 magistri
878 2110 952 2146 dicti
983 2111 1052 2144 novi

299 2161 420 2195 ordinis
448 2160 494 2195 vel
518 2173 721 2208 quocumque
749 2161 811 2195 alio
834 2159 927 2194 modo
955 2172 1053 2194 eum-

299 2210 372 2246 dem
407 2210 535 2257 proprio
562 2222 670 2245 carere
698 2210 848 2256 magistro
875 2210 1052 2256 contioerit,

298 2260 401 2306 aliqua
425 2259 569 2293 militaris
596 2267 625 2293 et
645 2259 787 2306 religiosa
813 2271 944 2305 persona
968 2272 1055 2293 eum-

299 2309 371 2344 dem
400 2321 514 2342 novum
542 2308 685 2343 ordinem
709 2320 858 2363 expresse
894 2309 1052 2355 professa⁷

299 2372 314 2392 ιι
346 2357 495 2392 fratribus
530 2358 670 2392 ciusdem
708 2358 778 2392 novi
815 2357 936 2392 ordinis
969 2358 1050 2392 iuxta

300 2419 420 2442 morem
455 2406 609 2441 hactenus
642 2407 671 2440 in
706 2407 903 2442 Calatraven.
941 2407 1052 2441 ordine

299 2456 519 2499 observatum⁷
546 2456 618 2502 eligi
647 2455 759 2490 debeat
787 2457 818 2491 ιιι
848 2456 1048 2502 magistrum

300 2506 353 2552 qui
384 2505 504 2552 absque
537 2505 595 2539 alia
630 2505 869 2539 confirmatione
892 2518 947 2550 pro
974 2518 1052 2540 con—

301 2554 435 2593 firmato,
462 2555 648 2589 auctoritate
671 2555 854 2601 apostolica,
879 2554 1049 2589 habeatur.

300 2603 449 2651 quodque
477 2616 492 2638 a
522 2612 663 2649 tempore
690 2604 860 2638 vacationis
883 2616 939 2650 per
966 2605 1052 2638 eius-

300 2653 371 2687 dem
402 2653 540 2700 magistri
565 2652 702 2695 obitum‚
731 2652 776 2688 vel
807 2653 868 2688 alio
895 2665 1051 2700 quocum-

1738 268 1808 301 ¹:283

1102 343 1165 377 que
1189 330 1295 372 modo,
1319 333 1388 365 novi
1405 332 1526 366 ordinis
1545 342 1721 375 memorati,
1741 332 1780 367 illi
1802 345 1855 368 mi-

1102 379 1173 415 lites
1200 388 1230 415 et
1253 379 1363 415 fratres
1376 380 1517 415 eiusdem
1543 382 1613 416 novi
1638 382 1758 416 ordinis
1775 382 1854 417 bona

1103 430 1203 484 ipsius
1231 429 1261 463 in
1285 429 1395 464 eodem
1432 442 1512 465 novo
1542 430 1652 465 ordine
1676 431 1772 466 libere
1801 433 1855 465 ad—

1102 479 1299 519 ministrent,
1327 490 1494 533 quousque
1516 479 1621 514 eidem
1648 492 1730 514 noto
1751 480 1853 516 ordini

1102 528 1208 571 suerit,
1235 535 1268 562 ut
1292 528 1514 574 praemittitur,
1542 528 1581 562 de
1610 529 1759 574 magistro
1783 542 1852 575 pro

1102 577 1215 621 visum,
1243 578 1296 623 qui
1322 577 1402 611 iuxta
1425 576 1640 611 obseriantiars
1662 579 1736 613 dicti
1760 578 1851 613 Cala-

1102 636 1218 660 [raven.
1247 626 1383 664 ordinis,
1406 638 1484 672 quas
1511 627 1591 660 eirea
1616 626 1676 661 lroc
1699 628 1728 661 iu
1763 641 1853 673 prae-

1100 675 1184 710 dicto
1208 687 1287 710 novo
1313 675 1423 710 ordine
1446 675 1593 710 volumus
1615 675 1793 716 observari,
1816 678 1853 712 ad

1100 724 1403 759 administrationem
1437 724 1619 759 huiusmodi
1648 724 1764 760 suerint
1796 726 1853 760 de-

1101 774 1216 821 putati:
1246 781 1275 808 et
1298 774 1505 808 nibilominus
1534 773 1606 807 dicti
1633 782 1872 833 procuratorest
1896 790 1961 833 †‘⁴„‘

1878 822 1886 832 ,ι
1906 815 1935 833 rab
1957 821 1967 833 a
1984 820 2007 833 ιιι
2027 821 2030 830 ¹

1101 824 1325 869 promiserunt.
1353 835 1387 858 sc
1412 822 1492 858 bona
1513 822 1573 857 fide
1600 822 1737 859 facturos
1755 832 1785 858 et
1801 836 1854 858 cu·
1885 852 1888 864 ,

1101 882 1235 914 raturos,
1262 873 1346 920 quod
1376 872 1558 920 praedictus
1592 886 1643 907 rex
1675 885 1710 907 ea
1745 874 1851 909 omnia

1099 930 1129 956 et
1150 922 1288 969 singula,
1312 929 1403 969 prout
1424 922 1462 956 ad
1486 934 1556 956 euru
1575 922 1755 968 pertinebit,
1785 935 1852 969 per-

1100 972 1199 1006 tinere
1219 972 1330 1018 poterit
1354 980 1385 1006 ct
1408 970 1547 1011 debebit,
1570 970 1769 1018 approbabit,
1788 981 1852 1008 rata

1100 1020 1226 1056 babebit
1253 1029 1284 1055 et
1305 1031 1402 1067 grata,
1430 1033 1529 1068 eaque
1551 1033 1674 1056 servare
1701 1030 1730 1055 et
1755 1021 1853 1057 adim-

1101 1070 1185 1117 plere
1211 1070 1345 1111 curabit,
1380 1070 1442 1104 ullo
1472 1082 1609 1117 uuquam
1642 1078 1784 1117 temporo
1820 1072 1849 1105 iu

1099 1127 1291 1154 contrarium
1322 1132 1383 1154 non
1413 1128 1573 1154 venturus.

1147 1168 1168 1215 ἓ
1197 1170 1252 1203 16.
1275 1168 1380 1203 Terror
1414 1177 1517 1203 autem
1555 1169 1758 1214 procuratorii
1793 1180 1849 1203 seu

1100 1217 1236 1252 mandati
1265 1218 1420 1252 dictorum
1459 1217 1541 1252 Petri
1578 1225 1605 1252 et
1643 1217 1768 1252 Ioannis
1796 1230 1850 1265 per

1098 1268 1204 1302 omnia
1233 1267 1302 1301 talis
1323 1276 1379 1302 est:

1147 1316 1167 1363 ,ξ
1208 1319 1260 1350 17.
1301 1315 1452 1351 Νοιειιιιῑ
1494 1316 1631 1350 universi
1676 1316 1850 1363 praesentis

1100 1366 1331 1412 procurationis
1358 1366 1464 1400 literas
1487 1365 1668 1411 inspecturi,
1692 1366 1775 1412 quod
1795 1378 1851 1400 nos

1098 1416 1270 1452 Dionvsius
1294 1415 1351 1450 Dei
1376 1415 1473 1461 gratia
1498 1427 1551 1449 rrx
1586 1413 1695 1448 Portu
1687 1414 1797 1458 ,talliae
1823 1423 1852 1449 ct

1097 1466 1236 1511 Algarbii
1264 1466 1499 1504 constituimus,
1523 1464 1655 1499 l'acimus
1694 1477 1731 1499 ac
1756 1467 1851 1500 etiam

1097 1516 1282 1551 ordinamus
1306 1524 1526 1561 procuratores
1554 1523 1677 1548 nostros
1706 1528 1795 1550 veros
1822 1524 1851 1551 et

1098 1566 1253 1612 legitimos
1280 1575 1310 1600 et
1344 1564 1537 1599 sufficientes
1562 1576 1598 1598 ac
1627 1564 1756 1599 nuntios
1778 1577 1852 1612 spe-

1097 1615 1193 1650 ciales
1223 1614 1361 1650 nobilem
1394 1614 1493 1648 virum
1517 1613 1666 1648 Ioannem
1690 1613 1851 1649 Laurentii

1097 1665 1241 1705 militem,
1269 1673 1300 1699 et
1322 1665 1497 1699 discretum
1519 1664 1620 1698 virum
1649 1663 1779 1699 Petrum
1796 1664 1852 1699 l'e-

1098 1715 1134 1749 tri
1150 1714 1369 1749 Columbrien.
1394 1714 1596 1751 canonicum„
1614 1713 1781 1748 familiares
1799 1726 1851 1748 no-

1096 1773 1197 1802 stros,
1225 1764 1355 1798 latorem
1391 1776 1447 1798 seu
1487 1763 1602 1798 latores
1636 1764 1847 1808 praesentium

1098 1823 1268 1861 utrumque
1300 1813 1440 1859 ipsorum
1466 1814 1494 1846 iu
1524 1812 1659 1847 solidum
1685 1813 1736 1851 ita,
1764 1812 1848 1860 quod

1097 1876 1158 1898 non
1187 1864 1228 1899 sit
1250 1862 1363 1897 melior
1397 1862 1539 1896 conditio
1561 1863 1758 1908 occupantis,
1793 1861 1848 1897 sed

1095 1913 1178 1961 quod
1204 1925 1288 1947 unus
1311 1912 1499 1958 incoeperit
1526 1911 1605 1946 alter
1627 1912 1767 1946 mediare
1798 1923 1851 1945 va-

1097 1964 1157 1997 leat
1175 1972 1205 1997 et
1233 1962 1322 1996 linire
1344 1973 1440 2008 super
1462 1960 1718 2008 quibuscumque
1740 1961 1850 2007 gratiis

1097 2024 1153 2059 pro
1176 2011 1267 2046 nobis
1289 2020 1320 2045 et
1348 2010 1441 2045 dittis
1463 2010 1568 2056 regnis
1597 2011 1712 2045 nostris
1735 2023 1750 2043 a
1777 2022 1850 2045 5ιιι-

1096 2061 1238 2096 ctissimo
1275 2068 1361 2107 patre
1397 2072 1430 2094 ac
1459 2059 1608 2103 domino,
1640 2059 1771 2094 domino
1800 2059 1850 2093 lo-

1095 2122 1175 2145 anne
1198 2110 1300 2145 divina
1325 2109 1520 2157 [ιιοιιιΙθιιῑιῦ
1544 2086 1760 2143 saci-osannae
1784 2107 1849 2142 R«,-

1096 2172 1207 2194 manae
1243 2171 1278 2194 ac
1307 2159 1492 2193 universalis
1528 2158 1688 2192 Ecclesiae
1716 2157 1848 2192 Summo

1096 2209 1250 2244 Pontilree
1272 2208 1490 2255 impetrandis,
1518 2219 1641 2242 necnon
1662 2207 1698 2240 ad
1719 2215 1847 2241 tractan-

1094 2259 1188 2297 dum,
1217 2258 1427 2293 ordinandum
1457 2266 1487 2291 ct
1509 2257 1768 2302 compositionem
1802 2257 1848 2290 sa-

1095 2308 1242 2343 ciendum
1284 2320 1339 2341 seu
1377 2306 1634 2352 componendum
1658 2318 1730 2340 cum
1761 2305 1847 2340 dicto

1095 2357 1224 2392 domino
1256 2356 1390 2391 Summo
1427 2355 1579 2390 Pontifice
1615 2363 1644 2389 et
1678 2367 1748 2389 cum
1778 2354 1847 2389 aliis

1094 2406 1372 2453 quibuscumque,
1405 2405 1458 2451 qui
1494 2417 1550 2438 sua
1578 2403 1769 2438 crediderint
1797 2404 1846 2438 in-

1095 2464 1224 2499 teresse,
1246 2467 1342 2501 super
1363 2453 1512 2488 omnibus
1534 2460 1563 2487 et
1586 2453 1719 2498 singulis
1743 2453 1846 2495 bonis,

1095 2518 1175 2552 quae
1203 2517 1217 2538 a
1246 2503 1394 2539 fratribus
1422 2502 1544 2537 ordinis
1567 2502 1728 2549 quood-rm
1756 2501 1846 2536 Tem-

1097 2553 1294 2601 plat-iorum
1289 2566 1318 2587 ru
1341 2552 1445 2598 remis
1460 2551 1573 2586 nostris
1597 2551 1798 2591 tenebantur,
1816 2560 1845 2585 et

1094 2616 1190 2650 super
1218 2602 1365 2637 omnibus
1376 2580 1464 2636 Daliis
1499 2600 1589 2635 bonis
1616 2613 1697 2648 quae
1722 2600 1751 2634 in
1782 2600 1845 2635 tis-

1094 2652 1165 2687 dern
1198 2652 1303 2698 regnis
1330 2651 1446 2686 nostris
1478 2663 1494 2685 a
1522 2649 1666 2697 quolibet
1700 2650 1759 2684 alio
1788 2661 1846 2684 or—

1918 278 1958 303 ,C
1989 280 2054 304 131⁹

1880 1175 1945 1196 Ιειοι
1957 1175 2050 1195 mandam

1863 1208 1916 1232 regii
