2274 3265
237 288 285 314 An.
304 286 331 313 C.
352 287 418 313 ¹⁸50

240 1247 267 1267 De
292 1248 353 1267 officit
376 1248 408 1268 dt-

227 1279 405 1298 riuirecitntiou·⁴

482 275 549 307 738

431 349 500 373 orto
524 338 695 384 palmorum
721 348 780 369 non
815 332 946 368 excedat
980 342 1170 369 mensnram,

432 402 486 421 nu«-
509 388 546 420 sit
571 387 671 420 minor
693 383 884 431 quindecim.
905 381 1075 427 Caputium
1100 390 1171 412 vero

431 438 480 472 tali
510 436 601 470 modo
629 435 691 477 fiat,
720 433 802 480 quod
837 432 972 465 existens
1002 431 1030 462 in
1060 428 1171 474 capite,

429 485 608 520 extremitas
632 496 683 529 per
707 481 930 527 longitudinm!
966 479 1099 512 duorum
1123 476 1171 509 (li-

428 538 561 580 gitorum
591 534 747 579 cingulum
777 543 836 565 non
866 529 1004 571 excedat,
1033 540 1089 560 nec
1118 537 1171 579 per

428 585 561 618 (luorum
583 582 749 628 digitorum
777 579 972 614 altitudinem
995 589 1089 623 snper
1111 586 1171 628 ‘'an

427 634 534 679 gulum
565 632 676 666 debeat
703 642 874 667 remancre,
903 629 949 661 cni
983 624 1169 678 longitudini

427 682 668 728 correspondeat
703 677 1007 727 proportionabiliter
1043 675 1170 707 latitudo

426 732 598 766 secundum
622 730 761 777 corporis
782 728 996 775 quantitatemv
1021 723 1068 757 Do
1091 735 1170 756 man-

427 782 507 816 tellis
540 791 660 821 autem,
695 781 732 813 de
773 778 865 812 modo
900 774 1095 813 dormiendi,
1132 772 1170 806 de

426 831 573 870 camisiis,
597 829 634 863 de
663 828 788 874 cingulo
809 835 838 861 et
874 826 911 859 de
939 822 1169 861 calceamentis,

427 882 454 913 in
490 880 637 914 omnibus
670 886 809 912 servetur
840 875 983 920 generale
1011 872 1169 907 Statutum

426 929 573 975 praedicti
596 927 745 962 Guilelnii
776 926 804 959 in
828 929 848 959 2
872 937 937 971 cap.

630 1022 703 1065 Cap.
734 1021 786 1053 ΙΙΙ
821 1020 962 1063 Requlae.

471 1093 583 1134 Quoad
619 1093 744 1127 tertium
768 1091 939 1139 capitulum
966 1089 1100 1135 regulae..
1123 1089 1169 1123 De

423 1142 528 1176 divino
550 1142 661 1177 officio.

472 1191 644 1226 Statuimus
661 1200 689 1225 et
705 1190 888 1225 ordinamus
903 1189 1085 1224 servandam
1101 1200 1169 1222 esse

423 1242 677 1276 constitutionem
701 1240 861 1274 Benedicti
886 1238 953 1277 XII,
978 1250 1043 1284 cap.
1070 1241 1097 1278 t,
1117 1238 1168 1271 nbi

423 1291 466 1323 sic
482 1291 567 1325 dicit:
582 1291 615 1324 ln
633 1290 752 1337 primis,
768 1290 847 1324 circa
861 1289 1017 1334 agendum
1032 1287 1168 1321 officium

424 1339 562 1374 divinum
600 1341 629 1374 in
670 1339 778 1373 eodem
814 1338 952 1377 Ordine,
987 1337 1169 1370 auctoritate

422 1390 589 1434 apostolica
604 1388 797 1431 ordinamus,
813 1388 894 1434 quod
912 1396 982 1420 ante
1006 1387 1168 1419 missarum

423 1448 451 1470 et
475 1438 622 1472 horarum
641 1438 790 1484 principia
818 1437 926 1470 fratres
946 1436 1018 1469 dicti
1041 1434 1171 1469 Ordinis

423 1499 543 1526 omnes,
557 1500 637 1535 quos=
653 1500 745 1521 cansa
762 1486 1020 1521 rationabilisnon
1031 1494 1169 1527 excusat,

424 1536 460 1570 ad
484 1537 613 1571 eborum
637 1544 838 1574 concurrant,
863 1534 1072 1581 praeparaturi
1105 1533 1171 1567 Do-

425 1587 509 1620 mino
523 1587 614 1620 corda
631 1586 812 1632 sua,ibique
828 1585 894 1618 sine
911 1584 984 1622 risu,
996 1596 1168 1623 murmure,

422 1634 579 1675 discursu,
597 1644 627 1669 et
646 1635 762 1681 absque
785 1634 868 1679 vagis
883 1643 910 1667 et
936 1633 1021 1666 vanis
1036 1633 1170 1679 aspecti-

422 1685 490 1722 bus,
513 1685 572 1719 sub
591 1684 726 1727 silentio,
748 1685 777 1717 in
795 1695 881 1730 pace,
897 1695 966 1716 cum
984 1681 1086 1715 debita
1104 1694 1170 1727 gra-

422 1742 513 1768 vitate
550 1741 770 1781 permaneant,
800 1740 925 1766 cantent
952 1741 981 1766 et
1014 1739 1113 1774 orent,
1141 1738 1170 1765 et

422 1795 521 1829 usque
553 1785 582 1817 in
618 1784 710 1817 finem
740 1782 929 1816 unanimiter
957 1789 1167 1827 perseverent.

420 1832 499 1874 Quia
535 1845 606 1867 vero
634 1832 863 1866 ecclesiasticus
890 1839 1017 1873 cantus,
1049 1830 1170 1864 divinae

422 1882 521 1916 laudis
558 1882 764 1924 sacrificium,
802 1880 981 1926 l'ructnsqne
1016 1879 1167 1914 labiorum

422 1940 611 1971 canentium,
625 1944 686 1966 non
701 1929 802 1965 solum
818 1942 941 1966 eorum,
954 1930 1005 1975 qui
1021 1929 1169 1976 psallunt,

421 1982 473 2014 sed
490 1981 580 2014 etiam
598 1980 776 2015 auditui-nm
796 1979 968 2013 aedificatio
981 1991 1048 2012 esse
1065 1979 1168 2017 (lebet,

421 2030 547 2064 eosdem
577 2030 686 2064 fratres
709 2030 871 2063 hortamur
899 2030 927 2062 in
964 2028 1111 2067 Domino,
1135 2037 1167 2062 ut

422 2080 542 2113 divinas
570 2079 676 2113 laudes
704 2080 840 2125 integre,
877 2086 1015 2119 attente,
1039 2078 1169 2111 honeste

422 2142 455 2163 ac
478 2129 621 2174 religiose
657 2128 851 2175 persolvant,
885 2136 992 2172 gestus
1030 2129 1112 2161 leves
1139 2136 1168 2161 et

423 2186 532 2212 cantus
553 2178 724 2212 dissolutos
739 2186 768 2211 et
791 2177 904 2211 fractos
924 2177 1054 2211 omnino
1077 2177 1167 2211 decli-

423 2236 507 2267 nent,
535 2227 587 2262 sed
618 2228 737 2262 tractim
768 2226 913 2273 psallant,
941 2226 1046 2261 debito
1081 2239 1167 2261 more

425 2279 575 2323 incaepta,
603 2290 682 2324 quae
706 2276 798 2310 simul
821 2275 960 2310 canenda
983 2275 1108 2315 fuerint,
1131 2277 1170 2311 si-

423 2331 487 2364 mul
511 2332 689 2372 concinant,
711 2331 804 2366 simul
822 2338 963 2377 pausent,
986 2340 1015 2365 et
1037 2340 1168 2374 caetera,

423 2394 455 2419 ut
474 2388 501 2419 in
526 2386 556 2419 d.
581 2398 647 2432 cap.
677 2386 816 2420 liabetur.

473 2439 539 2473 Hoc
561 2439 678 2484 addito,
701 2439 783 2487 quod
804 2440 842 2474 de
861 2449 953 2473 cantu
973 2440 1001 2473 in
1026 2439 1101 2473 locis
1117 2440 1167 2474 ubi

425 2494 514 2539 pauci
538 2501 611 2527 sunt
634 2494 753 2535 fratres,
776 2494 828 2541 qui
853 2507 913 2528 non
937 2494 1115 2528 sufficerent
1130 2494 1167 2528 ad

424 2548 623 2593 cantandum,
642 2549 685 2583 vel
703 2549 759 2583 alia
778 2549 949 2584 rationabili
970 2561 1075 2589 causa,
1090 2562 1168 2595 prae-

425 2602 475 2636 lati
513 2603 631 2649 possint
669 2602 873 2650 dispensare,
901 2616 996 2650 quum
1038 2603 1168 2637 viderint

426 2656 582 2703 expedire.

1023 276 1120 298 nutant
1127 274 1205 296 tttUM
1234 272 1393 295 ROMANUM

1263 326 1338 358 ltem
1361 325 1399 358 dc
1423 324 1539 358 ieiunio
1563 323 1611 356 illa
1633 330 1807 361 serventur,
1827 334 1906 368 quae
1925 323 1956 356 in

1215 374 1317 420 regula
1333 373 1543 407 continentur.
1564 371 1649 405 ldem
1666 370 1715 404 siat
1730 370 1768 404 de
1786 382 1845 403 non
1870 371 1958 417 equi-

1215 422 1319 462 tando,
1343 430 1557 468 praeterquam
1582 421 1611 454 in
1645 432 1717 454 casu
1754 419 1960 463 necessitatis,

1213 473 1339 506 attentis
1354 473 1446 505 etiam
1469 470 1568 504 verbis
1587 469 1648 503 divi
1668 468 1906 502 Bonaventnrae
1928 468 1957 501 in

1213 534 1267 556 sna
1297 520 1505 554 declaratione
1534 532 1629 565 snper
1669 518 1726 552 lioc
1761 529 1873 564 passu,
1907 517 1958 563 qui

1213 571 1297 603 dicit:
1326 569 1418 611 Quod
1443 582 1503 603 non
1532 568 1667 602 debeant
1703 566 1842 613 equitare.
1861 594 1868 606 ,
1904 578 1960 600 nec

1214 619 1328 665 bigare,
1353 631 1452 665 neque
1479 618 1676 665 quadrigare,
1706 617 1762 650 nisi
1799 614 1960 650 manifesta

1213 669 1415 707 necessitate,
1439 668 1558 702 scilicet
1589 666 1698 713 prolixi
1736 666 1780 698 vel
1817 663 1960 710 impediti

1214 718 1344 761 iunci-is,
1360 717 1406 751 vel
1432 717 1550 763 negocii
1576 715 1730 761 urgentis,
1755 714 1798 748 vel
1827 713 1961 748 infirmi-

1213 775 1272 801 tate
1294 774 1455 813 cogantur.

1425 838 1499 882 Cap.
1536 838 1585 870 IV
1615 838 1758 881 Requlae.

1261 900 1373 942 Quoad
1386 900 1554 947 capitulum
1571 908 1713 946 quartum
1729 898 1855 944 regulae.
1868 897 1961 939 Quod

1213 950 1321 984 fratres
1344 962 1405 984 nou
1429 950 1584 996 recipiant
1611 948 1788 995 pecuniam.

1261 999 1437 1034 Statuimus
1459 1007 1488 1033 et
1510 998 1701 1037 ordinamus,
1718 997 1802 1031 iuxta
1821 995 1961 1030 declara-

1214 1049 1330 1082 tionem
1354 1048 1472 1082 Nicolai
1500 1047 1541 1081 ΙΙΙ
1569 1055 1598 1081 et
1620 1046 1795 1081 Clementis
1816 1045 1860 1089 V,
1875 1045 1958 1080 Mar-

1213 1098 1267 1131 tini
1292 1097 1333 1132 lv
1360 1106 1389 1131 et
1425 1097 1469 1138 V,
1507 1096 1589 1143 quod
1625 1096 1755 1143 quilibet
1788 1103 1962 1130 conventus

1213 1148 1275 1181 sive
1315 1148 1403 1181 locus
1436 1146 1548 1181 habeat
1587 1158 1679 1180 suum
1716 1154 1961 1192 procuratorem,

1213 1209 1421 1231 oeconomum
1435 1199 1491 1240 (1),
1510 1195 1675 1242 syndicum
1698 1203 1728 1228 et
1747 1204 1895 1234 actorem,
1911 1195 1960 1228 cui

1212 1258 1323 1280 omnes
1358 1247 1574 1292 eleemosynae
1618 1244 1816 1291 pecuniariae
1843 1251 1871 1278 et
1893 1244 1962 1282 alia,

1212 1308 1290 1342 quae
1313 1295 1349 1329 ad
1379 1297 1545 1341 pecuniam
1579 1294 1685 1327 reduci
1711 1301 1857 1340 possunt,
1882 1293 1962 1327 inte-

1213 1344 1340 1389 graliter
1361 1345 1601 1390 consignentur,
1616 1344 1669 1390 qui
1689 1342 1815 1377 easdem
1838 1342 1962 1389 dispeu-

1214 1405 1280 1427 sare
1303 1394 1415 1427 debeat
1438 1393 1578 1439 legaliter
1605 1401 1634 1426 et
1662 1391 1795 1426 fideliter
1821 1391 1850 1425 in
1871 1403 1962 1439 repa-

1215 1443 1363 1477 rationem
1380 1450 1593 1477 conventuum
1610 1450 1638 1475 et
1650 1441 1802 1481 locorum,
1824 1441 1962 1488 aliasque

1215 1493 1417 1526 necessitates
1440 1492 1567 1526 fratrum
1593 1503 1647 1537 pro
1674 1499 1814 1537 tempore
1848 1502 1962 1524 occur-

1214 1550 1330 1582 rentes,
1344 1550 1373 1575 et
1388 1541 1470 1588 quod
1487 1542 1597 1575 tratres
1611 1539 1697 1574 nullo
1712 1540 1805 1574 modo
1818 1538 1962 1574 denarios

1215 1591 1258 1624 vel
1289 1592 1452 1637 pecuniam
1490 1590 1649 1635 recipiant.
1683 1588 1715 1623 Si
1751 1588 1821 1635 quis
1855 1596 1959 1622 autem

1213 1641 1401 1673 contrarium
1429 1639 1650 1682 attentaverit,
1674 1638 1741 1683 ipso
1771 1637 1851 1671 facto
1873 1637 1959 1671 omni

1213 1696 1281 1722 actu
1295 1688 1433 1736 legitimo
1447 1689 1485 1722 sit
1503 1688 1653 1735 privatuS,
1666 1694 1696 1721 et
1716 1699 1813 1734 poena
1829 1686 1961 1721 carceris

1214 1746 1372 1784 puniatur.

1263 1787 1295 1821 ln
1324 1786 1471 1821 omnibus
1503 1795 1620 1830 antem,
1655 1798 1734 1832 quae
1770 1785 1846 1820 ultra
1883 1785 1957 1819 baec

1212 1837 1310 1882 magis
1331 1844 1485 1871 arctarent
1508 1836 1616 1870 fratres
1639 1835 1712 1870 dicti
1735 1835 1876 1876 Ordinis,
1895 1835 1958 1869 sive

1211 1898 1247 1920 ex
1281 1885 1489 1920 declaratione
1523 1884 1696 1919 Clementis
1736 1884 1860 1932 quinti,
1893 1885 1958 1918 sive

1211 1935 1268 1969 alia
1297 1947 1497 1982 quacumque
1519 1934 1726 1969 declaratione
1753 1934 1956 1968 Summorum

1212 1984 1400 2019 Pontificum
1438 1985 1483 2018 vel
1517 1984 1648 2019 aliorum
1672 1995 1958 2030 quorumcumque,

1212 2034 1379 2081 apostolica
1397 2034 1489 2068 nobis
1503 2034 1687 2068 auctoritate
1709 2033 1888 2076 commissa,
1905 2033 1960 2067 mi-

1211 2083 1411 2118 sericorditer
1445 2083 1680 2130 dispensamus,
1718 2095 1778 2116 non
1814 2082 1957 2117 adstrin—

1211 2142 1319 2179 gentes
1348 2141 1510 2180 propterea
1534 2146 1598 2173 eos,
1621 2132 1672 2179 qui
1698 2132 1849 2166 voluerint
1874 2144 1959 2178 prae—

1211 2183 1308 2217 dictas
1324 2182 1549 2217 declarationes
1562 2194 1695 2221 servare,
1710 2182 1785 2228 quin
1805 2194 1863 2215 suo
1887 2189 1955 2216 voto

1211 2232 1436 2267 satisfacientes
1458 2244 1579 2267 servare
1596 2232 1715 2265 valeant
1742 2239 1772 2265 et
1787 2239 1903 2265 tenere.

1262 2282 1336 2317 ltem
1360 2282 1492 2316 ministri
1522 2290 1551 2315 et
1580 2281 1705 2328 praelati
1736 2294 1790 2328 pro
1819 2280 1958 2315 necessi-

1213 2331 1327 2366 tatibus
1340 2331 1535 2366 intirmorum
1550 2331 1703 2366 solicitam
1717 2343 1822 2365 curam
1836 2338 1957 2376 gerant,

1210 2381 1255 2415 eis
1276 2381 1444 2427 diligenter
1464 2381 1503 2415 de
1530 2380 1714 2415 necessariis
1753 2379 1957 2427 providendo,

1211 2430 1386 2465 ordinando
1421 2430 1621 2470 infirmarios,
1660 2430 1705 2464 vel
1746 2430 1823 2464 alios
1849 2429 1958 2464 fratres

1211 2480 1390 2526 deputando
1422 2480 1555 2514 servitiis
1582 2479 1778 2520 eorumdem,
1806 2480 1859 2526 qui
1893 2479 1957 2514 de·-

1212 2530 1309 2575 putati
1333 2530 1357 2562 si
1377 2529 1548 2576 culpabiles
1571 2530 1686 2563 inventi
1703 2529 1818 2564 fuerint
1842 2528 1887 2563 vel
1906 2541 1958 2564 no-

1211 2578 1345 2613 tabiliter
1388 2579 1601 2625 negligentes,
1640 2578 1885 2626 praesidentium
1914 2591 1956 2613 ar-

1245 2634 1285 2668 (Ι)
1300 2635 1387 2696 ἳνθᾱά
1417 2636 1690 2672 legitprocuralorem
1710 2638 1844 2668 teloneum,
1867 2637 1957 2668 syndi-

1209 2678 1269 2696 cum
1289 2678 1302 2696 e
1316 2678 1338 2696 c.

1975 265 2024 290 Au.
2042 264 2070 289 C.
2089 263 2157 290 11450

1987 330 2067 351 letuntu
2089 332 2109 350 et
2133 336 2158 350 ι-

1974 362 2099 388 ουιηιιιιυιαε4

1986 1009 2013 1030 De
2024 1011 2119 1037 pecuniis
2128 1016 2161 1031 re·

1977 1042 2087 1067 nimandin,

1985 2299 2007 2319 Ει
2025 2300 2153 2320 intirmorum

1972 2336 2028 2352 curu,
