2274 3265
209 270 259 296 An.
277 270 305 296 C.
326 271 390 298 ¹555

223 1506 243 1526 tn
265 1508 392 1525 contrarium

210 1541 255 1557 acta
272 1536 349 1556 viribus
361 1539 394 1552 va·

210 1571 278 1588 enata,

222 2332 307 2353 Cautum
339 2339 392 2359 quo-

210 2365 393 2391 qna,1xaquister-

210 2396 392 2422 rasessdemquo-

210 2425 259 2445 litim
283 2429 392 2452 praetextu

210 2461 310 2481 usurpare
339 2457 391 2481 sibi,

210 2490 244 2506 ³11!
268 2492 338 2507 Garum
360 2494 393 2507 ln-

211 2517 268 2537 rotas
279 2519 393 2539 molestare

212 2549 306 2572 auderet.
331 2551 393 2570 inno-

210 2582 263 2599 vatis
296 2581 320 2600 ad
355 2580 395 2601 hon:

212 2608 297 2630 loannis
339 2609 393 2632 XXII

210 2639 285 2661 litoris,

457 258 527 290 516

407 323 527 358 ctiones
554 319 736 354 huiusmodi
762 326 957 365 receperam,
986 318 1043 352 nisi
1082 318 1157 352 infra

408 370 601 418 praedictum
625 368 760 403 duorum
790 367 944 402 mensium
961 366 1097 413 spatium
1120 366 1159 401 ab

406 420 491 456 omni
519 418 631 453 ellectu
660 417 760 452 dictae
783 416 1005 451 submissionis
1026 423 1056 451 et
1080 416 1160 450 'sub-—

407 468 550 505 iectionis
567 467 690 502 realiter
709 465 907 505 desisterent,
928 465 1004 512 ipsis
1027 465 1158 500 ulterius

407 532 468 553 non
500 517 600 560 usuri,
627 529 684 551 seu
706 525 811 550 contra
841 514 1096 550 constitutionem
1129 522 1158 549 ct

406 567 627 602 inhibitionem
670 565 859 612 praedictam
895 563 999 599 venire
1043 563 1159 598 directe

407 617 452 651 vel
478 615 629 651 indirecte
653 626 707 660 per
734 626 767 648 se
800 613 845 648 vel
880 613 974 648 aliurn
998 625 1053 647 seu
1084 612 1160 646 alias

406 672 607 707 attentarent,
629 662 841 697 ecclesiastico
864 661 1030 696 interdicto
1056 660 1154 695 subia-

405 727 476 750 cere
511 713 665 748 decrevit:
701 721 731 746 et
768 711 973 745 nibilominus
1011 710 1159 744 omnibus

406 762 577 811 privilegiis
593 775 627 797 ac
649 761 769 807 gratiis,
786 772 909 794 necnon
926 759 1038 799 fendis,
1057 759 1158 798 bonis,

407 812 582 847 bonoribus
599 819 628 845 et
647 809 769 844 iuribus
790 809 1057 856 quibuscumque,
1079 820 1159 854 quae

405 862 444 896 ab
470 861 578 896 eadem
606 859 748 894 Romana
771 866 800 892 et
831 857 900 892 aliis
922 857 1073 891 Ecclesiis
1100 857 1159 891 ob-

406 910 562 952 tinebant,
590 908 732 955 privavit,
752 915 781 941 et
805 907 943 953 privatos
977 914 1006 939 et
1043 906 1157 951 privata

406 960 502 994 voluit
525 970 594 993 esse
627 957 695 1003 ipso
731 955 825 989 facto:
871 967 932 988 non
962 954 1105 988 obstante
1132 955 1157 989 si

405 1009 449 1042 eis
474 1007 519 1041 vel
542 1018 650 1041 eorum
674 1003 834 1051 aliquibus
867 1003 1077 1037 communiter
1113 1003 1158 1038 vel

405 1057 529 1090 divisim
552 1055 591 1089 ab
617 1053 726 1088 eadem
750 1061 833 1087 esset
872 1051 955 1087 Sede
984 1052 1159 1092 indultum,

405 1105 489 1152 quod
513 1101 795 1142 excommunicari,
818 1114 992 1148 eorumque
1013 1110 1110 1136 terrac
1129 1110 1159 1136 et

406 1155 471 1188 loca
495 1151 709 1188 ecclesiastico
749 1150 915 1185 interdicto
938 1150 1072 1197 supponi
1098 1163 1158 1185 non

406 1210 535 1250 possent
562 1214 616 1249 per
638 1201 744 1235 literas
765 1199 952 1246 apostolicas
971 1212 1031 1234 non
1047 1199 1160 1234 facien-

406 1261 452 1287 tes
475 1251 600 1299 plenam
622 1259 653 1285 et
671 1261 851 1296 expressam
876 1262 910 1283 ac
937 1248 975 1283 de
1004 1248 1098 1283 verbo
1121 1249 1158 1284 ad

406 1300 535 1336 verbum
571 1301 610 1334 de
632 1298 754 1333 indulto
777 1297 974 1338 huiusmodi,
996 1310 1031 1332 ac
1049 1310 1158 1332 eorum

407 1349 565 1397 personis,
608 1349 702 1391 locis,
736 1347 901 1382 ordinibus
923 1356 951 1381 et
980 1347 1160 1381 nominibus

408 1398 545 1446 propriis
568 1399 773 1432 mentionem.

456 1452 471 1491 ἓ
493 1449 526 1481 2.
554 1446 762 1482 Postmodum
787 1458 858 1479 vero
875 1444 1052 1491 praedictus
1076 1458 1161 1491 prae-

408 1497 557 1531 decessor
583 1495 733 1530 Clemens
768 1506 879 1529 omnes
918 1493 1159 1535 submissiones,

407 1545 630 1584 subiectiones,
671 1543 905 1591 suppositiones
937 1555 1034 1589 super
1068 1555 1159 1590 prae-

407 1595 497 1629 dictis
518 1594 638 1637 sactaS,
671 1602 701 1628 et
728 1592 948 1638 obligationes,
977 1600 1064 1638 pacta
1104 1604 1158 1626 seu

407 1643 631 1678 conventiones
657 1642 717 1677 sub
757 1641 848 1677 titulo
883 1640 1073 1675 venditionis
1113 1641 1158 1676 vel

406 1691 545 1727 cuiusvis
572 1691 699 1726 alterius
721 1697 900 1726 contractus
921 1689 1159 1737 quomodolibet

407 1742 518 1785 initas,
558 1740 696 1780 liabitas,
720 1748 750 1774 et
788 1751 1007 1786 quascumque
1043 1751 1159 1785 poenas

405 1789 543 1824 adiectas
564 1798 593 1823 et
617 1789 790 1823 iuramenta
807 1788 966 1834 praestita,
984 1800 1079 1834 super
1100 1788 1159 1823 illis

406 1839 466 1873 sub
485 1838 741 1885 quibuscumque
776 1836 878 1871 modis
912 1845 941 1872 et
977 1837 1087 1872 formis
1111 1837 1157 1872 vel

406 1888 607 1934 expressione
624 1887 803 1927 verborum,
827 1886 1011 1933 praesertim
1035 1899 1106 1921 cum
1127 1886 1157 1921 in

407 1937 638 1984 praeiudicium
674 1936 817 1971 eiusdem
847 1935 1005 1970 Ecclesiae
1034 1935 1159 1970 redun—

406 1986 527 2027 darent,
541 1999 576 2021 ac
587 1987 795 2021 iuramentum
809 1985 969 2020 vinculum
983 1985 1159 2032 iniquitatis

406 2049 550 2071 essenon
579 2036 718 2076 deberet,
734 2035 870 2070 decrevit
891 2035 955 2069 fore
982 2035 1081 2080 nulla,
1106 2048 1158 2070 va-

406 2099 474 2125 cua,
497 2086 581 2120 irrita
594 2094 624 2120 et
640 2086 743 2119 inania
757 2092 787 2119 et
804 2084 921 2119 nullius
941 2084 1073 2120 existere
1098 2086 1158 2119 fir—

405 2135 535 2175 mitatis,
557 2143 586 2169 et
605 2142 761 2181 quatenns
782 2133 819 2168 ad
843 2133 893 2168 illa
916 2133 954 2168 de
978 2134 1058 2169 sacto
1083 2148 1159 2182 pro-

405 2197 529 2219 cessum
552 2185 707 2227 extiterat,
722 2183 847 2218 sustulit
867 2192 897 2217 et
914 2184 1067 2217 revocavit
1090 2197 1158 2218 om·

406 2235 478 2268 nino
501 2241 530 2267 et
554 2233 812 2279 inribus(sorsan
829 2232 981 2276 viribus?)
1006 2234 1156 2267 vacuavit.

453 2287 469 2326 ἓ
497 2285 528 2317 3.
556 2282 593 2317 Et
618 2295 688 2317 cum
713 2282 794 2316 idem
825 2281 1050 2328 praedecessor
1065 2283 1158 2317 Ioan-

407 2345 462 2366 nes
494 2331 614 2366 dudum
653 2333 806 2366 universis
849 2338 877 2365 et
909 2331 1054 2377 singulis,
1094 2341 1156 2366 tam

407 2381 528 2415 clericis
549 2394 643 2428 quain
669 2381 764 2420 laicis,
794 2382 1024 2427 cuiuscumque
1047 2389 1156 2423 status,

407 2430 537 2470 ordinis,
580 2430 795 2470 conditionis,
833 2431 1087 2476 praeeminentiae
1112 2431 1156 2464 vel

408 2479 569 2524 dignitatis
608 2481 788 2519 existerent,
828 2479 948 2514 etiamsi
987 2480 1155 2526 pontificali

408 2528 454 2563 vel
478 2529 629 2575 imperiali
652 2542 705 2564 seu
746 2529 840 2575 regali
880 2529 924 2563 vel
958 2529 1068 2576 quavis
1099 2530 1155 2563 alia

409 2577 557 2623 dignitate
580 2579 748 2624 fulgerent,
790 2591 826 2613 ac
861 2578 1010 2613 omnibus
1038 2578 1157 2624 princi-

410 2626 514 2673 pibus,
538 2627 683 2672 ducibus,
707 2627 954 2673 marchionibus,
988 2627 1156 2663 comitibus

1002 264 1188 287 nummum
1217 262 1377 285 ROMANUM

1199 325 1228 351 ct
1256 315 1413 351 nobilibus
1435 327 1471 350 ac
1495 314 1712 362 potestatibus,
1734 316 1906 362 capitaneis
1924 325 1953 351 ct

1198 365 1268 400 aliis
1302 364 1487 399 officialibus
1513 363 1780 411 quibuscumque,
1807 376 1954 400 commu-

1201 414 1351 449 nitatibus
1378 422 1407 448 ct
1437 412 1563 460 populis
1585 413 1760 452 civitatum,
1787 420 1953 458 terrarum,

1199 473 1371 498 castrorum
1400 470 1430 497 et
1457 462 1589 497 aliorum
1618 473 1892 509 quorumcumque
1911 463 1953 497 lo-

1199 524 1307 547 corum
1332 511 1526 558 ubicumque
1541 510 1793 551 consistentium,
1812 518 1842 546 et
1855 513 1954 547 omni-

1200 561 1259 596 bus
1281 560 1351 595 aliis
1378 560 1646 607 quibuscumque,
1668 560 1855 595 auctoritate
1877 573 1954 607 apo-

1199 610 1308 644 stolica
1329 608 1550 650 inhibendum,
1579 621 1632 656 per
1661 620 1734 643 suas
1761 609 1865 645 literas
1892 610 1952 644 vim

1199 658 1435 694 constitutionis
1462 657 1624 702 babentes,
1652 658 1775 693 duxerit
1809 667 1839 693 et
1863 671 1954 693 man-

1199 707 1353 751 dandum,
1381 720 1434 754 per
1461 719 1494 742 se
1517 707 1566 742 vel
1593 707 1673 742 alios
1699 707 1818 742 directe
1841 708 1886 743 vel
1911 709 1955 742 in-

1199 757 1327 796 directe,
1341 756 1536 797 patrimonii,
1546 755 1953 801 Roman‹liolae,Marcliiae

1199 806 1428 846 Anconitanae,
1453 805 1588 840 ducatus
1608 805 1785 852 Spoletan.,
1814 804 1954 853 Campa-

1200 855 1270 889 niae
1304 854 1552 901 Maritimaeque,
1574 867 1609 889 ac
1644 854 1764 889 Massae
1785 854 1954 890 Trebariae

1201 903 1390 949 provincias,
1417 903 1596 939 Venaissiui
1620 912 1650 938 et
1682 902 1856 939 Urbinatus
1877 904 1953 939 olim

1199 952 1390 997 Comitatus,
1412 965 1447 987 ac
1474 952 1660 988 Urbinaten.
1690 960 1721 987 et
1736 952 1952 988 Ravennaten.

1200 1002 1354 1042 civitates,
1378 1010 1407 1037 et
1429 1002 1505 1037 alias
1529 1010 1640 1046 terras,
1667 1001 1820 1042 civitates,
1842 1011 1953 1042 castra,

1202 1050 1289 1086 villas
1321 1059 1352 1086 et
1388 1051 1454 1085 loca
1487 1063 1707 1097 quaecumque
1743 1050 1780 1085 ad
1821 1051 1954 1086 candem

1200 1100 1376 1135 Romanam
1400 1099 1574 1135 Ecclesiam
1599 1100 1800 1146 pertinentia,
1828 1100 1875 1135 vel
1899 1101 1956 1147 ip-

1199 1163 1307 1184 sorum
1348 1156 1402 1184 aut
1429 1149 1565 1184 alicuius
1603 1161 1711 1184 eorum
1742 1156 1862 1196 partem
1899 1162 1957 1185 oc-

1199 1211 1328 1246 cupare,
1345 1198 1491 1234 invadere
1505 1207 1559 1233 aut
1573 1198 1709 1239 turbare,
1732 1210 1787 1233 seu
1811 1198 1957 1234 fidelibus

1200 1247 1386 1283 eorumdem
1410 1247 1553 1288 iniurias,
1575 1247 1690 1282 damna
1712 1259 1768 1282 seu
1792 1247 1956 1283 violentias

1202 1297 1350 1343 irrogare,
1377 1306 1429 1331 aut
1449 1296 1691 1343 occupantibus,
1722 1296 1956 1338 invadentibus,

1201 1346 1401 1380 turbantibus
1428 1346 1474 1380 vel
1499 1346 1641 1386 iniurias,
1668 1345 1783 1381 damna
1811 1358 1869 1381 seu
1896 1348 1957 1382 vio·

1201 1395 1311 1429 lentias
1334 1394 1557 1440 irrogantibus,
1588 1395 1713 1441 publice
1754 1395 1800 1428 vel
1833 1396 1957 1431 occulte

1200 1444 1346 1479 assistere
1372 1452 1424 1479 aut
1446 1444 1613 1484 auxilium,
1642 1443 1808 1479 consilium
1838 1444 1884 1479 vel
1917 1445 1957 1479 fa-

1202 1506 1306 1528 vorem
1334 1492 1453 1528 directe
1476 1493 1522 1528 vel
1552 1493 1715 1537 indirecte,
1743 1492 1868 1540 publice
1907 1494 1955 1529 vel

1201 1542 1323 1577 occulte
1358 1554 1414 1588 per
1450 1554 1498 1583 se,
1539 1541 1585 1576 vel
1625 1541 1747 1586 alium,
1780 1554 1835 1577 seu
1876 1543 1955 1578 alios

1202 1600 1358 1638 praestare
1393 1598 1630 1638 praesumerent
1657 1591 1895 1638 quoquomodo,
1924 1593 1954 1627 in

1200 1652 1311 1675 omues
1338 1648 1368 1674 et
1389 1640 1532 1686 singulos
1559 1648 1666 1674 contra
1690 1639 1910 1676 inhibitionem
1925 1649 1956 1676 et

1202 1689 1383 1723 mandatum
1412 1688 1595 1723 huiusmodi
1625 1689 1742 1730 venire,
1768 1698 1822 1724 aut
1851 1697 1956 1726 atten-

1201 1748 1264 1773 tare
1293 1751 1346 1783 per
1373 1750 1406 1773 se
1436 1738 1482 1773 vel
1522 1738 1600 1772 alios
1630 1746 1869 1785 praesumentes
1892 1748 1954 1774 tam

1199 1787 1332 1822 clericos
1359 1800 1453 1834 quam
1482 1787 1591 1831 laicos,
1607 1787 1743 1832 etiamsi,
1772 1797 1804 1823 ut
1832 1788 1956 1834 praedi-

1199 1836 1341 1879 cebatur,
1383 1837 1552 1883 pontificali
1576 1845 1629 1871 aut
1651 1836 1804 1884 imperiali
1830 1850 1887 1872 seu
1912 1851 1957 1873 rc-

1199 1885 1259 1931 gali
1284 1885 1330 1920 vel
1353 1886 1410 1921 alia
1429 1886 1539 1933 quavis
1552 1885 1704 1933 dignitate
1724 1886 1895 1933 fulgerent,
1917 1887 1957 1922 de

1199 1935 1328 1969 fratrum
1365 1947 1495 1970 suorum
1528 1935 1661 1970 consilio
1696 1937 1954 1971 excommunica-

1201 1985 1305 2028 tionis,
1321 1998 1414 2032 quam
1439 1998 1476 2020 eo
1500 1985 1568 2031 ipso
1597 1984 1804 2026 incurrerent,
1827 1994 1956 2021 senteu-

1199 2034 1271 2069 tiam
1310 2034 1562 2082 promulgasset;
1603 2047 1661 2069 nec
1701 2047 1764 2070 non
1800 2035 1957 2082 quaslibet

1201 2089 1432 2133 universitates,
1466 2088 1714 2123 communitates
1740 2096 1769 2123 et
1811 2089 1956 2135 populos,

1200 2143 1406 2190 ipsorumque
1420 2142 1576 2183 civitates,
1600 2150 1708 2182 terras,
1731 2150 1843 2183 castra,
1867 2142 1956 2178 villas

1198 2205 1227 2230 et
1250 2196 1316 2231 loca
1341 2197 1370 2231 in
1395 2196 1576 2243 praemissis
1604 2195 1650 2231 vel
1677 2196 1784 2243 aliquo
1806 2197 1956 2243 praemis-

1198 2263 1305 2285 sorum
1330 2250 1518 2297 culpabilem
1547 2251 1769 2297 supposuisset
1804 2250 1956 2285 ecclesia-

1198 2305 1276 2339 stico
1299 2305 1476 2344 interdicto,
1499 2313 1529 2338 et
1550 2316 1605 2339 eos
1618 2316 1654 2339 ac
1677 2305 1816 2350 ipsorum
1839 2317 1954 2351 quem-

1198 2358 1271 2392 libet
1307 2358 1457 2392 omnibus
1491 2357 1685 2405 privilegiis,
1718 2357 1949 2404 indulgentiis,

1197 2413 1304 2458 gratiis
1327 2421 1356 2447 et
1379 2412 1633 2446 immunitatibus
1661 2412 1799 2447 realibus
1825 2420 1855 2446 et
1878 2425 1952 2459 pet·-

1197 2466 1358 2500 sonalibns
1381 2466 1420 2501 ab
1442 2466 1550 2501 eadem
1579 2465 1722 2501 Ecclesia
1753 2474 1784 2499 et
1819 2466 1952 2513 imperio

1199 2519 1342 2554 Romano
1356 2520 1515 2554 concessis
1538 2519 1670 2561 eisdem,
1694 2521 1836 2555 omnium
1857 2521 1950 2555 etiam

1198 2573 1376 2614 feudorum,
1405 2574 1573 2615 bonorum,
1609 2573 1788 2616 bonorum,
1829 2573 1952 2609 officio-

1198 2640 1278 2669 rum,
1305 2628 1420 2663 iurium
1453 2637 1481 2664 et
1505 2628 1768 2674 iurisdictionum,
1803 2640 1882 2676 quae
1912 2627 1951 2664 ab

1966 261 2014 287 An.
2033 261 2060 287 C.
2084 259 2151 287 ¹555
