2274 3265
233 265 281 290 An.
302 263 328 289 C.
346 262 407 288 13²1

255 811 365 831 stemnius

221 2280 249 2299 De
274 2280 391 2300 hiiiuanmtti

222 2310 383 2330 alienationibue

247 2342 336 2366 inquirat

477 254 547 285 298

427 329 489 363 quo
521 325 607 349 crant
640 324 711 350 ante
747 324 870 361 tenipus
903 316 1111 351 subiectionis
1143 324 1174 351 et

427 365 646 398 submissionis
674 364 868 407 huiusmodi,
897 364 1093 399 reducendo:
1123 365 1174 400 de-

426 422 592 448 cernentes
631 413 679 447 illa
710 413 879 459 praedictis
905 414 1076 447 maioribus
1097 415 1172 448 civi-

427 461 542 496 tatibus
564 470 594 496 ct
621 462 922 504 communitatibus,
950 463 1121 497 baronibus
1143 471 1173 496 et

426 510 584 545 nobilibus
606 511 643 545 ad
666 511 854 545 servandum
877 511 1122 546 submissionem
1142 520 1172 545 et

424 559 654 595 subiectionem
684 560 876 600 buiusmotli,
897 560 941 593 vel
958 560 994 594 ad
1018 560 1173 593 obedien—

424 608 499 642 ‹lum
532 621 586 642 scu
624 609 796 655 parendum
825 610 922 643 eisin
953 609 1058 654 aliquo
1084 620 1172 654 prac-

424 665 508 691 textu
548 658 771 692 submissionis
807 667 834 691 et
877 657 1081 691 subiectionis
1118 670 1171 690 eo·

425 707 580 747 runideni,
603 707 802 753 aliquatenus
830 719 890 740 non
921 707 1031 739 teneri.

472 755 554 789 Nulli
597 768 673 802 ergo
713 756 843 790 omnino
881 755 1044 788 bominum
1080 754 1171 788 liceat

424 804 502 839 banc
545 806 688 851 paginam
727 812 902 838 nostrarum
940 803 1171 842 revocationis,

422 854 618 894 cassationis,
640 853 877 891 annullationis,
902 853 1094 895 irritationis,
1119 864 1171 886 va—

421 903 576 937 cuationis
594 911 624 937 et
647 902 881 936 constitutionis
910 901 1099 947 infringere,
1124 901 1169 934 vel

421 951 447 984 ci
470 963 548 986 ausu
572 952 737 986 temerario
761 951 925 985 contraire.
959 950 993 985 Si
1022 951 1095 996 quis
1119 961 1171 983 au-

422 1009 482 1034 tem
516 1000 576 1035 hoc
612 1008 764 1034 attentare
798 1000 1059 1046 praesumpserit,
1093 998 1172 1032 indi-

419 1050 598 1093 gnationem
622 1049 850 1095 omnipotentis
865 1048 935 1088 Dei,
953 1061 987 1083 ac
1008 1049 1168 1082 beatorum

419 1098 504 1132 Petri
538 1107 567 1132 et
601 1098 688 1132 Pauli
716 1098 930 1145 apostolorum
959 1098 1028 1132 eius
1054 1110 1088 1132 se
1112 1110 1170 1132 no-

420 1156 495 1182 verit
522 1160 735 1182 incursurum.

469 1197 580 1231 Datum
603 1196 757 1232 Avenioni
786 1196 928 1231 kalendis
949 1195 1071 1241 aprilis,
1096 1208 1168 1242 pon·

418 1246 553 1281 tificatus
576 1247 672 1280 nostri
696 1257 778 1280 anno
805 1246 925 1291 quinto.

464 1306 523 1336 Det.
548 1308 595 1336 die
615 1308 623 1335 l
651 1307 753 1345 aprilis
780 1306 862 1342 1321,
884 1306 986 1344 pontif.
1008 1315 1084 1335 anno
1102 1314 1127 1334 v.

735 1471 833 1507 XXX.

414 1556 561 1600 Sequitur
595 1556 733 1600 episcopo
771 1555 957 1587 Urbevetano
983 1561 1015 1587 ut
1050 1553 1086 1585 de
1120 1553 1166 1585 his

462 1605 624 1649 inquirat,
659 1611 755 1636 terras
790 1604 966 1636 huiusmodi
996 1609 1164 1645 recuperet,

462 1654 628 1686 detentores
654 1653 786 1686 censuris
813 1652 1038 1696 compescendo.

679 1729 891 1760 StnntARtUn

414 1802 435 1829 t.
455 1800 493 1830 De
517 1801 687 1830 huiusmodi
712 1800 941 1830 alienationibus
965 1800 1103 1839 inquirat:
1126 1816 1164 1820 --

448 1845 475 1874 ⁶2.
497 1844 692 1876 Contumaces
715 1845 873 1883 compellat
902 1845 1047 1874 censuris.
1076 1861 1113 1865 -
1136 1843 1162 1872 3.

448 1888 634 1920 Obstantium
659 1890 818 1927 derogatio.

409 1956 519 1984 ioannes
539 1956 682 1992 episeopus
711 1962 806 1984 servus
836 1962 976 1983 servorum
1002 1955 1057 1987 Dei,
1084 1962 1160 1984 vene·

453 2005 534 2034 rabili
559 2005 645 2034 fratri
679 2005 800 2034 Guittoni
832 2005 956 2040 episcopo
985 2004 1160 2036 urbevetano,

452 2053 613 2088 patrimonii
632 2053 659 2082 B.
680 2053 752 2082 Petri
771 2053 798 2081 in
817 2053 932 2081 ‘thuscia
951 2053 1066 2084 rectori,
1088 2052 1160 2080 salu-

453 2104 509 2131 tem
528 2103 557 2130 et
576 2102 756 2137 apostoticam
771 2102 995 2130 benedictionem.

458 2174 541 2209 lnter
563 2182 684 2209 caetera
708 2183 775 2213 etc„
797 2182 891 2219 prout
917 2175 949 2207 in
970 2174 1132 2218 superiori.

455 2229 470 2266 5
507 2227 537 2257 t.
575 2223 731 2266 Quocirca
768 2223 951 2258 fraternitati
992 2231 1064 2257 tuae
1105 2234 1160 2268 per

407 2273 577 2319 apostolica
614 2274 728 2320 scripta
759 2272 967 2312 mandamus,
1001 2281 1157 2319 quatenus

408 2333 462 2368 per
490 2332 518 2357 te
541 2323 588 2356 vel
611 2323 718 2363 alium,
746 2335 801 2356 seu
824 2322 914 2362 alios,
937 2333 1033 2368 super
1061 2333 1158 2369 prae-

407 2372 512 2406 missis
533 2371 572 2406 de
595 2372 701 2419 plano,
724 2372 906 2408 summarie,
931 2372 999 2405 sine
1022 2371 1155 2417 strepitu

405 2429 435 2454 et
462 2423 560 2467 ligura
585 2420 692 2455 iudicii
717 2429 745 2455 te
770 2420 954 2458 informans,
983 2420 1157 2466 praedictas

406 2479 515 2511 terras,
538 2479 649 2511 castra⁷
673 2470 753 2505 bona
777 2478 807 2504 et
830 2471 895 2504 iura
914 2469 1014 2504 taliter
1043 2468 1156 2511 locata⁷

404 2519 546 2559 alienata,
569 2519 682 2554 donata
719 2528 748 2554 et
776 2531 939 2558 concessa,
975 2518 1014 2553 ad
1042 2530 1155 2552 manus

405 2578 473 2603 tuas
502 2568 640 2615 recipere
674 2568 800 2603 studeas
831 2577 858 2602 et
888 2568 1056 2614 diligenter
1077 2579 1155 2601 con-

404 2618 517 2651 servari
547 2629 712 2664 procures:
743 2630 804 2651 non
829 2618 1016 2664 permittens
1044 2626 1153 2660 terras,

1015 263 1113 286 ntJLLA
1120 263 1200 286 RIUM
1228 263 1390 285 ROMANUM

1216 317 1368 354 civitates,
1396 324 1496 349 castra
1519 323 1547 349 et
1572 315 1638 349 loca
1664 316 1785 350 minora
1812 316 1966 362 praefata,

1217 373 1377 410 praetextu
1420 364 1642 398 submissionis
1687 372 1715 398 et
1758 364 1966 400 subiectionis

1216 413 1398 448 bniusinodi
1431 413 1469 446 ab
1501 413 1660 459 aliquibus
1699 413 1837 447 indebite
1865 414 1966 448 mole-

1214 464 1300 496 stari.

1263 524 1277 562 5
1304 524 1337 553 ⁹2.
1361 519 1547 553 Detentores
1582 527 1748 559 terrarum,
1777 528 1964 564 castrorum,

1215 567 1370 602 bonorum
1389 577 1418 602 et
1446 569 1558 601 iurium
1585 567 1817 614 praedictorum
1842 577 1873 602 et
1894 580 1965 603 con-

1215 616 1398 651 tradictores
1420 629 1455 651 ac
1479 616 1614 650 rebelles
1635 626 1665 650 et
1688 616 1915 662 impedientes,
1939 618 1963 651 si

1213 666 1266 710 qui
1294 666 1426 705 fuerint,
1463 678 1585 700 necnon
1618 674 1648 700 et
1677 666 1892 700 molestatores
1914 666 1964 700 di-

1215 722 1333 748 ctarum
1358 715 1515 748 minorum
1541 724 1711 755 tei-rarum,
1746 715 1905 749 civitatum
1933 725 1963 749 et

1213 770 1386 797 castrorum
1410 776 1446 797 ac
1482 764 1719 798 universitatum
1744 776 1799 810 per
1821 765 1964 810 spiritua-

1215 812 1259 845 les
1294 820 1325 845 et
1359 812 1548 858 temporales
1580 825 1716 859 poenas,
1751 813 1964 859 appellatione

1215 861 1399 907 postposita,
1422 862 1664 907 compescendo.

1262 914 1276 952 g
1300 912 1330 943 5.
1356 909 1423 944 Non
1456 910 1601 945 obstante
1617 938 1624 949 ,
1650 912 1675 945 si
1703 911 1750 945 eis
1781 912 1827 945 vel
1850 923 1960 945 eorum

1213 959 1369 1005 aliquibus
1390 960 1603 993 communiter
1626 959 1673 994 vel
1694 959 1819 994 divisim
1842 972 1858 994 a
1878 960 1960 994 dicta

1213 1008 1251 1041 sit
1278 1007 1363 1042 Sede
1387 1008 1560 1047 indultum,
1597 1008 1682 1054 quod
1707 1008 1868 1048 interdici,
1895 1021 1963 1044 sus-

1214 1057 1306 1103 pendi
1344 1057 1388 1091 vel
1416 1058 1697 1097 excommunicari,
1724 1065 1775 1091 aut
1798 1057 1961 1103 quibusvis

1213 1106 1324 1151 poenis
1350 1106 1430 1140 affici
1455 1118 1518 1140 non
1543 1106 1663 1152 possint
1686 1118 1741 1153 per
1764 1107 1869 1140 literas
1884 1118 1963 1153 apo-

1211 1156 1349 1194 stolicas,
1374 1167 1434 1188 non
1459 1154 1607 1189 facientes
1631 1155 1755 1200 plenam
1775 1164 1804 1189 et
1835 1167 1963 1201 expres-

1211 1216 1277 1238 sam
1305 1216 1341 1238 ac
1363 1204 1402 1238 de
1430 1204 1524 1238 verbo
1555 1204 1593 1238 ad
1619 1204 1749 1239 verbum
1772 1204 1811 1238 de
1840 1205 1962 1238 indulto

1212 1253 1392 1287 huiusmodi
1423 1255 1628 1288 mentionem.

1259 1302 1328 1336 Dat.
1358 1302 1532 1346 Avenione,
1555 1302 1614 1336 kal.
1644 1302 1764 1349 aprilis,
1790 1310 1880 1349 pont.
1912 1314 1961 1336 no·

1209 1359 1264 1385 stri
1286 1363 1371 1386 anuo
1398 1363 1428 1385 v.

1368 1411 1427 1442 Dat.
1446 1412 1503 1449 die,
1520 1421 1657 1452 annoque
1679 1412 1792 1442 eodem.

1522 1569 1643 1604 XXXI.

1208 1651 1444 1694 Inquisitoribus
1477 1651 1642 1684 haereticae
1665 1652 1832 1695 pravitatis
1852 1652 1960 1695 prohi-

1256 1701 1352 1742 betur,
1387 1700 1549 1744 quantinus
1578 1701 1737 1733 Bononiae
1762 1711 1852 1734 arma
1875 1701 1960 1745 delii-

1256 1750 1345 1782 rendi
1378 1749 1438 1782 ulli
1469 1749 1623 1782 licentiam
1658 1750 1808 1787 tribuant,
1834 1761 1959 1794 eamque

1256 1798 1328 1830 aliis
1350 1799 1382 1830 in
1405 1798 1477 1830 locis
1499 1799 1572 1831 solis
1594 1799 1662 1831 dent
1683 1799 1908 1842 familiaribus.

1473 1875 1686 1906 SUMMARtUM

1204 1947 1370 1977 Exordium.
1398 1963 1438 1968 —
1470 1948 1494 1975 l.
1518 1946 1630 1976 Causae
1659 1948 1888 1977 constitutionis.
1920 1963 1958 1968 —

1243 1991 1269 2020 '‘2.
1294 1991 1468 2021 Constitutio
1493 1991 1538 2027 (de
1556 2000 1607 2029 qua
1628 1991 1654 2019 in
1671 1991 1805 2028 rubrica).

1203 2062 1314 2090 loannes
1334 2063 1476 2098 episcopus
1493 2068 1588 2090 servus
1608 2068 1747 2090 servorum
1766 2061 1823 2093 Dei,
1847 2062 1957 2090 dilectis

1247 2111 1312 2139 filiis
1331 2111 1539 2146 inquisitoribus
1570 2111 1726 2139 haereticae
1750 2110 1903 2145 pravitatis
1929 2111 1957 2139 in

1247 2160 1385 2194 provincia
1423 2159 1608 2191 Lombardiae.
1640 2158 1820 2194 apostoticam
1849 2159 1954 2187 benedi·

1246 2208 1374 2237 ctionem.

1250 2272 1355 2318 Exigit
1369 2272 1490 2306 ordinis
1504 2273 1595 2306 vestri
1614 2271 1735 2318 religio,
1749 2281 1779 2306 et
1793 2271 1952 2306 commissi

1201 2322 1291 2355 nobis
1313 2321 1408 2355 officii
1431 2321 1644 2356 mansuetudo
1667 2321 1816 2367 requirit,
1845 2329 1878 2355 ut
1907 2321 1952 2354 sic

1199 2379 1287 2405 actus
1324 2379 1442 2405 vestros
1469 2371 1581 2405 virtute
1614 2369 1787 2405 modestiae
1820 2382 1952 2417 compo-

1199 2420 1290 2463 natis,
1314 2419 1399 2466 quod
1428 2420 1544 2454 nemini
1572 2431 1642 2454 esse
1665 2419 1785 2466 possint
1807 2418 1845 2454 ad
1865 2431 1949 2453 scan-

1197 2469 1303 2503 dalum
1334 2468 1380 2502 rel
1402 2469 1528 2515 aliquod
1557 2477 1804 2503 nocumentum:

1247 2522 1261 2560 ξ
1291 2523 1321 2551 t.
1358 2518 1548 2564 Accepimus
1583 2517 1738 2564 siquidem
1775 2518 1949 2552 assertione
1976 2526 2148 2547 consuevim-

1199 2566 1294 2611 lideli,
1322 2567 1406 2614 quod
1430 2580 1485 2602 vos
1509 2567 1670 2602 nonnullis
1697 2567 1800 2614 pravis
1824 2575 1853 2602 ct
1877 2578 1949 2613 per-

1197 2616 1297 2650 versis
1319 2616 1515 2654 bominibus,
1539 2617 1591 2663 qui
1616 2616 1797 2663 frequenter
1819 2616 1855 2650 ad
1878 2627 1949 2650 cae-

1983 263 2030 289 Αιι.
2047 264 2074 288 C.
2094 263 2158 289 15¹2l

2001 530 2140 551 Contumaces

1979 562 2091 587 compellat
2111 567 2163 582 cen-

1979 594 2040 612 suris⁴

1985 919 2117 939 obstantium
2128 920 2164 939 de-

1977 950 2065 974 rogatio.

2000 2285 2109 2306 thermum

1963 2556 2056 2576 tutionis.
