2274 3265
105 285 152 311 Αη.
168 284 196 311 Ο,
217 284 280 310 1511

115 891 171 911 Ritus
181 890 284 916 praescri-

100 921 183 941 buntur.

115 1285 158 1309 Qua
171 1284 234 1303 forma
251 1285 286 1303 im-

103 1317 187 1340 perator
210 1315 229 1333 in
246 1312 286 1333 131-

103 1345 149 1365 hem
178 1346 204 1365 sit
228 1347 285 1365 exci—

104 1377 199 1402 prendas.

117 1681 141 1702 Ut
152 1683 286 1703 deducendus

103 1715 128 1734 ad
142 1714 249 1734 basilicarii
265 1713 285 1733 S.

110 1932 154 1957 Qua
165 1937 239 1958 pompa
249 1930 289 1952 tto-

104 1745 167 1765 Petri,

104 1968 176 1983 manus
190 1962 288 1983 Pontifex

104 1997 202 2020 expectet
210 1995 230 2014 in
241 2000 289 2020 por-

103 2028 152 2045 ltcu.

3 2668 7 2680 '.

938 281 1082 304 crentur-:NS
1106 280 1123 302 V
1147 279 1194 302 ΙΨ.

301 346 360 372 tam
388 337 520 373 arduum
544 346 574 373 et
600 337 741 373 solemne
765 336 938 384 negotium,
960 335 1043 383 quod

299 387 387 423 vobis
413 389 658 429 committimus,
691 387 805 422 nostris
838 387 901 421 vice
927 394 958 420 et
987 398 1044 419 no·

299 438 382 472 mine
415 446 605 485 exequentes
633 438 661 472 in
690 437 773 472 dicto
795 436 872 471 festo
903 435 1045 470 Assum—

300 488 425 533 ptionis‚
441 489 465 523 si
485 489 627 535 poteritis
649 486 793 526 comode,
817 486 862 520 vel
885 485 945 520 alio
961 493 1045 520 certo

299 538 496 572 convenienti
525 538 586 580 die,
613 549 708 585 quem
738 536 818 570 idem
844 547 899 570 rex
926 535 963 569 ad
988 535 1046 569 boc

301 600 356 633 pro
395 588 545 634 qualitate
577 586 772 633 negotiorum
812 585 1044 619 imminentium

299 638 423 671 duxerit
455 637 645 683 eligendum.
673 636 764 678 Quod
792 636 817 670 si
847 647 908 670 non
936 647 1047 670 omnes

301 687 336 720 iis
364 686 561 733 exequendis
589 686 752 733 potueritis
776 685 940 725 interesse,
967 697 1047 732 qua-

301 745 381 777 tuor,
411 745 484 780 tres,
511 736 587 777 duo,
614 746 666 770 aut
690 748 772 770 unus
799 748 836 770 ex
868 735 972 775 vobis,
1011 747 1045 769 ea

301 786 508 820 nihilominus
530 794 714 832 exequatur.

347 840 362 878 §
382 839 411 869 7.
435 835 476 870 Et
499 847 537 870 ne
556 836 627 882 quis
649 835 678 869 in
702 835 832 882 agendis
854 834 1048 870 solemnibus

299 884 462 919 antedictis
497 897 594 929 error,
617 884 701 932 quod
735 885 826 926 absit,
861 884 1048 919 intervenire

301 934 432 978 ialeret,
472 935 600 969 modum
641 943 671 969 et
706 934 836 969 formam
876 944 906 969 et
942 934 1045 969 locum

299 984 505 1029 agendorum,
528 993 558 1019 et
586 984 638 1019 ubi
667 992 696 1019 et
720 997 775 1031 per
793 997 869 1031 quas
898 996 1048 1032 personas

298 1033 416 1079 agenda
441 1034 567 1072 suerint,
593 1034 821 1081 particulariter
848 1042 877 1069 et
901 1033 1047 1068 distincte

299 1082 448 1118 duximus
489 1083 704 1130 praesentibus
741 1083 918 1123 inserenda,
958 1091 1049 1129 prout

300 1132 329 1166 in
358 1133 495 1168 archivio
516 1133 674 1168 Ecclesiae
687 1142 716 1168 et
734 1134 763 1167 in
780 1132 946 1180 pontificali
963 1132 1049 1166 ordi—

300 1182 388 1217 nario
402 1183 622 1225 continentur;
642 1196 776 1231 quorum
794 1183 890 1217 l'orma
908 1182 977 1216 talis
990 1190 1046 1216 est:

348 1232 415 1277 §8-
431 1232 513 1267 Cum
537 1245 604 1273 rex,
628 1234 656 1267 in
675 1233 895 1278 imperatorem
919 1232 1047 1274 electus,

302 1282 476 1328 pervenerit
502 1282 540 1316 ad
560 1291 678 1329 portam
702 1282 877 1322 Collinam,
901 1293 980 1327 quae
1003 1289 1050 1315 est

302 1331 388 1365 iuxta
403 1331 564 1366 castellum
591 1330 789 1366 Crescentini
812 1334 854 1375 (t)
882 1331 1049 1377 recipiatur

303 1380 474 1415 honorifice
506 1393 522 1415 a
555 1381 638 1416 clero
668 1380 761 1416 Urbis
795 1393 866 1415 cum
900 1380 1049 1415 crucibus

300 1438 330 1463 et
353 1429 497 1465 turibulis
521 1438 552 1465 et
581 1431 853 1477 processionaliter
875 1429 1049 1465 deducatur

301 1490 398 1526 usque
420 1479 458 1514 ad
481 1480 598 1526 gradus
629 1481 777 1516 basilicae
805 1479 913 1515 Sancti
940 1479 1023 1514 Petri
1040 1507 1048 1519 ,

300 1529 499 1564 cantantibus
527 1530 700 1565 universis:
729 1530 811 1565 Ecce
830 1530 919 1564 mitto
942 1530 1049 1575 Ange—

302 1578 366 1613 lum
390 1591 509 1624 meum,
532 1589 584 1615 etc.
611 1579 802 1615 Camerariis
824 1580 892 1614 eius
920 1579 1048 1613 missilia

301 1629 523 1675 spargentibus
538 1638 610 1665 ante
633 1630 748 1678 ipsum,
768 1638 797 1665 et
817 1629 974 1677 praefecto
993 1628 1050 1664 Ur-

303 1678 350 1713 bis
371 1679 509 1725 gladium
527 1679 734 1727 praeferente.
752 1680 835 1715 Cum
858 1688 962 1714 autem
983 1691 1050 1726 per-

304 1729 423 1764 venerit
449 1738 520 1765 ante
543 1729 701 1765 basilicam
727 1731 758 1765 in
784 1729 941 1776 plateam,
968 1742 1049 1776 quae

302 1778 429 1813 Cortina
459 1788 602 1821 vocatur,
630 1780 822 1815 dextrandus
845 1788 890 1814 est
917 1792 932 1814 a
955 1792 1049 1814 sena-

302 1828 421 1864 toribus
448 1842 549 1877 usque
571 1830 608 1865 ad
629 1831 746 1877 gradus
774 1830 961 1877 praedictos,
983 1829 1049 1870 ubi,

301 1889 338 1912 eo
361 1877 584 1919 descendente,
609 1880 778 1915 tradendus
800 1887 847 1914 est
865 1891 976 1926 equus,
999 1879 1048 1914 cui

304 1939 355 1962 rex
372 1928 536 1970 insederat,
560 1929 630 1964 illis.
648 1929 775 1965 Interim
791 1929 946 1964 Summus
965 1928 1050 1963 Pon-

302 1976 377 2012 tifex
403 1991 476 2013 cum
500 1979 650 2014 omnibus
677 1979 842 2015 ordinibus
864 1979 929 2014 suis
957 1990 1050 2025 prae-

303 2036 391 2073 paret
412 2040 445 2063 se
473 2028 503 2063 in
526 2030 711 2070 secretario,
737 2037 884 2076 tanquam
908 2028 1050 2063 celebra—

303 2084 390 2111 turus
424 2077 544 2123 divina‚
575 2087 604 2113 et
639 2078 911 2126 processionaliter
942 2079 1050 2113 exiens

303 2139 403 2174 usque
418 2127 455 2162 ad
472 2136 659 2175 suggestum
683 2141 761 2164 arete
778 2128 961 2176 superioris,
981 2140 1050 2175 quw.

302 2184 348 2210 est
382 2177 411 2211 in
444 2178 546 2225 capite
580 2178 733 2225 graduum
772 2191 867 2226 super
903 2177 1051 2212 saldesto-

304 2226 396 2271 rium,
415 2227 454 2261 ibi
474 2228 592 2272 sedeat,
611 2228 850 2264 considentibus
873 2239 969 2275 super
986 2239 1051 2274 gra-

303 2275 361 2310 dus
392 2288 407 2310 a
443 2285 529 2324 parte
558 2277 684 2312 dextera
714 2279 869 2325 episcopis
905 2287 932 2311 et
963 2290 1051 2324 pres-

304 2324 431 2372 byteris,
453 2339 467 2361 a
496 2327 620 2361 sinistra
644 2340 716 2362 vero
739 2328 880 2362 diaconis
902 2328 1049 2362 cardina-

304 2374 398 2419 libus,
414 2384 444 2410 et
467 2377 495 2410 in
515 2377 696 2424 proximiori
725 2378 821 2424 gradu
845 2377 1051 2412 subdiaconis

303 2433 334 2459 et
348 2425 500 2467 accolitis,
518 2427 694 2473 primicerio
708 2435 737 2462 et
751 2427 933 2462 cantoribus
946 2435 1052 2461 astan—

305 2474 388 2509 tibus
420 2476 500 2510 circa
525 2476 594 2511 illos
624 2488 694 2511 cum
719 2478 915 2522 magnatibus
942 2485 971 2511 et
994 2489 1051 2511 no-

306 2524 419 2559 bilibus
440 2525 629 2561 officialibus
647 2534 676 2561 et
699 2526 955 2561 ministerialibus
974 2526 1052 2560 anlae

307 2574 435 2621 papalis.

354 2628 368 2668 §
394 2628 426 2659 9.
450 2625 540 2661 Tunc
576 2638 627 2660 rex
649 2637 719 2660 cum
749 2625 993 2673 archiepiscopis
1020 2634 1050 2660 et

340 2687 380 2721 (t)
401 2686 498 2714 Forsan
520 2689 670 2713 Crescentii.

385 2732 449 2761 Ball
476 2731 553 2762 Rom.
579 2732 631 2761 t'ot.
651 2732 696 2761 IV.

877 2732 913 2761 28

1713 267 1781 299 217

1087 333 1255 382 episcopis,
1285 333 1480 381 principibus
1503 342 1531 368 et
1552 332 1748 380 magnatibus
1766 334 1833 367 suis

1087 383 1262 419 ascendens
1274 382 1311 418 ad
1327 383 1495 418 Summum
1520 383 1724 427 l'ontilicem,
1748 395 1834 419 reve-

1089 442 1193 468 renter
1231 433 1392 468 osculetur
1420 434 1515 480 pedes
1551 434 1667 481 ipsius;
1694 443 1722 466 et
1758 433 1833 469 olle-

1090 497 1160 519 rens
1188 484 1215 517 ei
1244 496 1376 523 aurum,
1411 493 1562 530 quantum
1591 484 1650 518 sibi
1675 484 1834 530 placuerit,

1090 534 1225 581 benigne
1248 532 1416 580 recipiatur
1446 533 1484 567 ab
1511 546 1547 568 co
1569 534 1606 568 ad
1634 534 1777 569 osculum
1807 545 1833 571 et

1088 584 1289 631 amplexum:
1325 595 1388 630 quo
1428 583 1554 617 demum
1590 592 1753 630 surgente*
1782 599 1833 620 rex

1090 634 1156 681 ipse
1175 647 1190 669 a
1211 641 1296 681 parte
1319 633 1456 674 dextera,
1472 642 1500 668 et
1524 634 1607 680 prior
1629 634 1833 670 diaconorum

1089 698 1104 718 a
1127 694 1214 732 parte
1242 684 1365 718 sinistra
1398 683 1553 718 deducant
1579 696 1651 718 eum
1682 697 1781 732 usque
1805 687 1834 720 in

1090 736 1250 770 ecclesiam
1286 732 1421 768 Sanctae
1457 733 1571 768 Mariae
1600 734 1628 768 in
1663 734 1835 775 Turribus;

1090 784 1143 819 ubi
1187 793 1258 820 ante
1296 783 1415 827 altare,
1451 783 1646 818 subdiacono
1675 783 1834 831 Evangelii

1091 843 1208 870 textum
1233 842 1376 878 tenente,
1405 846 1455 867 rex
1480 846 1575 881 super
1603 833 1689 868 illum
1722 847 1835 882 corpo-

1090 885 1195 919 raliter
1231 892 1365 931 praestet
1392 883 1572 918 huiusmodi
1607 884 1833 919 iuramentum:

1091 934 1158 981 Ego
1181 934 1340 970 Henricus
1366 945 1418 967 rex
1441 932 1669 973 Romanorum,
1699 933 1834 978 futurus,

1090 994 1248 1019 annuente
1276 982 1429 1026 Domino,
1458 982 1642 1030 imperator,
1677 984 1834 1030 promitto,
1872 991 1881 1003 Ε

1090 1035 1232 1080 spondeo
1254 1041 1283 1067 et
1308 1032 1456 1080 polliceor
1483 1044 1586 1067 coram
1611 1032 1677 1067 Deo
1699 1042 1728 1068 et
1746 1033 1835 1068 beato

1091 1083 1202 1124 Petro,
1241 1095 1289 1117 me
1323 1083 1362 1116 de
1398 1090 1521 1116 caetero
1564 1091 1770 1128 protectorem
1807 1091 1835 1117 et

1090 1133 1287 1168 defensorem
1312 1132 1375 1166 sore
1391 1131 1514 1165 Summi
1535 1131 1699 1167 pontilicis
1712 1142 1742 1167 ct
1760 1132 1836 1168 San-

1090 1192 1157 1217 ctae
1184 1183 1346 1218 Romanae
1373 1181 1530 1215 Ecclesiae
1554 1182 1582 1215 in
1606 1182 1755 1217 omnibus
1779 1195 1834 1216 ne-

1091 1232 1290 1268 cessitatibus
1327 1239 1356 1266 et
1384 1230 1574 1265 utilitatibus
1605 1232 1695 1271 suis,
1730 1240 1835 1266 custo-

1091 1282 1204 1316 diendo
1232 1291 1261 1316 et
1293 1280 1508 1314 conservando
1525 1282 1754 1327 possessiones,
1777 1281 1836 1315 ho-

1092 1344 1183 1366 nores
1206 1339 1236 1366 et
1258 1333 1324 1365 iura
1347 1330 1427 1373 eius,
1443 1339 1594 1376 quantum
1618 1330 1723 1364 divino
1740 1330 1837 1364 fultus

1090 1381 1246 1416 adiutorio
1269 1380 1367 1421 fuero,
1390 1378 1565 1414 secundum
1589 1379 1668 1414 scire
1691 1392 1726 1414 ac
1747 1392 1837 1426 posse

1092 1443 1195 1465 meum
1225 1438 1305 1465 recta
1333 1438 1362 1464 et
1390 1442 1465 1476 pura
1493 1429 1568 1463 fide:
1603 1430 1648 1463 sic
1678 1441 1726 1464 me
1752 1429 1838 1464 Deus

1091 1479 1229 1525 adiuvet,
1252 1489 1281 1515 et
1310 1478 1385 1514 haec
1418 1478 1531 1514 Sancta
1559 1478 1617 1513 Dei
1645 1478 1837 1526 Evatigelia;

1092 1530 1189 1565 forma
1217 1540 1322 1565 autem
1352 1529 1516 1564 iuramenti
1541 1529 1678 1575 praestiti
1709 1529 1737 1562 in
1763 1529 1837 1562 Avi-

1093 1580 1185 1615 nione
1213 1593 1267 1627 per
1293 1588 1512 1627 procuratores
1539 1587 1568 1612 et
1601 1579 1727 1613 nuutios
1755 1591 1839 1625 prae-

1091 1629 1165 1664 dicti
1202 1631 1284 1677 regis
1319 1629 1554 1672 Romanorum,
1590 1636 1729 1675 tempore
1762 1641 1837 1663 suae

1092 1681 1302 1715 coronationis
1319 1679 1505 1720 renovandi,
1529 1677 1598 1714 talis
1621 1687 1678 1713 est:
1706 1677 1770 1712 Nos
1792 1677 1839 1713 Si-

1092 1729 1191 1765 sridus
1205 1729 1335 1765 Curien.
1359 1730 1538 1777 episcopus,
1555 1728 1714 1762 Amadeus
1733 1740 1839 1762 comes

1092 1780 1284 1820 Sabaudiae,
1325 1780 1456 1814 Ioannes
1485 1779 1598 1813 Detfiui
1626 1777 1780 1812 Viennen.
1809 1787 1837 1812 et

1092 1830 1379 1873 Albouen.‚cotnes
1395 1829 1500 1864 Guido
1515 1828 1553 1863 de
1572 1828 1731 1867 Flandria,
1747 1828 1839 1862 loan-

1093 1893 1149 1915 nes
1172 1894 1278 1915 comcs
1305 1880 1480 1927 Saraponte
1502 1888 1531 1913 et
1553 1878 1671 1926 Symon
1695 1878 1734 1912 de
1756 1877 1839 1912 Mar—

1093 1930 1162 1965 villa
1195 1931 1408 1965 thesaurarius
1428 1929 1562 1972 Mete11.,
1587 1928 1692 1962 nuncii
1716 1936 1745 1961 et
1766 1941 1839 1974 pro-

1093 1989 1254 2015 curatores
1289 1979 1481 2015 serenissimi
1523 1979 1674 2025 principis
1711 1976 1837 2011 Henrici

1093 2029 1310 2065 Romanorum
1351 2030 1451 2076 regis,
1489 2028 1639 2062 habentes
1674 2028 1837 2061 adomnia

1094 2079 1290 2127 infrascripta
1326 2080 1447 2126 plenatn
1471 2086 1500 2112 ct
1526 2076 1703 2123 generalem
1732 2089 1767 2110 ac
1803 2076 1839 2110 li-

1095 2129 1199 2164 beram
1225 2137 1422 2177 potestatem,
1446 2138 1473 2162 ct
1497 2127 1632 2173 speciale
1657 2126 1839 2160 mandatum

1094 2179 1131 2213 ab
1154 2179 1278 2220 eodem‚
1308 2187 1398 2227 prout
1426 2185 1547 2211 constat
1577 2190 1631 2223 per
1666 2175 1839 2222 praedictas

1095 2237 1235 2275 patentes
1263 2229 1368 2264 literas
1391 2228 1500 2274 ipsius,
1526 2226 1611 2261 vobis
1640 2226 1839 2259 sanctissimo

1096 2280 1172 2324 patri
1200 2288 1229 2313 et
1263 2279 1403 2317 domino,
1427 2277 1555 2310 domino
1577 2275 1732 2310 Clementi
1749 2302 1757 2317 7
1785 2274 1837 2308 di—

1095 2329 1162 2362 vina
1187 2329 1369 2375 providente
1391 2327 1566 2366 clementia,
1590 2325 1692 2371 Papae
1715 2325 1838 2371 quinto,

1096 2379 1160 2413 vice
1187 2388 1217 2411 et
1240 2379 1367 2412 nomine
1391 2376 1464 2410 dicti
1489 2375 1606 2409 domini
1634 2376 1732 2408 nosti-i
1758 2373 1839 2420 regis

1094 2436 1123 2462 et
1151 2429 1179 2461 in
1208 2429 1342 2462 animam
1373 2426 1472 2473 ipsius
1500 2425 1711 2471 promittimus
1738 2433 1767 2458 et
1789 2424 1840 2457 iu·

1094 2490 1199 2512 ramus
1223 2490 1277 2524 per
1300 2477 1422 2511 Patrem
1446 2484 1475 2510 et
1498 2474 1610 2509 Filium
1634 2482 1663 2509 et
1687 2473 1838 2519 Spiritum

1094 2528 1258 2572 Sanctum,
1281 2536 1309 2562 et
1334 2538 1388 2573 per
1409 2525 1486 2559 haec
1512 2533 1617 2560 sancta
1645 2522 1702 2558 Dei
1732 2523 1839 2558 Evan—

1093 2578 1186 2623 gelia,
1209 2586 1237 2611 et
1262 2589 1315 2623 per
1337 2577 1396 2610 hoc
1420 2575 1541 2621 lignum
1560 2574 1697 2608 vivificae
1716 2573 1839 2615 Crucis,

1093 2637 1123 2663 et
1161 2640 1216 2675 per
1248 2626 1303 2661 has
1331 2625 1478 2671 reliquias
1505 2623 1716 2665 Sanctorum,
1755 2622 1839 2671 quod

1095 2689 1265 2723 numquam
1296 2676 1386 2710 vitam
1409 2683 1460 2709 aut
1484 2674 1635 2710 membr-m
1665 2686 1767 2720 neque
1791 2675 1839 2720 ip-

1849 275 1899 300 An.
1921 275 1950 300 C⁴
1965 275 2026 300 1511

1863 336 1929 356 Utret
1941 342 1983 356 eiuz
1997 343 2032 362 pe-

1849 369 1884 388 des
1902 372 1925 387 ‚-=t
1948 372 2032 387 oswin<

1849 404 1905 419 tutu-
