2274 3265
223 244 260 269 Α’τι
294 243 310 267 Γ.
338 245 382 270 1Βί
389 245 401 270 't

237 2141 319 2161 roenna
330 2147 411 2161 ottoni

230 2174 375 2192 miiniratitinis
392 2175 411 2192 et

231 2204 352 2228 privationis
363 2209 412 2229 pro-

230 2235 303 2258 mulgat
313 2240 330 2254 ie

477 233 536 265 tw

419 299 597 345 praedictus
635 298 692 332 erit
729 296 941 332 ecclesiastico
985 297 1168 343 suppositus

420 347 592 382 interdicto.
617 346 649 381 Si
674 360 745 381 vero
775 359 830 381 iiec
860 347 889 380 in
913 347 1003 381 tertio
1033 346 1167 380 termino

417 406 448 432 ct
470 397 546 431 infra
574 396 651 431 alios
673 405 808 442 quatuor
831 409 956 431 iiiciises
979 396 1097 442 primos
1115 409 1168 442 pei·

419 447 541 493 plenam
565 446 808 481 satisfactionem
826 446 966 481 eiusdem
1003 458 1118 480 census
1136 452 1166 478 tu

417 504 448 531 ct
484 496 633 531 haeredes
687 495 730 530 vel
765 508 965 530 successores
1001 496 1044 529 tui
1083 494 1169 528 vobis

418 546 570 581 duxeritis
608 545 848 585 consulendum,
879 546 918 580 ita
940 544 1037 591 quod,
1066 553 1168 577 trans-

418 596 496 631 actis
528 595 639 630 eodem
669 596 760 630 tertio
795 595 929 629 termino
969 602 998 628 et
1050 593 1166 627 subsc-

418 645 588 693 quentibiis
616 644 790 700 mensibus,
827 657 887 678 non
921 644 961 677 sit
988 643 1027 677 de
1056 642 1167 676 liuius-

419 695 504 731 modi
532 707 629 729 censu
655 695 745 741 primi
776 694 899 728 termini
923 693 980 747 ipsi
1007 692 1167 727 Ecclesiae

417 745 622 787 satisfactum,
657 743 695 778 ab
734 744 844 778 eodeni
883 743 1063 796 principatu,
1099 741 1167 788 ipso

418 796 484 829 iure
519 772 636 829 cadatis
655 806 691 827 ex
723 801 798 836 toto,
826 801 855 827 et
884 792 1079 839 principatus
1102 803 1168 837 ipsc

417 844 454 879 ad
482 844 657 879 Romanam
686 842 873 879 Ecclesiam
897 854 1031 887 eiusque
1058 840 1167 887 dispo-

417 894 563 928 sitionem
606 893 724 937 integre
771 901 799 925 et
842 891 939 925 libere
980 897 1168 929 revertatur3

418 943 623 977 nihilominus
637 954 691 988 pro
709 940 842 986 singulis
857 939 1097 986 quadringentis
1119 939 1169 973 llo-

419 993 502 1027 renis
536 990 734 1037 singulorum
772 990 991 1032 terminorum,
1018 990 1042 1022 si
1073 988 1167 1022 simili

419 1042 511 1076 modo
553 1041 581 1074 in
623 1053 732 1074 eornm
775 1039 932 1073 solutione
960 1038 1167 1093 cessaveritis,

419 1092 463 1126 vel
494 1091 577 1125 illam
615 1102 676 1124 non
715 1089 882 1127 solveritis,
924 1097 954 1122 tii
1003 1096 1032 1121 et
1066 1088 1169 1134 quivis

419 1140 589 1175 haeredum
609 1147 639 1173 et
661 1151 880 1173 successorum
918 1148 1044 1173 tuorum
1065 1138 1095 1171 in
1119 1138 1169 1171 ili-

418 1199 467 1225 cto
496 1189 670 1237 principatu
696 1201 813 1235 poenas
840 1187 960 1222 similes
990 1187 1169 1227 incurratis,

418 1240 512 1274 salvis
546 1239 614 1274 aliis
636 1238 758 1285 poenis,
799 1237 998 1284 processibus
1034 1245 1064 1270 et
1094 1249 1171 1272 sen-

419 1290 537 1330 tentiis,
559 1301 639 1335 quae
671 1288 716 1322 vel
739 1288 791 1334 qui
825 1287 864 1321 de
892 1288 957 1321 inre
981 1286 1086 1320 inferri
1125 1286 1169 1321 rel

419 1339 525 1374 liaberi
538 1351 592 1372 seu
607 1337 735 1384 proferri
753 1345 897 1382 poterunt
917 1348 971 1382 per
991 1335 1168 1370 Romanuin

420 1388 605 1423 Pontificem
623 1386 667 1422 vel
690 1386 805 1421 Sedein
822 1385 1034 1431 Apostolicain
1047 1386 1171 1432 specia—

420 1438 490 1472 liter
518 1438 547 1471 in
576 1437 635 1471 boc
658 1448 749 1470 casu:
773 1435 827 1470 sed
854 1435 891 1469 ad
912 1448 1040 1469 ceiisuin
1067 1436 1168 1482 ipsiiiii

423 1486 663 1532 persolvendum
692 1485 793 1519 eidem
830 1484 989 1519 Ecclesiae
1024 1492 1109 1524 tunc,
1141 1493 1171 1519 et

422 1549 483 1571 non
506 1545 588 1575 ante,
611 1534 778 1570 teneamini
802 1547 873 1568 cuni
897 1534 1024 1575 effectu,
1048 1546 1118 1568 cuin
1140 1543 1170 1568 ιιι

423 1587 467 1620 vel
492 1584 644 1620 haeredes
662 1593 714 1617 aut
741 1595 941 1618 successores
965 1584 1008 1618 tui
1038 1585 1068 1617 in
1086 1584 1172 1618 dieto

422 1636 610 1690 principatu,
632 1633 774 1668 eiusdem
795 1633 999 1679 principatus,
1028 1634 1072 1668 vel
1099 1645 1172 1668 ma-

422 1685 496 1719 ioris
519 1684 614 1731 partis
644 1683 744 1729 ipsius
786 1682 906 1717 tffueiiiis
940 1682 1171 1737 possessionem

422 1734 536 1788 adepti.
578 1733 706 1767 Nostrae
746 1732 952 1766 nihilominus
987 1732 1172 1766 intentionis

422 1784 536 1823 existit
558 1782 641 1838 quod
669 1781 809 1817 Romana
838 1781 990 1821 Ecclesia,
1009 1782 1173 1816 occasione

423 1834 638 1869 concessionis
661 1831 854 1870 liniusniodi,
871 1831 906 1865 ad
924 1831 1172 1878 impendendum

425 1882 479 1917 tibi
513 1883 557 1918 vel
585 1882 704 1917 eisdem
729 1881 916 1916 haeredibus
938 1889 988 1915 aut
1007 1894 1174 1916 successo-

426 1932 510 1967 ribus
536 1932 661 1980 aliquod
700 1931 878 1966 subsidium
909 1932 938 1965 in
967 1932 1175 1978 acquisitione

425 1997 480 2019 seu
500 1984 675 2019 retentione
697 1983 771 2017 dicti
797 1982 991 2030 principatus
1013 1994 1051 2016 ex
1068 1982 1174 2017 debito

426 2035 604 2070 nullatenus
634 2033 833 2090 astringatur.

474 2086 548 2132 §5
577 2084 616 2119 Et
646 2084 715 2131 quia
751 2085 780 2118 in
816 2082 1006 2130 quibusdam
1037 2083 1176 2118 articulis

426 2134 615 2190 supradictis
652 2134 832 2180 expressius
860 2133 1050 2171 continetur
1089 2133 1174 2179 quod

428 2198 457 2219 in
497 2185 591 2220 certis
631 2183 757 2219 casibus
797 2191 828 2217 ιιι
866 2192 895 2217 ct
924 2184 967 2217 tui
999 2183 1028 2216 in
1065 2183 1174 2217 eodem

429 2235 604 2282 principatu
648 2234 798 2269 haeredes
826 2242 855 2267 et
890 2245 1090 2267 successores
1117 2245 1178 2266 ex—

429 2293 722 2320 communicationis
770 2291 957 2318 sententiani
998 2291 1178 2325 incurratis,

429 2343 457 2369 et
480 2335 581 2370 dictus
598 2335 791 2383 principatus
814 2334 854 2368 sit
872 2332 1086 2368 ecclesiastico
1100 2346 1179 2379 snp—

431 2386 551 2433 positus
568 2384 747 2429 interdicto,
771 2384 920 2432 quodque
943 2392 1004 2418 tam
1021 2391 1066 2426 tu,
1085 2396 1177 2430 quani

431 2435 581 2471 liaeredes
620 2443 647 2471 et
686 2447 885 2470 successores
927 2434 984 2481 ipsi
1020 2433 1137 2468 cadatis
1164 2447 1179 2468 a

432 2486 617 2532 principatu,
646 2498 699 2520 seu
724 2485 793 2520 sitis
817 2485 886 2531 ipso
916 2484 1089 2531 principatu
1116 2484 1178 2529 pri-

434 2536 508 2573 vati;
533 2548 589 2570 nos
616 2549 651 2569 ex
676 2548 759 2569 nunc
783 2534 963 2569 liuinsniodi
998 2533 1182 2572 sententias,

434 2584 574 2620 videlicet
598 2585 933 2620 excommunicationis
962 2585 991 2618 in
1019 2591 1048 2618 te
1064 2596 1099 2618 ac
1118 2596 1184 2617 cos-

432 2634 502 2668 dem
527 2634 678 2669 haeredes
699 2642 727 2669 et
746 2646 957 2675 successores,
976 2633 1130 2668 interdicti
1154 2633 1182 2667 iii

1020 241 1204 264 animantum
1234 240 1393 263 ROMAM‘M

1210 296 1358 330 euintlem
1376 295 1598 342 principatum
1607 303 1637 329 et
1649 296 1832 341 privationis
1848 296 1960 342 princi-

1211 353 1300 390 patus
1311 344 1466 383 eiusdem,
1477 357 1501 377 si
1515 351 1565 378 tua
1580 343 1645 378 vel
1640 356 1779 390 ipsorum
1800 345 1890 392 culpa
1905 345 1959 379 liu-

1212 393 1347 428 iiisiiiodi
1371 406 1462 428 casus
1479 393 1654 436 emerserit,
1676 393 1714 428 de
1730 393 1884 428 dictorum
1898 394 1959 429 sra-

1212 452 1291 477 ii·uin
1315 442 1460 482 consilio,
1480 443 1666 477 auctoritate
1694 443 1863 490 apostolica
1888 456 1961 490 pro-

1212 493 1401 538 mulgamus.
1426 492 1539 527 Forma
1563 504 1635 526 vero
1659 492 1883 538 recognitionis
1911 492 1961 527 lio-

1212 542 1302 587 inagii
1340 541 1424 588 ligii,
1461 541 1634 588 vassallagii
1669 550 1699 576 et
1729 542 1895 577 iuramenti
1924 542 1960 575 ll-

1210 591 1356 631 ilelitaiis,
1392 603 1473 638 quae
1497 590 1645 637 praestari
1673 599 1702 625 et
1730 591 1794 626 fieri
1819 591 1962 626 volumus

1210 654 1224 674 ιι
1250 650 1278 674 te
1319 649 1349 675 et
1373 640 1561 676 haeredibus
1578 650 1608 675 et
1638 640 1879 675 successoribus
1902 641 1963 675 tuis

1212 691 1240 724 in
1265 689 1375 725 eodeni
1405 690 1580 737 principatu
1610 691 1692 724 iuxta
1721 698 1876 731 tenorem,
1905 690 1965 725 foi-

1213 752 1292 774 iiiam
1333 748 1363 774 et
1392 739 1605 774 conditionem
1635 739 1808 786 praesentis
1834 752 1963 775 conces-

1210 789 1320 833 sionis,
1350 802 1400 824 ier
1404 789 1452 823 bis
1467 797 1685 836 competenter
1705 789 1876 830 mutandis,
1894 789 1963 823 talis

1211 847 1269 873 cst.

1260 889 1327 933 56.
1346 888 1411 933 Ego
1426 887 1608 923 Ludovicus
1625 887 1663 923 de
1685 887 1855 935 Hispania,
1875 888 1962 935 prin-

1211 951 1287 984 ceps
1310 937 1491 981 Fortuniae,
1527 938 1622 972 fateor
1634 946 1663 972 et
1687 950 1878 984 recognosco
1914 951 1963 973 me

1213 988 1425 1034 infrascriptas
1465 987 1595 1031 insutas,
1624 987 1766 1022 videlicet
1785 987 1963 1027 Canariam,

1212 1036 1397 1082 Nigrariain,
1425 1037 1626 1076 Pluviaiiani,
1653 1036 1846 1083 Caprariam,
1866 1036 1963 1071 luno-

1213 1086 1307 1130 niam,
1328 1086 1550 1127 Embroiieam,
1571 1086 1774 1123 Atlilantiam.
1810 1085 1964 1133 Hesperi-

1212 1137 1302 1180 dum,
1324 1136 1477 1179 Cernent,
1498 1135 1713 1182 Gorgonidem
1750 1143 1779 1169 ct
1807 1135 1963 1179 Galetam,

1212 1199 1283 1220 cum
1307 1185 1455 1220 omnibns
1491 1185 1614 1220 iuribus
1654 1194 1684 1220 et
1712 1185 1920 1232 pertinentiis,
1948 1200 1963 1219 a

1214 1235 1301 1270 vobis
1323 1236 1454 1270 domii-io
1477 1248 1548 1270 meo
1574 1235 1703 1270 domino
1725 1234 1890 1270 Clemente
1913 1234 1964 1268 di-

1214 1286 1280 1319 vina
1311 1285 1504 1331 providentia
1524 1284 1606 1331 Papa
1629 1284 1682 1329 Vl,
1711 1285 1839 1319 nornine
1862 1291 1963 1319 vestro

1213 1344 1241 1368 et
1281 1347 1501 1370 successorum
1546 1342 1718 1369 vestroruin
1747 1334 1961 1369 Romanorum

1214 1384 1404 1418 Pontificum
1441 1384 1592 1419 canonice
1627 1384 1823 1425 intrantium,
1845 1392 1874 1418 et
1902 1383 1963 1418 Ro-

1215 1447 1324 1468 manae
1347 1434 1505 1469 Ecclesiae
1532 1433 1621 1478 inilii,
1650 1433 1790 1480 meisque
1814 1433 1963 1468 baeredi-

1215 1482 1273 1517 bus
1296 1491 1326 1518 et
1347 1482 1585 1518 successoribus
1607 1482 1772 1518 catliolicis
1806 1491 1899 1529 atque
1923 1483 1964 1517 le-

1213 1533 1343 1577 gitimis,
1370 1540 1400 1567 et
1424 1533 1453 1567 in
1482 1531 1648 1567 devotione
1680 1533 1778 1579 ipsius
1801 1532 1964 1567 Romanae

1213 1559 1362 1617 Ecclesia?
1377 1580 1597 1621 existentibus
1617 1590 1677 1616 tam
1694 1581 1854 1623 masculis,
1869 1594 1963 1629 quam

1215 1631 1373 1673 foeminis,
1409 1632 1439 1665 in
1476 1631 1606 1665 feudum
1648 1639 1835 1678 perpetuum
1870 1631 1965 1666 fnisse

1215 1693 1394 1725 concessas,
1419 1693 1565 1727 ipsasque
1594 1693 1643 1714 me
1671 1681 1827 1727 recepisse
1853 1689 1884 1715 et
1912 1689 1965 1715 te—

1216 1743 1289 1765 nere
1312 1730 1371 1764 sub
1405 1742 1509 1765 annuo
1537 1743 1633 1765 censu
1659 1730 1964 1777 quadringentorum

1216 1781 1407 1815 llorenoriiin
1451 1780 1521 1814 boni
1545 1789 1573 1815 et
1598 1793 1668 1826 puri
1696 1793 1762 1815 auri
1786 1793 1822 1815 ac
1845 1780 1966 1827 ponde—

1216 1830 1258 1864 ris
1285 1839 1314 1864 et
1337 1830 1419 1864 conii
1454 1831 1610 1864 lloreiitini
1635 1829 1722 1865 vobis
1749 1830 1878 1864 domino
1896 1842 1966 1864 meo

1216 1879 1345 1915 domino
1367 1880 1522 1914 Clementi
1542 1880 1645 1926 Papae
1659 1879 1767 1919 Sexto,
1794 1879 1967 1926 vestrisque

1217 1930 1456 1965 successoribus
1477 1942 1514 1964 ac
1541 1929 1702 1963 Romanae
1729 1929 1890 1965 Ecclesiae
1911 1942 1969 1964 an-

1218 1982 1266 2015 nis
1293 1980 1427 2027 singulis
1454 1981 1484 2014 in
1509 1980 1586 2015 sesto
1610 1979 1772 2014 beatorum
1800 1979 1969 2026 apostolo-

1218 2044 1286 2066 rum
1310 2031 1393 2066 Petri
1417 2039 1447 2066 et
1469 2029 1558 2064 Pauli
1583 2029 1800 2077 persolvendo.
1820 2029 1882 2064 Pro
1904 2029 1971 2077 qui-

1219 2081 1277 2116 bus
1300 2081 1411 2115 insulis
1437 2080 1554 2115 faciens
1592 2079 1716 2126 plenum
1752 2079 1970 2126 vassallagium

1219 2131 1320 2175 vobis,
1353 2132 1530 2177 vestrisque¹
1558 2129 1796 2164 successoribus
1818 2129 1974 2164 canonice

1221 2180 1429 2225 intrantibus,
1478 2193 1513 2214 ac
1550 2187 1766 2214 sacrosanctae
1811 2179 1974 2214 Romanae

1220 2230 1378 2266 Ecclesiae
1399 2230 1586 2277 praedictae,
1610 2229 1648 2264 ab
1662 2228 1719 2263 hac
1736 2229 1809 2264 liora
1832 2229 1861 2263 in
1883 2236 1972 2264 antea

1222 2281 1322 2315 liilelis
1356 2290 1385 2316 et
1412 2279 1565 2315 obediens
1602 2292 1655 2314 ero
1684 2278 1775 2313 beato
1814 2278 1919 2317 Petro.
1945 2288 1973 2314 et

1223 2330 1310 2365 vobis
1327 2331 1457 2366 domino
1481 2343 1551 2365 meo
1575 2329 1704 2364 domino
1734 2329 1889 2363 Clementi
1919 2329 1977 2363 Pa-

1225 2393 1280 2428 pae
1302 2381 1408 2421 Sexto,
1424 2381 1598 2427 vestrisque
1621 2378 1862 2415 successoribus
1877 2391 1974 2414 cano-

1224 2432 1292 2465 nici·
1328 2431 1517 2466 intrantibus
1543 2444 1579 2466 ac
1612 2438 1830 2465 sacrosanctae
1860 2429 1978 2464 Roma-

1226 2494 1281 2515 nae
1304 2481 1474 2516 Ecclesiae.
1494 2480 1563 2516 Non
1587 2493 1641 2515 ero
1664 2481 1694 2514 in
1718 2479 1861 2523 consilio,
1888 2479 1979 2514 auxi-

1226 2532 1265 2564 lio
1300 2540 1353 2566 ant
1389 2543 1544 2566 consensu
1593 2530 1636 2565 vel
1678 2531 1771 2572 sacto,
1810 2537 1840 2562 iit
1884 2529 1977 2563 vitam

1227 2581 1364 2627 perdatis
1410 2590 1463 2615 aut
1499 2580 1689 2621 membrum,
1728 2579 1772 2614 vcl
1807 2579 1974 2625 capiamini

1228 2631 1304 2665 mala
1344 2631 1502 2678 captione.
1542 2629 1734 2671 Consilium,
1772 2629 1856 2676 quod
1901 2628 1977 2664 milii

1975 240 2022 266 An.
2042 238 2071 265 C.
2091 240 2154 265 lffltlt

1986 901 2117 927 Praeseiipta
2128 899 2164 920 Lii-

1979 932 2052 951 rinvien
2090 937 2162 951 saci-i-

1979 964 2042 983 menti
2067 962 2155 983 toi-inrita
