2274 3265
110 266 158 290 Αιι.
177 264 203 288 C.
226 264 290 291 ¹336

126 574 152 593 tlt·
187 573 273 593 monn-'b

113 643 126 657 ιι
138 637 287 656 munimen-ti«,

908 259 1101 282 nam-:merus
1131 258 1175 280 xtt
1202 258 1246 280 ΡΡ.

306 318 480 366 expediens
502 317 608 361 fuerit,
631 316 738 352 eadem
767 315 948 350 auctoritate
975 326 1050 361 apo-

307 369 413 403 stolica
441 368 645 402 collocentur.

671 437 798 473 XXXV.

357 513 533 549 Statuimus
572 513 700 560 insuper
742 521 771 547 et
799 511 994 555 ordinamus,
1023 520 1055 546 ut

563 440 643 474 Car.

278 582 294 593 ts
309 564 333 598 si
369 563 502 598 alicuius
530 563 708 597 monasterii
744 575 797 597 seu
828 562 884 596 loci
913 561 1054 596 eiusdem

111 607 135 625 ad
168 609 296 624 muna-teum

310 613 428 648 ordinis
447 626 502 648 seu
533 612 694 658 religionis
717 612 900 660 repentinus
921 621 972 646 aut
998 624 1055 646 no-

311 677 367 697 vus
390 664 421 697 in
443 662 642 698 facultatibus
669 663 735 697 suis
767 662 885 710 lapsus,
913 662 958 697 vel
993 661 1055 695 ali-

308 725 444 760 quorum
465 713 563 761 ipsius
586 724 789 747 monacorum
812 724 971 757 excessus,
989 723 1057 746 mo-

310 775 404 797 nacos
417 763 462 798 sic
475 761 663 797 excedentes
676 771 728 796 aut
742 762 820 797 alios
832 761 869 798 ad
894 770 1057 796 monaste—

311 813 354 847 ria
371 813 451 847 mitti
464 812 601 858 exegerit
616 811 728 852 aliena,
746 811 958 859 praesidentes
974 823 1058 858 prae

311 862 361 895 sati
386 870 546 896 eteorum
581 860 726 908 quitibet,
753 861 790 895 ad
819 861 1058 909 requisitionem

309 923 365 945 seu
384 910 605 946 revelationem
625 910 835 966 praefatorum
853 911 1058 952 visitatorum,

312 960 363 994 ubi
398 960 578 1008 provinciali
610 959 748 1007 capitulo
780 960 866 1007 ptius
894 960 1060 1000 videbitur

310 1019 337 1043 ει
366 1009 474 1044 dilatio
507 1009 693 1044 consulendi
729 1010 900 1056 praefatum
935 1010 1061 1057 capitu-

311 1060 374 1094 lum
399 1059 571 1106 periculum
600 1072 661 1093 non
686 1059 831 1099 inducet;
858 1059 994 1106 alioquin
1018 1072 1061 1093 st-

282 1150 285 1155 ·
313 1122 349 1143 ne
376 1108 605 1144 consultatione
627 1108 702 1143 dicti
725 1108 851 1155 capituli
879 1108 1060 1143 huiusmodi

136 2552 162 2573 Ex
196 2553 303 2574 ordinibus

131 2586 198 2606 nendi
201 2590 255 2606 canti
252 2586 296 2605 bu
334 2601 338 2606 .

123 2624 165 2638 non
188 2623 222 2638 rec
226 2618 303 2653 {piendi

123 2650 153 2669 h·-
156 2653 205 2672 tres.
222 2652 254 2670 nis
257 2649 305 2669 tli-

312 1171 528 1203 monacorum,
556 1159 740 1193 auctoritate
764 1158 932 1204 praedicta,
945 1158 1061 1192 faciant

311 1208 348 1242 ad
373 1217 509 1255 tempus,
531 1208 569 1242 de
591 1220 654 1255 quo
676 1207 721 1241 eis
744 1207 908 1246 videbitur,
937 1207 1062 1241 missio-

313 1271 382 1293 nem
410 1258 448 1292 ad
481 1258 691 1304 receptionem
729 1257 880 1303 ipsorum.
921 1256 1062 1291 Abbates

312 1317 340 1341 et
362 1307 440 1342 alios
463 1307 616 1355 praelatos
640 1306 829 1353 principales
851 1306 949 1352 ipsius
976 1305 1061 1340 ordi-

313 1357 361 1391 nis
388 1369 441 1392 seu
467 1356 636 1402 religioniS,
655 1355 708 1403 qui
734 1368 788 1390 eos
810 1355 900 1390 aliter
922 1355 1062 1402 recipere

313 1407 390 1441 sorte
420 1406 590 1449 noluerint,
612 1405 854 1452 compellentes:
887 1405 945 1439 nisi
969 1404 1062 1439 suerit

313 1456 381 1491 talis
404 1455 585 1490 buiusmodi
609 1455 778 1490 missorum
802 1454 955 1498 conditio,
977 1455 1061 1502 quod

312 1506 380 1540 sine
415 1507 498 1552 gravi
533 1504 680 1540 scandalo
709 1505 738 1538 in
768 1505 967 1540 monasteriis
1007 1517 1061 1539 seu

314 1556 389 1590 locis
410 1555 493 1597 aliis,
512 1555 549 1589 ad
577 1566 658 1602 quae
681 1554 768 1589 missi
793 1554 919 1595 fuerint,
942 1554 1061 1589 admitti

314 1606 358 1639 wt
393 1605 515 1640 tolerari
541 1617 602 1639 non
627 1604 763 1651 possint;
788 1604 833 1639 vel
857 1604 915 1639 nisi
939 1604 1013 1639 alias
1035 1617 1064 1638 e-

314 1655 422 1690 videns
449 1663 479 1690 et
502 1654 769 1690 incalumniabilis
797 1654 874 1689 ratio
901 1655 986 1702 ipsos
1013 1654 1065 1688 ab·

313 1705 399 1740 bates
434 1705 480 1740 vel
511 1704 664 1753 praelatos
691 1703 728 1738 ad
757 1705 968 1752 receptionem
1012 1713 1063 1738 ta—

313 1756 389 1790 lium
414 1755 550 1791 suaserit
572 1767 633 1789 non
657 1754 789 1789 existere
814 1754 1062 1802 compellendos.

312 1805 383 1847 Quo
411 1818 483 1840 casu
520 1804 558 1839 ad
592 1804 650 1839 alia
686 1805 876 1840 monasteria
917 1803 963 1838 vel
998 1803 1063 1839 loca

314 1855 407 1889 modo
429 1854 523 1889 simili
547 1854 810 1896 transmittantur,
833 1854 986 1889 contraria
1015 1867 1065 1888 su—

316 1917 369 1950 per
411 1904 459 1938 bis
495 1902 725 1938 consuetudine
753 1915 814 1938 non
853 1903 1008 1943 obstante,
1035 1912 1064 1938 et

316 1962 462 1988 manente
501 1952 708 1987 nibilominus
741 1951 790 1986 illa
822 1952 1064 1994 consuetudine

315 2015 407 2049 quam
428 2015 524 2050 super
541 2002 636 2037 libera
661 2002 809 2036 missione
832 2011 862 2037 et
885 2003 1065 2049 receptione

317 2065 518 2086 monacorum
547 2051 751 2090 huiusmodi,
787 2051 844 2086 alia
878 2052 1064 2087 monasteria

316 2103 382 2136 sive
402 2102 468 2136 loca
485 2102 565 2137 inter
590 2114 623 2136 se
650 2101 803 2135 hactenus
834 2101 982 2136 babuisse
1011 2113 1065 2135 no-

317 2160 459 2196 scantur,
482 2160 535 2186 aut
556 2150 716 2186 Ecclesias
731 2151 937 2192 cathedrales,
961 2164 1065 2186 mona-

318 2201 401 2235 catos
423 2209 576 2248 quantum
598 2201 636 2236 ad
657 2200 837 2235 missionem
860 2209 888 2235 et
912 2201 1066 2248 receptio-

319 2264 389 2285 nem
420 2263 622 2286 monacorum
656 2263 779 2293 eorum,
806 2251 867 2285 sub
895 2259 1009 2285 statuto
1037 2259 1066 2286 et

318 2301 513 2335 ordinatione
537 2300 752 2348 praesentibus
776 2300 913 2335 inclusas
937 2300 1000 2335 sore
1023 2301 1066 2335 in—

319 2350 488 2397 telligimus
509 2359 539 2385 et
563 2350 719 2385 iubemus.

564 2427 642 2462 Ciu».
670 2426 818 2461 xxxvl.

368 2498 558 2547 Ptennnque
591 2499 746 2547 siquidem
772 2499 946 2544 contingit
981 2498 1066 2546 qnod

321 2550 462 2584 nonnulli
478 2550 679 2605 professores
705 2549 852 2584 ordinum
876 2527 1064 2583 tilendican-

321 2611 395 2634 tium
424 2600 606 2644 extiterint
628 2599 667 2634 de
702 2611 833 2634 suorum
868 2599 1065 2646 superiorum

320 2650 372 2697 qui
389 2658 463 2684 tnnc
479 2657 565 2684 erant
582 2649 628 2684 vel
645 2648 815 2696 apostolica
833 2648 955 2683 licentia
973 2660 1066 2695 qnam

400 2706 718 2737 Balt.tt0m.t0l.1t.
912 2706 950 2736 49

1723 247 1792 279 5855

1090 327 1122 348 se
1151 313 1264 347 babere
1301 313 1534 360 praetendunt,
1562 326 1595 347 se
1626 312 1663 347 ad
1697 312 1841 347 ordinem

1091 375 1147 398 seu
1177 362 1360 409 religionem
1390 362 1570 397 huiusmodi
1601 362 1841 405 transtulerint,

1092 413 1145 460 qui
1182 421 1326 447 asserunt
1354 413 1438 459 qnod
1462 426 1498 447 ex
1526 413 1763 459 dispensatione
1793 412 1841 446 di-

1094 472 1161 498 ctae
1189 463 1281 498 Sedis
1309 463 1430 510 possint
1456 476 1561 497 vocem
1590 471 1642 497 aut
1679 463 1783 497 locum
1813 462 1842 496 in

1095 513 1233 561 capitulo
1256 513 1382 556 babere,
1401 525 1436 546 ac
1452 513 1617 559 prioratus,
1640 512 1845 546 administra-

1096 563 1197 597 tiones
1212 576 1266 597 seu
1283 561 1381 597 officia
1406 562 1576 596 monacalia
1593 562 1675 596 licite
1692 561 1843 595 obtinere.

1096 613 1161 648 Nos
1184 613 1276 659 igitur
1300 611 1462 658 providere
1485 612 1634 654 volentes,
1658 611 1741 658 quod
1762 611 1845 645 unde

1098 663 1235 698 veritatis
1274 662 1397 697 claritas
1442 670 1544 708 pateat
1577 661 1605 694 in
1642 661 1820 708 praemissis
1838 689 1846 703 ,

1098 713 1252 748 unixersis
1269 721 1299 747 et
1322 712 1393 758 sing
1385 712 1457 746 ulis
1479 710 1673 746 antistitibus
1694 710 1846 745 dictarum

1100 763 1327 807 EcclesiaiQum
1349 773 1473 796 necnon
1497 760 1664 796 abbatibus
1686 768 1716 794 et
1735 760 1848 807 priori-

1101 813 1170 853 bus
1189 812 1321 859 aliisque
1344 811 1411 846 loca
1433 809 1675 846 conventualia
1670 809 1768 857 ipsius
1790 822 1848 844 or-

1100 863 1182 897 dinis
1205 862 1249 896 vel
1274 862 1434 908 religionis
1455 859 1684 903 obtinentibus,
1700 872 1715 893 a
1733 859 1849 907 quibus

1102 911 1250 959 praedicti
1274 912 1413 946 translati
1437 922 1505 945 esse
1535 918 1707 944 noscuntur
1723 938 1730 950 ‚
1759 920 1849 943 man-

1101 962 1213 996 damus
1230 969 1262 996 ut
1282 961 1467 995 anctoritate
1483 960 1653 1007 apostolica
1670 959 1748 993 tales
1761 970 1849 993 com-

1103 1011 1269 1058 pellantur,
1292 1011 1375 1058 quod
1404 1010 1561 1045 licentiam
1585 1016 1615 1043 et
1637 1008 1850 1056 dispensatio-

1102 1073 1172 1095 nem
1197 1060 1378 1095 buiusmodi
1395 1059 1563 1106 legitimas,
1582 1059 1606 1092 si
1624 1070 1701 1105 quas
1721 1058 1849 1098 habent,

1103 1123 1225 1145 necnon
1260 1109 1385 1144 titulum
1411 1110 1627 1156 ptioratuum,
1649 1107 1850 1141 administra-

1103 1160 1224 1194 tionum
1251 1172 1306 1194 seu
1330 1159 1520 1200 of,liciorum
1548 1172 1573 1193 st
1603 1170 1664 1205 qua
1686 1157 1849 1201 obtinent,

1102 1209 1231 1244 omnino
1258 1208 1407 1243 exbibete
1435 1217 1603 1255 procuient
1626 1206 1704 1240 intra
1729 1185 1849 1241 cei-tuni

1103 1267 1240 1306 tempus,
1263 1258 1439 1293 antistitum
1463 1258 1508 1292 vel
1528 1256 1689 1296 abbatum
1707 1256 1851 1290 aliorum-

1103 1321 1164 1355 que
1204 1308 1435 1355 praedictorum
1473 1307 1600 1341 arbitrio
1629 1305 1853 1340 rationabilitei

1105 1357 1347 1392 moder.andum
1375 1356 1468 1399 Quod
1505 1357 1529 1390 si
1561 1368 1622 1390 non
1647 1355 1779 1389 iecerint
1807 1356 1853 1388 iel

1103 1407 1317 1441 sufficientem
1351 1406 1507 1441 licentiam
1539 1414 1568 1440 et
1600 1404 1854 1459 dispensationes

1106 1458 1260 1505 praefatas
1290 1468 1352 1491 non
1381 1455 1559 1495 habuerint,
1595 1455 1743 1502 praedicti
1771 1454 1854 1488 anti—

1104 1508 1203 1545 stites,
1231 1506 1359 1541 abbates
1378 1515 1407 1540 et
1432 1505 1483 1539 alii
1504 1518 1565 1539 non
1589 1503 1764 1539 differant
1758 1517 1854 1551 ipsos⁷

1106 1565 1199 1604 prout
1221 1557 1338 1591 iustum
1362 1554 1466 1594 fuerit
1494 1555 1532 1589 ab
1560 1555 1720 1593 Ecclesiis
1745 1566 1855 1588 mona-

1104 1607 1220 1646 steriis,
1238 1606 1443 1653 prioratibus,
1456 1604 1786 1639 administrationibus
1801 1616 1854 1638 seu

1105 1656 1218 1691 ofliciis
1243 1655 1424 1690 huiusmodi
1442 1667 1600 1698 amovere,
1616 1666 1734 1701 eosque
1750 1667 1764 1688 a
1780 1666 1855 1688 voce

1105 1715 1134 1741 et
1157 1706 1225 1741 loco
1252 1705 1379 1753 capituli
1403 1704 1566 1752 repellere,
1594 1704 1734 1751 aliasque
1749 1703 1855 1737 debite

1106 1756 1275 1804 procedere
1304 1763 1410 1790 contra
1434 1767 1498 1789 eos.

1351 1831 1433 1866 CAP.
1450 1830 1608 1866 XXXVII.

1156 1904 1255 1939 Porro
1290 1904 1364 1951 quia
1401 1903 1543 1938 nonnulli
1587 1902 1707 1937 monaci
1748 1911 1856 1937 contra

1108 1954 1261 2001 praelatos
1293 1953 1341 1988 vel
1364 1953 1542 1999 superiores
1570 1965 1644 1987 suos
1672 1952 1770 1987 multa
1794 1951 1856 1986 fre-

1106 2014 1239 2051 quenter
1262 2011 1467 2058 proponunt,
1491 2015 1551 2037 non
1575 2011 1608 2036 ut
1636 2002 1740 2036 omnia
1776 2014 1856 2049 pro-

1107 2053 1192 2093 bent,
1218 2065 1290 2100 quta
1314 2065 1371 2087 nec
1395 2061 1535 2100 possent,
1558 2052 1611 2086 sed
1637 2061 1668 2086 ιιι
1695 2051 1856 2086 diffament

1106 2108 1144 2142 de
1166 2107 1340 2147 omnibus,
1363 2115 1392 2141 et
1416 2106 1556 2154 piobatis
1584 2105 1686 2140 foisan
1731 2105 1855 2140 illoinm

1107 2161 1277 2209 aliquibus,
1304 2162 1397 2196 finem
1421 2168 1655 2207 consequantur
1689 2167 1856 2206 optatum3

1107 2217 1275 2251 statuimus
1315 2223 1344 2249 et
1383 2216 1476 2250 etiam
1518 2214 1701 2248 ordinamus
1723 2241 1731 2253 ,
1772 2213 1855 2261 quod

1108 2272 1213 2306 nullus
1261 2271 1392 2304 omnino
1433 2281 1584 2303 monacus
1618 2276 1725 2303 contra
1763 2280 1855 2302 suum

1110 2325 1283 2372 praelatum
1309 2324 1354 2358 vel
1386 2323 1580 2370 superiorem
1605 2335 1700 2370 super
1721 2322 1856 2357 crimine

1110 2380 1153 2413 vel
1174 2378 1362 2413 criminibus
1383 2377 1535 2424 deinceps
1552 2376 1790 2423 quomodolibet
1804 2388 1857 2410 au-

1108 2434 1211 2468 diatur
1230 2433 1289 2468 nisi
1312 2445 1344 2467 se
1368 2433 1455 2479 prins
1469 2431 1655 2478 obligaverit
1670 2431 1706 2465 ad
1721 2443 1855 2478 poenam

1108 2500 1292 2534 congruam,
1318 2486 1341 2520 si
1361 2486 1513 2521 defecerit
1537 2487 1567 2520 in
1585 2486 1767 2533 probatione
1782 2498 1857 2533 pro-

1111 2544 1282 2588 positorum
1312 2541 1359 2575 vot
1387 2541 1522 2576 alicuius
1544 2553 1580 2575 ex
1610 2541 1655 2575 eis
1683 2540 1858 2574 irremissi-

1109 2597 1213 2632 biliter
1236 2596 1445 2632 subeundam.
1467 2595 1617 2631 Volumus
1640 2605 1755 2637 tamen,
1773 2595 1856 2642 quod

1111 2652 1266 2699 praelatus
1294 2651 1338 2685 vel
1362 2651 1462 2692 alius,
1489 2650 1514 2686 si
1537 2650 1575 2684 de
1603 2649 1790 2684 criminibus
1811 2648 1859 2684 le-

1857 257 1906 282 Αιι.
1925 257 1951 282 (2,
1973 257 2038 282 ¹336

1857 319 1954 341 centiam,
1973 318 2003 337 vel
2016 326 2039 336 „A

1857 354 1902 378 ρυΒΙ
1929 351 2026 376 dispensa

1858 385 1935 402 ttonnm
1967 385 2040 400 ι’,ιειν

1858 415 1913 434 dunt

1869 1915 1949 1942 Quibus
1957 1914 1994 1936 sub
2003 1920 2053 1935 confi

1870 1946 1985 1968 ditionibus
2015 1951 2054 1966 an-

1870 1980 1957 2000 dieu-tus
1980 1984 2054 1999 meua-

1871 2010 1923 2031 chus
1955 2010 2053 2036 superio-

1870 2045 1914 2061 rem
1925 2046 1975 2061 suun
1978 2047 2014 2060 ta
2006 2046 2056 2060 e—cu

1871 2077 1918 2092 5225
