2274 3265
110 257 158 283 Αη,
178 256 204 282 (ς,
226 257 292 284 ινῃ-Ι·
898 254 1088 278 novemus
1112 256 1167 277 riti
1194 256 1240 278 rr.
1737 248 1800 279 ΜΤ
1869 257 1917 282 An.
1937 256 1963 282 r..
1985 257 2050 282 1-207

1098 311 1214 356 (lignus
1235 319 1266 344 et
1289 310 1447 345 sufficiens
1471 311 1575 355 tieret,
1604 311 1737 346 idoneus
1761 313 1851 347 liabe-

1100 368 1192 420 tetur.

1150 408 1222 453 §.4
1246 407 1390 455 Cumqut¹
1422 422 1476 455 per
1506 410 1697 445 incrementa
1726 420 1852 459 ternpo-
1881 420 1916 440 υ·
1906 426 2000 441 morum
2019 420 2052 441 ο*-

1099 430 1167 492 ruri]
1193 457 1275 491 idem
1308 470 1359 492 rtx
1386 459 1496 492 astatis
1529 470 1644 493 annum
1682 469 1850 514 quartum·
1867 451 2050 507 imii'igfffs'st„

307 312 502 359 conspicuus
539 312 637 346 extitit
667 311 842 354 honestate,
882 310 1057 344 ίηΙιοηι5ῑί5

307 369 337 396 et
361 361 507 408 turpibus
533 373 548 394 a
572 373 607 394 se
635 360 762 407 penitus
790 359 944 414 relegatis,
975 358 1054 393 Nam

306 411 352 445 sic
376 410 545 458 pudicitiae
564 409 704 444 adhaesit
733 408 895 456 operibus,
918 409 962 443 sic
987 420 1056 442 car-

307 461 356 494 nis
377 459 498 494 studuit
526 459 642 493 evitare
668 457 822 503 contagia,
846 457 930 504 quod
966 457 1057 500 (sicut

115 1625 203 1645 Ameria
213 1621 283 1642 heum.

116 2298 132 2318 A
149 2297 225 2318 Btanea
243 2305 287 2319 ma-

104 2332 136 2349 tre
173 2330 287 2355 prudentor

103 2361 203 2380 educatus
214 2376 217 2378 .

306 509 399 544 habet
422 518 502 544 certa
539 507 706 542 credulitas
740 507 958 554 plurimorum)
996 507 1054 541 nisi

306 559 333 592 ei
363 571 466 594 nexus
492 557 675 592 accessisset
699 556 820 599 uxoris,
841 555 976 590 candore
999 556 1057 589 vir-

306 609 401 654 gineo
423 607 592 641 rutilasset.
614 605 726 651 Longo
747 606 864 653 quippe
906 605 1057 652 temporis

306 657 406 712 spatio
435 655 584 704 praedicti
610 655 694 700 regni
737 655 880 701 regimini
911 654 1055 702 praefuit

305 708 438 753 eiusque
459 704 674 751 gubernacula
707 704 796 748 plena
820 717 905 739 curis
929 704 1055 758 provida

305 755 592 802 circumspectione
623 753 749 786 dirixit.
790 753 875 788 Nulli
915 766 1027 788 noxius
1048 781 1055 791 ,

306 817 367 840 non
392 804 564 839 iniuriosus
590 803 695 846 alicui,
733 803 850 837 nemini
888 804 1055 840 violentus.

305 854 440 889 ius·iiiae
473 853 588 888 limites
622 864 824 900 summopere
858 853 991 887 servavit
1026 861 1055 887 tl

303 904 412 943 coluit,
427 902 591 950 aequitatis
605 902 760 936 tramitem
779 914 840 937 non
859 903 1054 950 relinquens,

304 964 521 1000 perversorum
550 960 683 986 conatus
707 951 840 987 nefarios
869 964 987 1000 poenae
1004 953 1057 987 de-

303 1003 384 1041 bitae
432 1013 585 1036 mucrone
640 1002 857 1048 compescuit,
900 1001 1053 1036 malorum

303 1051 464 1087 molimina
513 1058 692 1091 conterens,
726 1063 890 1098 pravorum
930 1052 1055 1086 illicitos

302 1113 398 1136 ausus
432 1100 589 1144 fraenans,
619 1101 706 1147 pacis
739 1100 855 1135 zelator
889 1101 1054 1140 eximius,

302 1149 441 1185 fervidus
487 1157 607 1183 amator
648 1149 848 1186 concordiae,
894 1159 1056 1196 promotor

301 1200 405 1235 extitit
428 1197 572 1234 solicitus
595 1198 732 1241 unitatis,
765 1198 892 1232 dissidia
918 1198 1054 1245 fugiens,

302 1250 401 1283 vitans
428 1248 586 1289 scandala,
617 1247 831 1282 dissensiones
868 1247 1054 1286 abhorrens,

302 1306 431 1345 propter
457 1297 543 1344 quod
567 1298 614 1331 sui
642 1296 743 1331 felicis
774 1297 936 1343 regiminis
971 1305 1053 1331 teni-

301 1359 388 1395 pore,
411 1347 528 1381 sedatis
551 1346 691 1394 undique
707 1346 869 1390 fluctibus,
886 1347 1054 1382 subductis

300 1398 414 1441 noxiis,
443 1396 625 1431 turbinibus
648 1397 832 1442 profugatis,
861 1396 947 1443 regni
975 1398 1056 1431 eius-

299 1447 371 1482 dem
400 1446 510 1482 incolis
548 1457 659 1481 aurora
679 1447 847 1481 dulcifluae
878 1448 1055 1494 tranquilli*

300 1498 370 1531 tatis
403 1496 516 1537 illuxit,
555 1497 700 1544 laetaque
740 1497 894 1531 serenitas
935 1497 1055 1532 votivae

301 1547 518 1594 prosperitatis
541 1546 656 1581 arrisit.

348 1596 421 1644 §2
446 1596 486 1631 Et
514 1604 544 1630 ut
569 1596 607 1631 de
638 1596 696 1631 rita
729 1596 827 1643 ipsius
862 1596 964 1643 aliqua
1006 1609 1055 1631 rc-

301 1648 449 1686 feramus,
473 1647 543 1681 licet
562 1646 610 1680 illa
634 1658 697 1692 quo
722 1646 829 1680 maiori
849 1646 1055 1692 dispositione

299 1696 481 1735 discutitur,
508 1697 653 1731 examine
688 1696 866 1742 indagatur,
906 1708 943 1730 eo
974 1697 1055 1730 refe-

300 1746 398 1780 rentis
419 1745 526 1780 afferat
548 1746 654 1792 gustui
681 1746 751 1792 plns
773 1746 923 1785 dulcoris,
965 1759 1055 1780 nien-

301 1803 412 1842 [esque
434 1796 568 1830 delectet
591 1795 740 1831 obnixius
774 1795 979 1830 auditorum:
1016 1796 1054 1830 ab

300 1845 438 1880 ineuntis
476 1846 586 1880 aetatis
627 1844 807 1892 primordiis
844 1846 901 1880 Dei
937 1845 1052 1880 Filium

301 1903 405 1930 tenera
429 1897 543 1930 mentis
565 1894 730 1929 affectione
756 1895 876 1939 dilexit,
901 1907 957 1929 nec
983 1895 1054 1930 dili-

299 1957 372 1991 gere
394 1944 486 1978 desiit
531 1945 634 1978 studia
665 1944 880 1979 continuando
908 1945 1053 1983 salubria,

301 1994 374 2028 dum
404 1994 484 2029 vitae
507 1994 566 2028 sibi
588 1994 800 2029 commoditas
822 1994 909 2029 affuit
933 2003 1055 2041 tempo-

301 2044 384 2083 ralis,
407 2043 461 2078 sed
489 2051 607 2091 quanto
635 2043 743 2078 maiori
774 2043 904 2090 proserit
941 2052 1053 2087 aetate,

300 2106 335 2127 ac
357 2093 386 2127 in
412 2100 553 2141 tempora
581 2093 746 2140 prolixiora
789 2093 931 2140 prosiliit,
969 2101 1053 2128 tanto

301 2143 378 2177 Eius
403 2144 518 2177 exarsit
541 2155 658 2183 amore,
683 2142 802 2177 fervore
829 2143 959 2190 spiritus
987 2156 1056 2177 am-

301 2192 402 2238 pliori.

350 2242 370 2289 S
393 2246 424 2276 5.
448 2241 509 2276 Hic
537 2241 663 2288 quidem
693 2253 764 2275 cnm
788 2249 871 2276 esset
898 2254 1053 2276 annorum

303 2290 491 2334 duodecim,
537 2299 669 2338 paterno
710 2291 879 2325 destitutus
921 2291 1054 2335 auxilio,

302 2340 362 2375 sub
383 2340 457 2375 clar.
474 2352 569 2375 mem.
595 2340 729 2375 Blancae
755 2341 881 2386 reginae
904 2340 1055 2375 Franciae

304 2390 411 2424 matris
431 2402 505 2424 suae
529 2389 671 2424 custodia
696 2399 725 2424 et
747 2391 976 2436 gubernatione
1000 2402 1056 2425 re-

302 2439 433 2480 mansit,
468 2451 549 2487 quae
583 2439 664 2473 circa
691 2439 794 2473 divina
818 2439 968 2486 obsequia
994 2439 1056 2473 l'er-

304 2496 411 2523 venter
447 2489 576 2528 intenta,
613 2500 684 2523 eum
716 2488 887 2535 prudenter
921 2489 1055 2535 dirigere

303 2550 338 2572 ac
370 2537 536 2584 diligenter
569 2538 724 2572 instruere
739 2538 917 2584 satagebat,
954 2546 986 2572 ut
1017 2538 1054 2572 ad

305 2588 431 2634 praefati
455 2588 542 2634 regni
572 2587 730 2634 regimen,
754 2587 838 2634 quod
867 2599 943 2622 suae
971 2588 1056 2621 dire-

303 2637 415 2671 ctionis
438 2645 586 2684 expetere
602 2636 829 2684 providentiam
854 2636 1054 2672 noscebatur,

1098 506 1258 540 decimum
1287 507 1460 552 attigisset,
1495 507 1651 553 praedicta
1678 521 1781 564 regina
1808 510 1878 543 illi”

1099 556 1284 601 magistrum
1315 558 1477 602 proprium
1501 556 1679 602 (lt-putauit,
1702 559 1754 605 qui
1778 571 1849 593 eum

1098 605 1227 639 scientia
1244 605 1404 639 literarum
1429 605 1598 648 imbueret,
1622 618 1656 639 ac
1680 607 1768 641 bonis
1789 620 1852 641 mo-

1100 654 1188 689 ribus
1225 654 1420 693 informaret
1453 654 1581 708 ipseque
1612 667 1664 690 rex
1694 656 1753 690 sub
1771 658 1852 690 cius-

1098 703 1170 737 dem
1196 704 1333 749 magistri
1364 703 1458 738 ferula
1489 704 1624 749 positus,
1654 705 1698 738 sic
1726 706 1751 739 ei
1774 706 1851 740 obe-

1098 753 1187 788 diens
1209 761 1240 787 et
1262 765 1409 787 reverens
1436 752 1599 796 existebat
1633 754 1740 800 sicque
1770 755 1851 788 illius

1099 802 1269 850 recipiebat
1306 802 1470 837 liumiliter
1508 781 1730 849 disciplinam,
1767 805 1850 850 quod

1098 864 1231 898 superna
1256 860 1445 907 praeventus
1478 852 1594 898 gratia,
1631 852 1760 898 profecit
1785 855 1851 888 lau-

1097 901 1240 936 dabiliter
1269 902 1297 935 in
1321 901 1464 948 utrisque
1492 902 1572 935 circa
1597 901 1701 936 divina
1725 902 1769 937 sic
1796 904 1851 937 in—

1098 960 1203 986 tentus
1238 951 1356 990 officia,
1396 959 1428 985 ut
1465 962 1663 997 nequaquam
1707 953 1849 998 ipsorum

1097 1000 1258 1035 auditione
1280 1009 1448 1035 contentus
1462 1000 1623 1044 existeret,
1644 1001 1703 1035 nisi
1720 1014 1753 1035 ea
1770 1014 1851 1048 quae

1097 1062 1202 1085 coram
1231 1062 1265 1083 se
1301 1050 1352 1083 die
1387 1058 1544 1097 noctuque
1574 1062 1588 1083 a
1621 1050 1687 1084 suis
1720 1050 1851 1085 faciebat

1097 1100 1221 1134 clericis
1239 1098 1424 1133 solemniter
1445 1098 1608 1139 celebrari,
1631 1099 1669 1133 ab
1694 1100 1761 1146 ipso
1777 1111 1848 1134 cum

1097 1160 1205 1183 eorum
1228 1148 1332 1194 aliquo
1354 1149 1503 1182 attentius
1534 1148 1724 1183 dicerentur.

1146 1197 1212 1244 §5-
1235 1196 1370 1231 Demum
1386 1210 1534 1232 successu
1555 1199 1706 1244 temporis
1722 1199 1750 1231 iu
1767 1210 1850 1232 anno

1097 1295 1260 1342 gritudine
1282 1297 1526 1342 superveniente
1554 1304 1716 1342 gravatus,
1750 1309 1764 1330 a
1788 1296 1850 1330 Pa-

1099 1345 1203 1379 risien.
1228 1353 1257 1378 et
1279 1344 1415 1379 Melden.
1445 1345 1605 1392 episcopis
1628 1345 1850 1380 assistentibus

1099 1403 1175 1429 tunc
1197 1394 1314 1437 eidem,
1346 1395 1486 1430 vivificae
1514 1396 1615 1429 crucis
1650 1396 1850 1442 signaculum

1098 1446 1128 1480 in
1161 1444 1276 1480 Terrae
1308 1444 1443 1480 Sanctae
1476 1444 1653 1480 subsidium
1690 1445 1751 1479 sibi
1778 1457 1850 1480 cum

1099 1496 1193 1530 multa
1218 1496 1363 1530 instantia
1401 1494 1490 1542 petiit
1517 1495 1670 1530 exbiberi.
1708 1494 1747 1529 Et
1780 1495 1852 1529 licet.

1097 1546 1157 1580 hoc
1179 1545 1225 1585 ci,
1261 1545 1436 1580 rationabili
1471 1557 1564 1580 causa
1594 1545 1687 1589 moti,
1724 1544 1851 1591 praefati

1097 1595 1318 1630 dissuaderent
1340 1595 1493 1642 episcopi,
1530 1595 1596 1641 ipse
1617 1603 1719 1629 tamen
1746 1602 1852 1640 utpote

1099 1646 1221 1680 fervens
1260 1646 1373 1693 spiritu
1413 1656 1485 1690 erga
1525 1644 1716 1687 Dominum,
1758 1645 1853 1691 eique

1099 1696 1177 1730 votis
1198 1694 1382 1730 ardentibus
1407 1694 1549 1729 famulari
1585 1694 1778 1733 desiderans,
1815 1694 1852 1727 it-

1098 1745 1199 1780 lorum
1223 1745 1392 1779 salubriter
1418 1743 1671 1778 dissuasionibus
1701 1755 1762 1777 non
1795 1743 1852 1777 ad-

1098 1795 1214 1835 missis,
1236 1795 1364 1840 signum
1388 1793 1570 1828 huiusmodi
1595 1793 1633 1827 de
1651 1805 1744 1827 manu
1762 1804 1852 1839 prae-

1099 1845 1150 1879 fati
1177 1844 1331 1879 Parisien.
1360 1844 1498 1891 episcopi
1522 1855 1592 1877 cum
1618 1842 1712 1877 innlta
1737 1842 1851 1876 laetitia

1097 1902 1127 1928 et
1149 1894 1342 1929 exultatione
1364 1894 1514 1940 suscepit,
1547 1892 1704 1939 praelatis,
1731 1892 1852 1926 nobili-

1098 1943 1156 1978 bus
1178 1951 1210 1978 et
1232 1943 1383 1978 militibus
1410 1942 1555 1990 pluribus
1583 1942 1708 1988 signum
1744 1942 1849 1988 ipsum

1097 1993 1332 2028 assumentibus
1359 2005 1431 2027 cum
1455 1992 1578 2027 eodem.

1145 2043 1166 2091 S
1194 2046 1226 2077 6.
1249 2042 1290 2077 Et
1312 2042 1437 2077 tandem
1458 2041 1563 2088 amplo
1586 2048 1768 2087 praeparato
1797 2052 1850 2074 na-

1099 2096 1193 2142 vigio,
1218 2096 1371 2143 factisque
1394 2094 1594 2142 apparatibus
1617 2094 1695 2133 aliis,
1719 2105 1798 2140 quae
1820 2094 1848 2126 iu
1874 2115 1891 2129 Β,

1099 2150 1213 2185 talibus
1259 2151 1486 2197 requiruntur,
1538 2160 1610 2183 cum
1653 2148 1849 2194 trigesimum

1098 2213 1243 2252 quartum
1257 2217 1376 2239 annum
1396 2204 1550 2249 attigisset
1571 2202 1694 2244 aetatis,
1718 2202 1748 2235 in
1766 2212 1852 2247 prae-

1098 2259 1219 2294 dictum
1253 2258 1429 2293 subsidium
1454 2255 1675 2294 transfretavit,
1707 2254 1746 2288 N.
1771 2266 1851 2289 con-

1098 2322 1213 2347 sortem
1233 2321 1263 2347 et
1278 2311 1436 2359 quondam
1460 2310 1633 2345 Robertum
1654 2308 1850 2351 Artebaten.,

1099 2366 1297 2413 Alpbonsum
1324 2365 1491 2407 pictaviae,
1514 2372 1544 2397 et
1566 2362 1640 2397 clar.
1671 2374 1765 2396 mem.
1787 2360 1851 2397 Ca-

1099 2420 1199 2454 rolum
1236 2431 1339 2464 regem
1368 2417 1507 2456 Siciliae,
1544 2426 1618 2451 tunc
1646 2415 1849 2460 Andegaviae

1099 2475 1243 2513 comites,
1266 2472 1376 2507 fratres
1396 2484 1470 2506 suos
1493 2471 1567 2505 dnm
1591 2469 1696 2505 adhuc
1712 2469 1850 2503 viverent

1098 2540 1206 2563 seeum
1230 2527 1368 2566 ducens,
1393 2526 1488 2560 multa
1511 2524 1679 2571 graviaque
1699 2522 1848 2569 pericula,

1098 2594 1178 2629 quae
1200 2581 1302 2616 solent
1325 2579 1471 2626 aequoris
1493 2578 1608 2612 fluctus
1632 2577 1771 2623 infligere
1792 2588 1848 2610 su-

1098 2635 1255 2670 stinendo.

1886 517 1926 530 '¹:4¹
1944 517 1982 537 05¹⁶
1987 519 2028 531 tam

1878 1202 1953 1223 Terrae
1968 1201 2048 1223 sancia-

1098 1246 1248 1292 vigvsimo
1270 1246 1476 1287 constitutus,
1505 1255 1534 1281 et
1565 1246 1701 1294 quadam
1730 1248 1788 1282 sibi
1802 1259 1851 1282 ae·
1877 1234 2033 1281 ’ΘῙΪΡῘΓΪΜΜ

1870 2046 1993 2073 Quoniam*
2004 2051 2047 2065 cum

1866 2083 1927 2103 appas
1936 2081 1992 2097 '’¹1³'‘
2002 2082 2049 2095 ΜΠ-
