2274 3265
257 283 305 310 An.
319 285 347 311 C.
366 285 432 311 1335

496 278 516 308 5
528 276 566 307 Μ

447 353 500 375 sua
524 339 623 373 ollicia
651 350 794 373 exercerc
817 338 991 385 nequirent,
1013 338 1189 383 subrogen-

448 398 497 424 tur
523 389 573 423 alii
597 388 666 423 loco
692 400 801 422 eorum
827 400 880 435 per
903 388 1089 422 visitatorem
1108 388 1191 422 illins

448 438 534 479 anni,
563 450 660 485 usque
686 437 723 472 ad
757 450 893 485 sequeus
920 437 1080 472 dumtaxat
1106 438 1191 484 capi>

448 489 548 523 tulum
573 487 724 533 generale.
748 487 781 521 ln
805 487 872 522 aliis
894 488 985 522 ctiam
1003 487 1123 521 Studiis
1145 501 1192 533 gc—

449 536 609 572 neralibus
629 537 765 584 magistri
794 549 847 572 seu
873 536 1003 571 lectores
1028 537 1192 584 principa—

449 587 492 621 les
528 599 582 634 per
618 586 734 621 dictum
766 587 911 633 gencrale
944 586 1113 633 capitulum
1137 586 1193 619 ‹le-

449 644 607 684 puteutur.
637 636 697 670 Alii
737 648 807 670 vero
829 636 967 670 minores
1002 644 1136 670 rectores
1164 643 1194 668 ct

449 686 595 721 officiales
632 699 686 733 per
706 685 834 720 abbates
855 685 1038 720 eorumdem
1066 684 1195 719 Studio-

450 749 517 771 rum
538 744 673 771 rectores
691 734 825 769 debeant
840 735 992 781 deputari.
1010 734 1041 768 ln
1063 734 1195 780 amplio-

451 797 514 821 rem
538 797 671 832 namque
698 784 831 819 savorem
864 792 893 817 et
926 783 1193 818 continuationem

450 835 623 870 durabilem
652 833 753 868 Studii
793 833 972 867 huiusmodi
1019 832 1195 879 theologiae

451 886 510 919 iam
535 884 636 919 dictae
655 883 821 918 statuimus
843 890 873 916 et
894 882 1088 922 ordinamus,
1111 880 1194 928 quod

450 933 598 982 quamdiu
628 945 682 980 pro
716 932 807 967 dictis
829 930 950 966 Studiis
983 931 1196 977 generalibus,

451 990 572 1030 praeter
588 982 799 1024 Bononiense,
814 980 1062 1016 Salamantinum
1087 989 1115 1014 et
1135 980 1196 1014 Mc-

451 1041 538 1067 tense
560 1032 682 1071 Studia,
718 1031 856 1077 magistri
882 1030 910 1064 in
935 1030 1088 1076 theologia
1127 1029 1196 1063 ido—

451 1082 500 1117 nei
537 1081 576 1116 de
599 1081 735 1128 praefato
757 1080 867 1115 ordine
896 1081 925 1113 in
959 1080 1068 1114 eodem
1085 1079 1197 1114 Studio

450 1131 631 1172 Parisiensi,
655 1130 699 1165 vel
727 1131 751 1164 si
777 1142 838 1164 non
874 1129 927 1169 ihi,
949 1129 1023 1164 alibi
1050 1137 1196 1176 poterunt

452 1181 591 1229 reperiri,
625 1187 769 1215 teneatur
793 1179 873 1214 idem
898 1179 1070 1226 capitulum
1101 1191 1199 1225 genc-

453 1232 528 1275 rale,
555 1230 738 1278 magistrum
757 1229 787 1263 in
812 1228 966 1275 theologia
995 1228 1196 1276 principalem

453 1281 603 1328 deputare
637 1280 798 1323 lectorem,
826 1278 962 1325 alioquin
996 1278 1094 1325 magis
1123 1278 1200 1312 ido—

454 1342 547 1365 neum
567 1329 787 1371 baccatartum,
809 1341 902 1376 quem
923 1328 959 1362 ad
978 1327 1037 1363 hoc
1055 1335 1200 1374 poterunt

455 1379 594 1424 Parisiis,
629 1379 674 1414 vel
707 1379 731 1413 si
760 1390 821 1413 non
860 1378 913 1422 ibi,
941 1377 1014 1412 alibi
1057 1377 1199 1424 reperiri,

455 1442 534 1477 quos
554 1429 669 1463 dictum
693 1427 863 1475 capitulum
886 1428 1031 1473 generale
1046 1427 1083 1462 ad
1100 1427 1201 1461 susci-

457 1479 605 1526 piendum
628 1486 658 1513 et
679 1477 926 1513 continuandum
963 1477 1111 1512 lecturam
1141 1476 1201 1510 hu-

457 1528 605 1568 iusmodi,
643 1528 667 1562 si
716 1539 846 1562 necesse
893 1527 995 1571 suerit,
1045 1539 1099 1574 per
1127 1538 1202 1560 cen-

453 1591 560 1613 suram
608 1576 850 1612 ecelesiasticam
895 1584 924 1611 ct
975 1576 1032 1611 alia
1084 1587 1202 1623 oppor-

458 1637 532 1663 tuna
555 1626 703 1666 remedia,
719 1626 842 1661 sublato
864 1625 1083 1673 appellationis
1102 1625 1202 1668 obice,

458 1678 550 1712 etiam
591 1676 771 1711 auctoritate
807 1675 977 1723 apostolica
1012 1674 1202 1714 coarctandi,

459 1727 542 1762 dicto
563 1726 698 1774 capitulo
721 1738 755 1760 ae
778 1724 998 1760 definitoribus
1020 1725 1129 1773 ipsius,
1147 1736 1204 1758 uec

461 1789 521 1812 nou
544 1775 709 1812 abbatibus
731 1776 885 1810 dictorum
909 1774 1092 1810 Studiorum
1112 1781 1204 1809 recto-

461 1827 558 1869 ribus,
585 1825 796 1861 communiter
814 1826 858 1861 vel
875 1824 997 1859 divisim
1022 1825 1143 1872 plenam
1164 1831 1207 1858 at-

459 1889 521 1925 que
547 1875 675 1911 liberam
710 1885 816 1910 tenore
854 1873 1064 1922 praesentium
1093 1886 1205 1909 couce-

460 1928 565 1961 dimus
599 1933 794 1973 potestatem.
823 1924 964 1959 Praefato
997 1925 1125 1971 insuper
1152 1935 1206 1957 ca—

461 1975 560 2024 pitulo
585 1974 722 2022 generali
754 1973 887 2008 similem
912 1982 1095 2021 potestatem
1123 1985 1207 2008 con—

461 2025 604 2060 cedimus
639 2023 866 2072 compellendi‚
906 2023 1116 2070 appellatione
1155 2035 1206 2057 re-

462 2083 556 2116 mota,
586 2087 640 2122 per
668 2086 832 2109 censuram
866 2081 895 2107 et
923 2073 1059 2107 remedia
1094 2072 1207 2106 huius-

463 2125 557 2164 modi,
584 2124 712 2159 abbates
734 2124 873 2170 ipsorum
897 2122 1082 2157 Studiorum
1107 2130 1209 2156 recto-

463 2187 511 2210 res
533 2174 570 2210 ad
594 2173 808 2222 recipiendum
841 2172 1007 2218 magistros
1030 2172 1059 2206 in
1087 2171 1208 2206 theolo-

462 2225 509 2270 gia
548 2232 577 2258 et
604 2223 804 2263 baccalarios‚
826 2221 863 2257 ad
892 2221 1081 2270 praedictam
1115 2221 1210 2256 lectu-

463 2287 527 2309 ram
551 2273 634 2309 etad
656 2271 881 2321 providendum
916 2271 1033 2307 eisdem
1056 2271 1095 2305 de
1121 2283 1209 2305 coin-

464 2325 550 2359 muni
578 2323 809 2358 contributione
832 2322 930 2369 ipsius
953 2321 1073 2356 ordinis
1095 2329 1124 2355 et
1154 2333 1209 2367 pro

464 2374 557 2409 bursa
579 2382 609 2408 et
636 2373 702 2408 aliis
736 2372 986 2412 necessitatibus,
1017 2371 1108 2406 anuis
1139 2371 1210 2404 siu-

465 2424 557 2471 gulis,
582 2431 673 2471 prout
702 2423 739 2457 de
770 2421 1003 2470 provisionibus
1029 2420 1209 2455 huiusmodi

464 2482 512 2508 est
539 2474 684 2521 superius
712 2473 890 2507 limitatum.
924 2471 984 2518 lpsi
1011 2483 1081 2505 vero
1112 2470 1211 2516 magi·

466 2524 518 2558 stri
543 2536 603 2558 non
639 2535 789 2570 pompose
824 2534 950 2556 manere
972 2533 1026 2555 seu
1061 2521 1143 2554 laute
1167 2519 1213 2552 vi-

467 2586 537 2608 vere
577 2581 776 2621 praesumant
812 2572 841 2606 in
881 2571 1002 2605 Studiis
1035 2569 1212 2613 antedictis,

468 2623 520 2657 sed
544 2622 704 2658 humiliter
725 2631 755 2656 et
768 2622 877 2656 devote
900 2621 1014 2667 legant,
1029 2620 1108 2654 cibis
1125 2632 1213 2653 com-

470 2672 650 2720 petentibus
668 2680 844 2716 vescantur,
859 2679 887 2705 ct
908 2683 969 2705 uno
986 2670 1051 2705 solo
1066 2669 1213 2704 servitore

1024 284 1206 306 normanum
1235 283 1392 304 tttuuxtm

1233 338 1347 371 clerico
1383 337 1443 371 sint
1480 336 1627 370 contenti.
1662 335 1693 369 lu
1729 335 1840 370 Studio
1871 343 1973 371 autem

1235 386 1361 420 lllctcusi
1403 385 1561 432 provideat
1594 384 1632 418 dc
1660 384 1829 420 lectoribus
1850 393 1880 419 ct
1907 386 1976 420 aliis

1233 436 1416 471 ollii-,inlibris
1438 435 1552 469 domus
1574 434 1766 469 studentium
1800 435 1894 470 abbas
1920 448 1976 470 su-

1236 486 1362 533 pradicti
1389 485 1566 520 monasterii
1591 484 1794 523 Morimundi,
1817 485 1868 532 qui
1889 493 1977 519 estet

1234 536 1286 582 qui
1315 548 1370 583 pro
1398 544 1537 582 tompore
1561 534 1664 577 suci-it,
1699 534 1736 567 dc
1771 533 1903 568 consilio
1929 535 1976 568 sui

1234 593 1416 623 conventus.
1451 584 1496 619 vel
1521 584 1644 618 maioris
1666 591 1694 617 et
1718 583 1848 618 sanioris
1884 584 1978 630 partis

1234 635 1388 678 eiusdem,
1413 642 1504 680 prout
1530 634 1588 668 sibi
1613 632 1768 667 videbitur
1801 633 1958 680 expedire.

1283 685 1303 729 ξ
1330 686 1385 718 54.
1410 684 1537 718 Etcum
1557 683 1595 717 sit
1611 682 1767 717 dedecens
1783 690 1811 717 et
1828 682 1979 722 deforme,

1236 733 1365 780 utquis,
1389 733 1568 780 praesertim
1594 732 1768 778 religiosus,
1791 744 1862 766 cum
1892 732 1979 767 vani-

1237 790 1297 817 tate
1313 791 1343 817 et
1364 783 1518 828 imperitia
1534 782 1713 817 cathedram
1727 782 1870 816 ascendat
1889 790 1982 829 praee-

1238 832 1406 867 minentiae
1435 832 1632 879 magistralis,
1655 832 1821 866 statuimus
1847 840 1876 866 et
1895 830 1982 866 ordi-

1239 893 1360 921 namus,
1383 881 1466 928 quod
1491 882 1529 915 do
1557 889 1679 916 caetero
1695 881 1854 916 nullusde
1872 881 1983 915 ordine

1238 931 1397 978 praedicto
1425 938 1602 965 assumatur
1624 930 1661 964 ad
1685 930 1899 978 recipiendum
1917 942 1983 965 ma-

1238 980 1353 1026 gisterii
1377 993 1430 1015 seu
1448 980 1627 1015 doctoratus
1640 979 1802 1017 bonorem,
1819 980 1878 1015 nisi
1899 981 1985 1028 prius

1240 1042 1293 1076 per
1315 1042 1386 1064 cum
1413 1029 1560 1077 praestito
1575 1029 1748 1063 iuramento
1764 1029 1792 1062 in
1812 1029 1984 1076 praesentia

1240 1079 1407 1126 provisoris
1441 1088 1469 1113 ct
1505 1078 1698 1113 studentium
1733 1078 1833 1124 ipsius
1866 1079 1986 1114 ordinis

1240 1137 1314 1162 tunc
1331 1129 1540 1176 praesentium
1557 1129 1588 1162 in
1605 1128 1730 1170 Studio,
1755 1127 1784 1161 in
1799 1140 1863 1174 quo
1877 1128 1987 1162 buius-

1240 1178 1322 1212 modi
1352 1178 1501 1213 bonorem
1531 1178 1671 1225 recipere
1687 1177 1829 1222 voluerit⁷
1848 1189 1903 1213 seu
1921 1189 1987 1212 ma—

1240 1228 1315 1262 ioris
1343 1229 1436 1275 partis
1472 1240 1602 1262 numero
1624 1226 1819 1270 eorumdem,
1842 1226 1927 1274 quod
1957 1227 1986 1260 in

1240 1277 1456 1325 assumptione
1485 1278 1585 1325 ipsius
1608 1275 1736 1311 honoris
1759 1275 1803 1310 vel
1840 1284 1911 1311 aute
1932 1288 1986 1311 seu

1242 1335 1310 1374 post
1332 1327 1495 1362 occasione
1525 1327 1621 1367 iltius,
1644 1326 1723 1360 circa
1755 1325 1863 1365 cibos,
1887 1333 1989 1360 vestes

1243 1377 1288 1411 vel
1310 1376 1369 1411 alia
1391 1389 1450 1412 uon
1474 1376 1629 1424 expendat
1645 1387 1700 1423 per
1715 1387 1747 1409 se
1764 1375 1808 1409 vel
1825 1387 1879 1423 per
1892 1375 1987 1410 alium

1243 1426 1465 1474 undecumque
1488 1426 1630 1461 habuerit
1657 1424 1703 1459 vel
1726 1424 1819 1459 suerit
1846 1425 1903 1459 sibi
1934 1424 1989 1459 da-

1243 1484 1307 1509 tum
1331 1489 1338 1517 3
1363 1489 1420 1510 nec
1447 1484 1597 1523 quantum
1635 1474 1664 1508 in
1698 1486 1734 1508 eo
1767 1474 1881 1518 fuerit,
1909 1474 1988 1508 ultra

1244 1525 1378 1560 valorem
1416 1526 1499 1559 millo
1534 1523 1768 1559 Turonensium
1793 1524 1912 1570 argenti
1936 1535 1991 1557 ex-

1245 1574 1337 1621 pendi
1361 1576 1518 1622 permittat
1533 1575 1571 1609 al)
1586 1574 1654 1609 aliis
1666 1573 1732 1608 eius
1748 1573 1992 1620 consanguineis

1245 1624 1290 1658 vcl
1313 1625 1432 1659 amicis.
1458 1624 1623 1659 ssaccalarii
1647 1623 1739 1657 etiam
1770 1623 1870 1658 iurare
1898 1623 1993 1657 simi—

1246 1674 1316 1708 liter
1338 1675 1538 1709 teneanturin
1557 1673 1728 1721 praesentia
1747 1672 1991 1720 praedictorum,

1245 1724 1327 1770 quod
1342 1725 1506 1759 occasione
1530 1722 1753 1759 baccalariatus
1775 1723 1822 1757 sui
1847 1722 1892 1756 vel
1921 1730 1992 1757 ante

1246 1787 1299 1808 seu
1327 1783 1406 1820 post⁷
1431 1774 1551 1808 nullum
1580 1774 1692 1809 festum
1720 1784 1776 1806 seu
1814 1772 1991 1806 convivium

1248 1824 1359 1858 faciant
1388 1836 1443 1871 per
1465 1836 1498 1858 se
1521 1823 1567 1857 vel
1603 1824 1711 1863 alium,
1748 1834 1802 1856 seu
1827 1822 1892 1856 fieri
1921 1834 1994 1869 per—

1248 1873 1390 1913 mittant,
1425 1881 1576 1921 quantum
1612 1874 1641 1907 in
1670 1872 1715 1906 eis
1736 1872 1852 1915 suerit,
1878 1884 1893 1906 a
1922 1872 1995 1919 qui-

1248 1923 1443 1971 buscumque
1469 1923 1538 1958 aliis
1556 1935 1664 1958 eorum
1688 1921 1934 1968 consanguineis
1949 1921 1993 1955 vel

1248 1985 1368 2007 amicis.

1297 2023 1316 2069 g
1343 2024 1400 2057 55.
1430 2021 1476 2056 Ad
1505 2021 1581 2056 haec
1608 2021 1743 2068 denique
1772 2020 1940 2054 statuimus
1966 2028 1993 2053 et

1249 2072 1442 2110 ordinamus,
1458 2071 1542 2118 quod
1566 2071 1759 2118 quicumque
1774 2070 1847 2103 dicti
1865 2069 1995 2111 ordinis,

1249 2122 1301 2168 qui
1339 2129 1439 2155 tamen
1472 2123 1500 2155 in
1536 2121 1644 2155 eodem
1685 2119 1797 2153 Studio
1825 2119 1994 2153 Parisiensi

1252 2171 1296 2205 vel
1331 2171 1360 2205 in
1395 2171 1498 2217 aliquo
1520 2170 1579 2203 alio
1608 2169 1836 2217 praedictorum
1864 2179 1996 2215 genera-

1251 2221 1324 2254 lium
1367 2220 1465 2266 ipsius
1501 2219 1619 2254 ordinis
1640 2219 1826 2253 Studiorum
1851 2231 1905 2265 per
1942 2230 1994 2252 sex

1251 2282 1348 2304 annos
1372 2270 1400 2303 in
1429 2270 1580 2315 theologia
1604 2269 1794 2312 studuerint,
1822 2277 1851 2302 et
1871 2267 1907 2301 ad
1937 2267 1995 2301 hoc

1252 2319 1353 2353 idonci
1373 2319 1543 2362 extiterint,
1561 2319 1589 2352 in
1606 2319 1688 2353 dicto
1701 2318 1813 2353 Studio
1830 2317 1995 2352 parisiensi

1254 2369 1373 2416 possint
1395 2381 1505 2403 cursus
1533 2368 1652 2403 Bibliae
1672 2368 1785 2407 facore,
1812 2375 1841 2401 ct
1867 2367 1919 2414 qui
1945 2379 1998 2413 per

1252 2426 1322 2453 octo
1349 2431 1447 2453 annos
1469 2418 1656 2459 studuerint,
1676 2426 1707 2452 ut
1728 2417 1908 2465 praefertur,
1931 2429 1999 2450 scn-

1254 2469 1364 2503 tcntias
1393 2469 1494 2515 legere
1533 2468 1562 2503 in
1590 2468 1758 2503 Parisiensi
1795 2466 1908 2501 Studio
1932 2479 1998 2500 mc-

1254 2528 1385 2553 morato.

1302 2569 1321 2614 S
1349 2573 1404 2602 556,
1434 2567 1500 2601 Non
1525 2567 1721 2601 obstantibus
1748 2566 1911 2614 quibusvis
1932 2574 1997 2601 sta—

1256 2619 1330 2651 tutis
1358 2628 1384 2652 ct
1423 2617 1706 2652 consuettulinibus
1729 2629 1763 2651 ac
1791 2615 1997 2650 observantiis

1255 2668 1373 2703 ordinis
1408 2668 1680 2711 monasteriorum,
1704 2666 1841 2701 locorum
1863 2678 1999 2700 conveu—

1991 281 2038 307 Λη.
2053 280 2081 305 C.
2102 279 2169 305 t535

2021 692 2145 714 nortmanui

1995 725 2041 752 quid
2092 726 2159 744 iurare
2170 738 2175 746 ‚

1996 756 2069 783 quidve
2102 754 2177 774 obser—

1997 792 2044 807 vare
2060 785 2157 805 «iubeant.

2023 2033 2062 2058 Qui
2075 2037 2148 2052 cursus
2159 2030 2193 2050 Bi-

2012 2063 2064 2083 bliae
2081 2063 2150 2082 farere
2172 2064 2191 2082 et

2011 2095 2044 2120 qui
2077 2094 2193 2113 sententias

2011 2125 2082 2150 tegere
2103 2125 2192 2151 possint.

2027 2577 2136 2602 Det-agatii>
2148 2582 2198 2596 con—

2015 2609 2133 2629 trariorum.
