2274 3265
247 265 295 291 An.
314 264 342 290 C.
362 266 428 291 ints

257 1025 405 1051 Aequtsttttqua

240 1061 306 1082 usque
317 1056 382 1076 adhuc
391 1057 425 1076 tto-

242 1093 267 1107 na
284 1089 401 1106 ronttrmat.

263 2218 319 2238 Nova
357 2219 431 2244 petitio

251 2250 275 2269 ab
292 2250 333 2269 illis
350 2249 432 2273 Grem-

251 2282 281 2301 rtn
296 2280 357 2300 tacta,

493 254 562 286 651-

1013 262 1198 285 numanum
1226 261 1387 283 ROMANUM

442 331 481 352 nc
509 319 564 364 ipsi
588 317 721 352 Carolus
743 325 772 351 et
794 317 869 351 socii
902 317 1081 352 huiusmodi
1112 330 1189 351 con-
1235 316 1375 362 ipsorum
1412 315 1553 349 babitum
1589 327 1774 359 assumere,
1809 317 1981 363 professio-

441 372 593 407 cessionis
625 373 850 406 frustrarentur
876 372 1007 415 ellectu,
1035 371 1190 406 voluimus

441 435 469 460 et
486 426 654 472 apostolica
677 427 860 460 auctoritaie
885 426 1082 460 decrevimus
1107 426 1189 473 quod

440 480 604 515 concessio
631 481 695 527 ipsa
725 480 854 526 perinde
886 493 901 514 a
937 480 986 514 «lic¹
1014 480 1102 514 datae
1143 481 1191 527 ip-

439 536 505 569 sius
538 534 753 569 concessionis
790 534 916 574 valeret,
938 542 966 568 et
991 534 1114 580 plenam
1139 534 1192 567 ob-

440 590 555 622 tineret
577 588 698 623 roboris
721 589 910 627 firmitatem,
929 600 964 622 ac
986 589 1011 622 si
1035 601 1131 635 super
1155 601 1188 622 ea

439 642 580 678 eiusdem
604 642 853 690 praedecessoris
881 642 987 677 literae
1006 642 1066 677 sub
1091 643 1191 688 ipsius

439 697 500 731 diei
537 697 604 731 data
648 697 808 732 confectae
849 697 1001 735 tuissent,
1037 696 1188 743 quodque

440 760 564 785 nostrae
588 751 693 785 literae
716 751 753 785 ad
777 750 973 797 probandum
995 751 1085 797 plene
1109 764 1187 785 con-

439 806 616 839 cessionem
641 805 820 840 liuiusmodi
851 804 968 851 ubique
990 804 1188 844 sufficerent,

439 872 497 894 nec
518 859 556 894 ad
577 859 606 893 id
629 859 759 894 alterius
792 859 984 906 probationis
1011 859 1190 894 adminicu-

440 913 504 948 lum
530 914 752 960 requireretur.

487 969 507 1014 g
533 970 566 1001 4.
590 967 628 1001 Et
643 967 863 1011 nibilominus,
878 966 963 1014 quod
987 966 1115 1014 quidam
1142 967 1190 1002 lo-

440 1034 497 1055 cus
518 1022 576 1065 eis,
593 1029 661 1066 post
676 1021 913 1055 concessionem
938 1021 1133 1061 huiusmodi,
1160 1022 1188 1055 in

439 1075 564 1110 civitate
597 1075 750 1110 Fesulana
785 1075 821 1109 ad
859 1075 918 1109 lioc
956 1087 1117 1121 congruus
1157 1085 1187 1111 ct

440 1130 605 1173 honestus,
627 1131 657 1164 in
678 1142 741 1177 quo
764 1129 846 1164 idem
862 1129 995 1164 Carolus
1017 1137 1047 1163 et
1066 1129 1189 1169 fratres,

439 1185 531 1219 etiam
556 1184 634 1219 ultra
654 1197 820 1219 numerum
846 1183 1053 1231 praedictum,
1073 1196 1187 1218 secun-

438 1239 512 1273 dum
538 1238 676 1285 regulam
700 1248 730 1273 et
748 1247 860 1273 statuta
886 1238 1040 1285 praefata,
1063 1238 1190 1283 regula—

439 1305 504 1327 rem
528 1293 768 1340 professionem,
793 1306 846 1341 per
873 1292 1053 1326 huiusmodi
1083 1292 1191 1327 fratres

441 1346 597 1381 Eremitas
613 1348 712 1381 emitti
729 1355 925 1391 cousuetam,
938 1346 1111 1381 emiserunt
1135 1346 1191 1392 pri·

442 1413 517 1441 mo,
539 1409 570 1436 et
603 1402 779 1436 successive
806 1402 851 1436 eis
882 1401 969 1448 plura
1002 1401 1062 1435 alia
1101 1400 1191 1445 loca,

443 1456 658 1503 possessiones
679 1464 709 1491 et
730 1456 810 1491 bona
834 1455 917 1490 dicta
941 1455 1105 1501 largitione
1132 1455 1192 1490 do-

440 1519 510 1544 nata
534 1510 672 1555 fuerunt,
695 1523 752 1545 nos
775 1510 950 1549 dictatum,
975 1510 1192 1556 possessiones

440 1572 471 1597 et
493 1563 573 1599 bona
592 1593 599 1603 ,
626 1565 819 1611 ubicumque
849 1563 1084 1603 consisterent,
1111 1577 1192 1610 quae

440 1628 515 1653 tunc
547 1619 667 1654 eisdem
701 1619 814 1654 Carolo
837 1626 868 1653 et
894 1618 1001 1662 sociis,
1030 1618 1191 1664 largitione

442 1673 601 1720 praefata,
623 1673 736 1708 donata
777 1673 922 1716 fuerant,
950 1671 1102 1707 babentes
1137 1686 1192 1720 pro

441 1727 631 1762 sufficienter
666 1728 837 1775 expressis,
872 1739 908 1761 ac
936 1726 1126 1762 donationes
1164 1736 1194 1763 et

441 1782 666 1829 professionem
685 1781 871 1829 praedictas,
898 1790 928 1815 et
943 1780 1037 1815 etiam
1054 1781 1192 1827 illorum,

441 1837 520 1871 ultra
539 1836 710 1884 praefatum
728 1848 894 1870 numerum
911 1835 1136 1883 professorum,
1152 1849 1193 1872 ra-

442 1899 488 1926 tas
498 1899 638 1939 etgratas
652 1891 1007 1930 lial)entes,auctoritate
1023 1891 1193 1937 apostolica

444 1946 687 1982 confirmamus:
711 1946 897 1993 supplentes
915 1958 1026 1980 omnes
1041 1945 1194 1991 defectus,

443 2002 468 2035 si
492 2001 545 2049 qui
568 2001 671 2036 forsan
695 2000 936 2036 intervenissent
957 2000 1195 2048 quomodolibet

446 2056 476 2090 in
499 2055 630 2095 eisdem,
654 2064 746 2102 prout
769 2055 798 2089 in
814 2056 929 2090 nostris
948 2055 1020 2090 iude
1043 2055 1195 2091 confectis

445 2105 543 2141 literis
565 2105 690 2152 plenius
712 2105 902 2140 continetur.

494 2155 514 2202 g
542 2159 573 2190 5.
597 2155 702 2197 Quare
735 2155 827 2190 iidem
863 2154 995 2190 Carolus
1016 2163 1047 2190 et
1074 2155 1194 2196 fratres,

446 2207 518 2253 qui,
541 2205 571 2239 in
601 2205 789 2239 humilitatis
815 2205 941 2252 spiritu,
969 2214 1123 2252 quantum
1152 2205 1197 2240 eis

447 2256 598 2302 permittit
628 2255 762 2290 bumana
796 2254 955 2301 fragilitas,
986 2255 1196 2299 ambulantes7

447 2305 550 2340 divina
581 2304 824 2339 mansuetudine
854 2305 1063 2351 suffragante,
1085 2318 1199 2352 quam-

449 2354 602 2402 plurimos
623 2355 774 2401 eligentes
792 2367 914 2398 secum,
938 2356 1064 2402 pompis
1098 2368 1197 2390 mun-

448 2405 538 2439 danis
560 2403 701 2444 abiectis,
724 2405 805 2439 circa
824 2404 926 2438 divina
943 2404 1092 2451 obsequia
1110 2405 1199 2439 finire

449 2453 559 2489 labiles
573 2453 640 2489 dies
652 2467 726 2489 suos
737 2454 846 2489 dietim
861 2457 904 2497 (l)
922 2454 1097 2498 inveniunt,
1110 2454 1200 2489 nobis

449 2503 609 2538 humiliter
644 2504 862 2551 supplicarunt
901 2511 1058 2551 quatenus
1089 2504 1134 2538 eis
1170 2512 1200 2538 et

449 2553 686 2588 successoribus
708 2566 815 2588 eorum
839 2553 902 2587 duo
924 2553 983 2588 alia
1012 2553 1096 2596 loca,
1120 2554 1198 2588 ultra

450 2603 588 2646 obtenta,
609 2615 645 2638 ac
666 2616 885 2650 quoscumque
908 2602 944 2638 ad
968 2615 1022 2637 eos
1047 2603 1151 2637 venire
1170 2612 1199 2638 et

487 2664 525 2700 (t)
543 2666 648 2697 Dietim,
669 2673 715 2700 per
732 2665 848 2699 singulos
867 2665 933 2698 dies,
952 2665 1077 2701 quotidie.

1233 382 1380 416 nemque,
1407 370 1582 404 secundum
1607 369 1749 403 instituta
1774 370 1921 416 praefata,
1949 373 1978 406 in

1232 424 1348 458 eisdem
1373 423 1449 457 locis
1475 424 1618 458 emittere
1634 423 1773 458 volentes
1796 424 1980 470 recipiendi,

1232 491 1331 524 eaque
1354 490 1424 511 cum
1448 477 1645 512 coemeteriis
1668 489 1722 523 pro
1744 489 1777 511 se
1800 478 1874 524 ipsis
1893 478 1982 512 dum-

1233 540 1313 566 taxat
1336 531 1450 566 babere
1473 530 1570 566 libere
1586 539 1615 565 et
1631 531 1713 566 licite
1731 533 1863 578 possint,
1888 532 1983 567 licen-

1233 586 1305 619 tiam
1329 584 1503 620 concedere
1525 584 1565 619 de
1588 585 1778 632 benignitate
1810 586 1980 633 apostolica

1232 640 1446 685 dignaremur.

1280 696 1300 739 g
1322 697 1354 728 6.
1378 693 1454 733 Nos,
1477 695 1529 741 qui
1553 693 1671 728 cultum
1696 693 1836 728 divinum
1867 696 1982 729 nostris

1232 748 1381 795 cupimus
1403 747 1600 795 temporibus
1614 748 1777 795 adaugeri,
1800 748 1981 784 huiusmodi

1231 802 1518 849 supplicationibus
1548 801 1698 843 inclinati,
1721 802 1784 837 duo
1809 803 1867 838 alia
1890 803 1957 838 loca
1975 834 1983 848 ‚

1234 856 1310 890 ultra
1330 869 1382 897 ea,
1409 869 1491 903 quae
1524 857 1552 891 in
1578 857 1824 904 praesentiarum
1853 858 1981 899 babent,

1232 923 1304 944 cum
1328 911 1476 945 omnibus
1499 911 1621 945 iuribus
1636 919 1665 946 ct
1681 912 1877 958 pertinentiis
1905 914 1982 957 suis,

1231 977 1312 1011 quae
1334 965 1452 1000 eisdem
1472 965 1586 1000 Carolo
1608 973 1634 1000 et
1660 964 1807 1000 fratribus
1828 966 1905 1001 alias
1931 980 1984 1002 ca-

1234 1019 1344 1054 nonice
1360 1020 1588 1063 concedentur,
1606 1020 1650 1054 vel
1667 1032 1721 1054 eos
1737 1019 1787 1054 illa
1810 1020 1886 1056 alias
1902 1021 1983 1056 iusto

1233 1073 1323 1108 titulo
1357 1075 1520 1120 continget
1547 1074 1698 1121 adipisci·,
1735 1087 1858 1109 necnon
1886 1088 1983 1122 quos-

1232 1140 1369 1174 cumque
1391 1129 1428 1163 ad
1453 1129 1537 1175 ipsos
1561 1129 1678 1168 venire,
1702 1129 1825 1175 pompis
1851 1130 1984 1166 munda—

1233 1181 1280 1215 nis
1314 1183 1457 1223 abiccfis,
1481 1183 1583 1217 divina
1612 1183 1710 1229 gratia
1737 1182 1901 1224 suadente,
1930 1184 1985 1219 ba-

1234 1235 1331 1270 bitum
1355 1249 1516 1271 assumere
1535 1245 1563 1271 et
1589 1236 1826 1283 professionem,
1851 1250 1904 1284 per
1924 1237 1984 1272 fra-

1234 1298 1295 1324 tres
1318 1291 1495 1338 praedictos
1508 1291 1608 1325 emitti
1625 1301 1820 1335 consuetam,
1841 1292 1985 1328 emittere

1234 1344 1384 1386 volentes,
1409 1346 1580 1393 recipiendi
1604 1354 1635 1380 et
1656 1345 1842 1380 admittendi
1867 1347 1896 1380 in
1919 1347 1985 1382 eis—

1233 1398 1303 1433 dem
1327 1400 1529 1434 solummodo
1564 1400 1652 1439 locis,
1675 1412 1711 1434 ac
1737 1401 1925 1435 coemeteria
1956 1402 1986 1436 in

1234 1452 1312 1487 locis
1335 1454 1411 1501 ipsis
1435 1467 1490 1501 pro
1514 1455 1558 1489 eis
1581 1455 1742 1489 dumtaxat
1765 1454 1912 1500 habendi,
1936 1457 1986 1491 iu-

1236 1507 1322 1542 ribus
1357 1509 1579 1555 parochialium
1610 1518 1639 1543 et
1667 1509 1798 1543 aliarum
1834 1522 1988 1556 quarum-

1235 1574 1372 1609 cumque
1408 1563 1621 1598 Ecclesiarum
1663 1563 1692 1596 iu
1734 1563 1883 1598 omnibus
1921 1565 1988 1600 aliis

1235 1629 1359 1663 semper
1381 1618 1486 1658 salvis,
1510 1618 1628 1652 eisdem
1648 1618 1763 1652 Carolo
1788 1625 1818 1652 et
1840 1618 1989 1655 fratribus

1234 1682 1270 1704 ac
1300 1672 1538 1707 successoribus
1564 1684 1672 1707 eorum
1707 1672 1737 1705 in
1775 1670 1930 1708 Fesulano
1958 1685 1988 1710 et

1235 1725 1304 1760 aliis
1335 1727 1413 1762 locis
1441 1726 1619 1774 praedictis,
1647 1726 1834 1761 auctoritate
1860 1738 1988 1776 aposto-

1236 1779 1316 1821 lica,
1344 1789 1452 1816 tenore
1488 1782 1715 1828 praesentium,
1749 1781 1928 1818 facultatem
1959 1794 1987 1821 et

1237 1834 1391 1870 licentiam
1416 1836 1597 1882 elargimur.

1284 1890 1304 1937 S
1327 1893 1358 1924 7.
1382 1890 1452 1925 Non
1466 1890 1610 1925 obstante
1624 1893 1669 1935 (l)
1684 1899 1743 1925 tam
1763 1891 1814 1926 fel.
1843 1905 1905 1928 rec.
1922 1893 1987 1930 Bo-

1237 1944 1340 1979 nifacii
1364 1945 1427 1979 PP.
1459 1945 1529 1980 Vltl
1546 1974 1553 1985 ,
1588 1945 1838 1993 praedecessoris
1867 1950 1988 1993 nostri,

1238 1999 1425 2045 prohibente
1459 2012 1498 2035 ne
1531 2000 1641 2035 fratres
1671 1999 1828 2035 Ordinum
1864 2002 1989 2038 Mendi-

1237 2054 1375 2089 cantium
1399 2054 1466 2089 loca
1489 2054 1529 2090 de
1551 2067 1632 2090 novo
1659 2055 1799 2102 recipere
1827 2065 1880 2091 aut
1902 2070 1990 2094 rece-

1240 2115 1289 2155 pta
1319 2117 1440 2144 mutare
1475 2118 1702 2157 praesumant,
1739 2109 1859 2158 absque
1886 2111 1989 2149 dictae

1238 2163 1332 2199 Sedis
1355 2164 1477 2199 licentia
1500 2164 1641 2211 speciali,
1664 2164 1794 2199 faciente
1816 2165 1940 2212 plenam
1960 2178 1991 2203 et

1240 2231 1422 2266 expressam
1466 2218 1505 2253 de
1549 2218 1761 2266 prohibitione
1808 2219 1989 2257 huiusmodi

1241 2273 1433 2308 mentionem
1450 2301 1458 2317 ,
1480 2286 1575 2320 quam
1611 2273 1679 2307 aliis
1713 2274 1992 2311 constitutionibus

1240 2328 1421 2376 apostolicis
1436 2329 1603 2363 contrariis
1621 2326 1888 2376 quibuscumque.
1905 2329 1990 2365 Nulli

1240 2395 1315 2428 ergo
1341 2391 1393 2417 etc.

1292 2436 1404 2471 Datum
1438 2438 1466 2471 in
1491 2445 1593 2472 castro
1615 2438 1845 2474 Montisllorum
1876 2438 1993 2473 Arimi-

1243 2492 1349 2525 nensis
1376 2491 1554 2532 dioecesis,
1583 2504 1641 2527 vui
1666 2493 1736 2528 idus
1766 2493 1843 2538 iulii,
1867 2494 1994 2541 pontifi—

1242 2554 1331 2580 catus
1354 2555 1448 2581 nostri
1471 2559 1554 2582 anno
1578 2560 1671 2583 nono.

1304 2607 1364 2637 Dat.
1386 2609 1432 2638 die
1455 2609 1473 2638 8
1492 2609 1556 2638 iulii
1574 2609 1660 2647 1415,
1683 2610 1786 2650 pontif.
1806 2620 1882 2641 anno
1900 2619 1938 2641 tx.

1279 2666 1318 2701 (t)
1339 2666 1418 2694 Deest
1434 2668 1629 2693 ‹fenstt'tutiones

1996 263 2046 288 An.
2063 261 2090 289 C.
2113 261 2178 288 tuis

2011 704 2068 724 Atiae
2085 709 2115 723 et<
2133 709 2183 723 rnn—

1997 737 2089 756 firmatae
2101 735 2180 754 domus.

2008 1091 2065 1111 Alios
2075 1090 2184 1116 recipien-

2073 1124 2184 1141 coemete-

2000 1154 2095 1178 riumque
2107 1151 2185 1172 haben-

2048 1183 2096 1202 data
2115 1181 2184 1203 tacut-

2010 1906 2141 1926 mutantium
2152 1906 2188 1925 de-

2003 1937 2092 1963 rogatio.
