2274 3265
110 260 159 285 An.
177 255 206 281 C.
227 256 292 282 t5tit',

127 1462 151 1482 Ut
178 1460 236 1481 nulla
259 1464 297 1479 ee-

113 1493 234 1513 clesiastiea
252 1497 298 1517 per-

114 1530 165 1543 sona
197 1523 296 1549 praebent

113 1555 219 1577 auxilinm,
245 1559 297 1572 rom

113 1586 181 1606 silium
191 1586 224 1605 vel
239 1584 299 1605 lavo-

114 1616 230 1636 remanent
245 1615 298 1634 luit-0

114 1650 188 1666 contra
224 1645 299 1665 Eccle-

114 1678 163 1701 sias,
194 1677 298 1698 eeclesia-

114 1709 220 1734 stirasqne
249 1712 298 1733 pers

115 1745 186 1759 sonas.

935 254 1080 277 CLEMENs
1114 253 1144 275 Vl
1175 253 1223 275 ΙΨ.

307 316 481 351 dicatorum
497 345 504 357 ,
527 316 633 351 Sancti
659 315 827 362 Augustini
861 323 890 349 ct
917 314 1050 349 alioruin

307 365 483 402 Ordinum.
516 379 637 400 necnon
667 366 842 412 magistris,
871 373 1054 412 praecepto-

308 417 394 451 ribus
416 425 445 450 et
473 415 620 450 fratribus
642 416 768 450 Militiae
790 415 925 461 Templi,
947 414 1053 449 Sancti

310 465 435 501 loannis
468 466 745 513 llierosolymitani
778 465 938 511 hospitalis
965 473 993 498 et
1016 465 1053 499 B.

307 515 423 550 Mariae
449 516 716 550 Theutouicorum
752 514 811 548 sub
839 523 941 548 nostra
971 515 1056 561 lega-

309 566 394 600 tione
431 565 642 603 manentibus,
671 576 731 598 non
768 564 967 598 obstantibus
997 565 1056 598 ali—

308 616 425 662 quibus
453 614 633 662 privilegiis,
658 614 863 660 indulgentiis
890 622 919 648 et
947 614 1057 648 litteris

308 666 353 699 eis
377 665 422 700 vel
445 677 553 699 eorum
576 664 736 711 aliquibus
754 674 805 698 aut
828 665 966 712 ipsorum
996 665 1058 700 Or-

309 715 439 749 dinibus
460 727 475 749 a
493 714 627 761 praefata
646 713 730 748 Sede
752 715 925 755 concessis,
945 727 984 749 ne
999 716 1057 761 ipsi

310 764 358 798 vel
381 776 489 800 eorum
513 763 627 810 aliquis
651 763 698 797 vel
717 764 813 811 aliqui
837 777 968 812 corpora
989 765 1058 799 illo-

311 826 379 849 rum
399 841 406 854 ,
433 813 486 860 qui
510 813 577 847 sine
615 813 708 859 digua
737 822 767 847 et
793 814 897 849 debita
934 815 1060 850 satissa-

309 864 412 897 ctione
447 862 653 903 decesserint,
678 863 835 897 tumulare
849 873 900 898 aut
923 865 1060 898 tumula-

310 912 387 947 tioni
402 923 511 947 eorum
528 913 753 959 quoquomodo
769 913 919 948 interesse
934 926 1060 961 praesu-

310 969 407 996 mant.
436 961 470 996 Si
495 963 566 1008 quis
581 970 684 995 autem
702 962 932 1009 praedictorum
953 972 1059 998 contra

310 1011 515 1057 praemissam
541 1011 761 1046 inhibitionem
792 1020 928 1047 nostram
957 1014 1061 1048 venire

310 1061 486 1100 tentaverit,
520 1062 859 1097 excommunicationis
882 1063 1006 1097 vinculo
1028 1075 1061 1097 se

309 1111 431 1144 noverit
471 1110 681 1153 innodatum,
718 1111 827 1146 maiori
865 1124 964 1158 poena
1006 1125 1062 1159 pro

311 1168 393 1194 tanta
430 1160 644 1194 inobedientia
681 1160 903 1207 puniendum,
933 1170 964 1196 et
994 1161 1061 1196 loca

310 1209 537 1250 nihilominus,
562 1211 590 1244 iu
614 1210 734 1257 quibus
763 1210 832 1244 talia
860 1223 989 1257 corpora
1012 1224 1063 1245 se.-

312 1259 396 1306 pulta
425 1259 556 1299 fuerint,
579 1259 794 1294 ecclesiastico
816 1261 978 1307 supposita
1008 1261 1062 1294 in—

312 1308 455 1343 terdicto.
491 1308 653 1343 Publicata
676 1309 804 1343 Posonii
821 1337 828 1349 ,
851 1318 962 1356 quarto
992 1310 1063 1344 idus

313 1358 503 1392 novembris

360 1408 426 1454 55,
442 1407 487 1441 llli
503 1407 611 1455 procul
628 1407 724 1441 dubio
743 1416 816 1442 sunt
835 1408 945 1443 maiori
963 1420 1063 1455 poena

314 1456 494 1504 plectendi,
527 1457 581 1504 qui
620 1458 761 1492 nituntur
783 1457 953 1499 offendere,
980 1458 1063 1505 quod

315 1507 386 1541 totis
407 1508 474 1541 suis
509 1507 627 1541 viribus
654 1506 825 1542 defendere
865 1508 1063 1542 tenebantur.

313 1556 394 1591 Cum
424 1557 519 1603 igitur
547 1569 697 1603 personae
735 1557 964 1592 ecclesiasticae
992 1558 1065 1591 sin-

314 1607 464 1652 gulariter
486 1615 652 1641 teneantur
675 1607 752 1641 tueri
769 1607 953 1647 Ecclesiam,
975 1619 991 1642 a
1005 1619 1064 1655 qua

314 1669 401 1691 suam
429 1657 595 1691 tuitionem
625 1657 796 1704 recipiunt,
828 1658 983 1704 praesenti
1012 1658 1066 1691 de-

314 1715 399 1742 creto
439 1707 618 1746 statuimus,
660 1716 692 1742 ut
729 1707 812 1741 nulla
853 1708 1064 1742 ecelesiastica

316 1769 447 1804 persona
472 1766 615 1804 exempta
632 1757 678 1791 vel
704 1769 765 1791 non
789 1765 935 1804 exempta
952 1757 1067 1792 cuius-

314 1819 451 1854 cumque
475 1807 743 1854 praeeminentiae,
766 1816 867 1841 status
889 1817 939 1841 aut
967 1807 1069 1853 ‹ligui—

315 1857 386 1890 tatis
419 1857 553 1900 existat,
589 1857 710 1890 etiamsi
749 1856 917 1902 pontificali
955 1856 1069 1901 fulgeat

315 1905 478 1949 dignitate,
496 1906 642 1952 praebeat
664 1906 757 1939 alicui
775 1905 872 1947 laico,
891 1906 1069 1940 cuiuscum-

315 1966 376 2000 que
416 1955 578 2000 dignitatis
620 1963 673 1989 aut
712 1955 905 1988 conditionis
947 1956 1069 1998 existat,

316 2011 423 2037 contra
437 2004 608 2043 EcclesiaS,
632 2005 903 2038 ecclesiasticasve
920 2017 1070 2052 personas

317 2053 497 2096 consilium,
533 2054 682 2088 auxilium
713 2054 759 2087 rel
785 2054 920 2088 savorem
946 2055 1071 2101 publice

319 2103 363 2136 vel
378 2103 511 2138 occulte.
523 2103 554 2137 Si
571 2103 642 2150 quis
653 2112 756 2138 autem
775 2107 800 2147 (l
812 2107 832 2147 ),
847 2104 906 2137 boc
921 2104 1071 2138 ecclesia-

318 2152 398 2185 stico
416 2152 536 2187 honore
560 2154 746 2200 postposito,
769 2162 875 2187 contra
904 2162 963 2187 tam
986 2153 1071 2187 salu-

320 2200 373 2235 bre
408 2210 558 2236 statutum
588 2203 694 2237 venire
718 2204 975 2250 praesumpserit,
1005 2205 1071 2250 ipso

320 2250 400 2285 facto
433 2253 620 2286 sententiam
649 2253 986 2287 exeommunieammis
1022 2254 1070 2286 iu-

320 2310 434 2335 rurrat.
453 2302 489 2335 Et.
507 2302 713 2336 nibilominus
727 2303 751 2336 si
768 2303 897 2336 interior
920 2303 1071 2350 episeopo

322 2351 430 2390 suerit,
467 2352 634 2398 episcopus
668 2365 743 2386 suus
782 2361 888 2386 contra
925 2364 996 2386 eum
1035 2352 1070 2385 ad

323 2400 527 2446 privationem
552 2401 754 2436 ecclesiastici
779 2402 935 2436 commodi
969 2402 1073 2436 etho-

323 2451 408 2484 noris
433 2451 621 2498 procedere:
653 2453 677 2485 si
712 2464 783 2486 vero
812 2453 982 2498 episcopus
1004 2465 1073 2486 me-

323 2501 542 2547 tropolitanus,
565 2502 612 2536 sui
627 2502 814 2547 suffraganei
831 2514 997 2536 excessum
1019 2502 1074 2535 bu-

324 2550 458 2584 iusmodi
483 2559 667 2590 teneantur,
705 2564 798 2599 quam
823 2551 884 2585 cito
907 2553 1073 2586 commode

358 2618 397 2651 (l)
415 2617 473 2651 Leg.
493 2617 591 2649 forsan,
609 2619 636 2643 Si
652 2621 710 2650 qm's
727 2622 825 2650 aulem,
843 2621 1012 2644 eeclesiastico
1025 2621 1072 2643 lto-

324 2666 388 2683 nore
402 2660 556 2689 postposito,
569 2662 663 2684 eontra
680 2660 725 2683 hoc
744 2663 795 2684 {cini
811 2661 925 2690 salubre,
943 2664 993 2685 etc.

403 2701 476 2731 Ball.
498 2701 573 2732 Rom.
599 2703 652 2731 t'ot.
672 2703 717 2731 IV.
919 2703 955 2731 Γπ]

1729 241 1798 275 489

1099 320 1256 358 poterunt,
1274 312 1348 346 Sedi
1374 312 1574 359 Apostolicae
1597 312 1758 348 nunciare.
1784 312 1849 347 Pu-

1097 362 1208 397 blicata
1230 362 1356 396 Posonii
1381 374 1413 396 iv
1438 363 1506 397 idus
1529 362 1718 398 novembris.

1145 413 1165 460 S
1188 416 1219 447 4.
1245 412 1421 447 Praesentis
1448 413 1680 448 constitutionis
1712 413 1850 448 auetori-

1098 470 1170 507 tate,
1185 462 1477 509 sacroapptobaute
1494 463 1641 504 concilio,
1656 462 1849 506 inhibemus,

1098 562 1281 608 dignitatem
1302 562 1437 609 aliquam
1464 562 1667 605 inferiorem,
1698 574 1849 609 persona-

1100 621 1189 656 tum,
1214 612 1423 659 parochialem
1461 612 1634 647 Ecclesiam
1664 624 1735 646 cum
1764 624 1850 655 cura,

1102 663 1146 696 vel
1175 663 1241 696 sine
1264 674 1350 706 eura,
1374 662 1563 696 beneficium
1588 662 1713 709 aliquod
1742 662 1850 695 eccle-

1101 712 1273 756 siasticum,
1289 724 1343 746 seu
1359 712 1492 747 alicuius
1511 712 1741 759 praedictorum
1758 712 1852 746 admi-

1102 762 1317 797 nistrationem
1355 762 1400 796 vel
1440 761 1667 805 detentionem,
1690 761 1729 796 de
1756 773 1850 795 manu

1102 811 1201 846 laicali
1230 812 1381 859 recipere,
1406 812 1451 845 rel
1476 812 1535 847 iam
1561 820 1685 858 recepta
1718 811 1851 845 retinere

1102 861 1160 896 sub
1179 863 1290 908 quovis
1310 862 1416 896 colore
1440 870 1629 908 praesumat.
1652 861 1685 895 Si
1709 860 1780 907 quis
1794 872 1852 894 au-

1103 921 1165 945 tem
1191 920 1298 946 contra
1321 911 1447 953 fecerit,
1469 911 1515 945 vel
1543 912 1587 945 sic
1610 918 1773 958 receptum
1797 909 1853 944 be-

1104 961 1250 995 neficium
1266 973 1303 995 eo
1322 961 1400 1008 ipso,
1424 969 1454 995 et
1478 961 1535 995 nisi
1556 961 1780 1007 locum,quem
1795 959 1854 993 sub

1103 1011 1234 1045 crimine
1274 1019 1376 1046 tantae
1416 1010 1647 1046 inobedientiae
1687 1017 1854 1056 tantaeque

1103 1060 1285 1095 ambitionis
1307 1061 1410 1094 taliter
1432 1060 1491 1094 iam
1515 1061 1644 1108 recepit,
1668 1059 1713 1093 vel
1749 1059 1779 1093 in
1802 1058 1853 1092 fu-

1103 1118 1206 1144 turum
1219 1110 1359 1157 recipiet,
1374 1110 1586 1156 resipiscendo
1598 1109 1772 1144 deseruerit
1782 1108 1855 1142 libe-

1104 1159 1207 1193 raliter
1235 1159 1311 1193 inl'ra
1340 1159 1474 1193 duorum
1500 1161 1657 1194 mensium
1680 1159 1817 1206 spatium
1838 1169 1853 1191 a

1105 1209 1560 1255 publicationeconstitutionis
1571 1206 1854 1256 praesentis,quoad

1105 1259 1165 1292 iam
1195 1266 1332 1305 recepta,
1356 1271 1370 1292 a
1396 1259 1585 1305 receptionis
1616 1270 1688 1292 vero
1715 1265 1857 1303 tempore

1104 1307 1206 1354 quoad
1245 1320 1300 1348 ea,
1340 1320 1419 1355 quae
1447 1308 1598 1355 deinceps
1625 1307 1786 1353 continget
1813 1307 1856 1340 sic

1106 1357 1214 1403 recipi,
1238 1357 1493 1397 numerandum,
1516 1358 1552 1391 ad
1580 1356 1741 1404 quodlibet
1774 1355 1856 1390 aliud

1107 1406 1255 1440 inhabilis
1278 1407 1345 1453 ipso
1373 1407 1452 1440 sacto
1477 1406 1635 1450 reddatur,
1659 1407 1735 1441 itaut
1756 1405 1793 1440 ad
1818 1404 1858 1438 di-

1106 1456 1256 1502 gnitatem
1305 1456 1350 1490 vol
1389 1456 1579 1490 beneficium
1611 1455 1858 1490 ecclesiasticum

1107 1505 1193 1539 nullo
1218 1518 1355 1552 unquam
1380 1514 1535 1552 tempore,
1551 1507 1669 1554 absque
1693 1506 1859 1552 dispensa-

1108 1557 1192 1589 tione
1214 1555 1413 1602 Apostolicae
1440 1556 1535 1590 Sedis
1563 1556 1608 1590 vel
1637 1565 1753 1594 nostra,
1788 1554 1859 1600 eligi

1108 1605 1208 1639 valeat
1244 1605 1288 1639 vel
1312 1607 1443 1640 assumi.
1472 1605 1625 1653 Insuper,
1650 1614 1682 1640 ut
1705 1611 1857 1653 quantum

1108 1656 1300 1693 excesserit,
1341 1668 1439 1702 poena
1474 1655 1607 1690 docente
1641 1661 1860 1702 recognoscam

1109 1706 1133 1738 si
1157 1717 1250 1752 quam
1276 1704 1473 1751 dignitatem,
1498 1713 1699 1752 personatum
1740 1704 1785 1739 vel
1807 1704 1861 1737 be-

1111 1755 1258 1789 nelicium
1282 1756 1409 1802 aliquod
1425 1768 1496 1789 cuin
1520 1768 1594 1790 cura
1630 1755 1675 1789 vel
1698 1754 1766 1788 sine
1785 1765 1857 1788 cura

1111 1806 1156 1838 sic
1185 1805 1351 1852 recipiens,
1377 1805 1422 1838 vel
1450 1805 1613 1849 detinens,
1641 1812 1682 1848 et,
1710 1812 1744 1838 ut
1771 1815 1861 1850 prae-

1112 1854 1255 1896 mittitur,
1284 1867 1345 1888 nou
1369 1854 1552 1894 dimittens,
1580 1854 1731 1889 canonice
1759 1853 1860 1887 forsan

1112 1903 1261 1947 obtineat,
1275 1916 1307 1938 ea
1322 1905 1359 1938 sit
1372 1904 1542 1951 praesentis
1568 1905 1729 1939 constitut.
1759 1904 1861 1949 vigore

1114 1954 1183 2000 ipso
1200 1954 1278 1987 facto
1299 1954 1452 2000 privatus:
1488 1954 1651 1999 indignum
1681 1953 1764 1987 enim
1796 1952 1860 1986 fore

1113 2015 1290 2043 censemus,
1320 2011 1351 2037 nt
1379 2003 1591 2038 ecclesiastico
1615 2003 1766 2037 beneficio
1785 2014 1862 2048 gau-

1113 2052 1279 2099 deant,qui
1292 2065 1359 2087 eam
1374 2054 1647 2097 (E‹·clesiam?)tam
1664 2052 1804 2087 nefandis
1813 2063 1862 2085 au—

1113 2102 1202 2135 sibus
1235 2102 1395 2150 despectui
1434 2102 1621 2137 habueruut,
1662 2101 1863 2148 luiungimus

1113 2164 1252 2198 quoque,
1271 2160 1300 2185 et
1321 2153 1348 2185 in
1372 2152 1482 2186 virtute.
1505 2161 1629 2186 sanctae
1653 2151 1861 2190 obedientiae,

1116 2214 1236 2236 necnon
1250 2201 1309 2236 sub
1323 2202 1657 2236 excommnuicationis
1673 2213 1771 2248 poena
1792 2212 1862 2247 prae-

1114 2251 1264 2297 eipiendo
1292 2251 1479 2285 mandamus
1494 2251 1642 2285 omuibus
1664 2259 1692 2284 et
1719 2250 1862 2296 singulis,

1116 2310 1174 2334 tam
1187 2301 1321 2339 clericis,
1332 2314 1423 2347 quam
1442 2301 1683 2343 laicis,rusticis,
1694 2300 1864 2346 iobagioni-

1116 2350 1186 2393 bns,
1203 2351 1351 2388 vassallis,
1374 2350 1740 2390 castellanis,comitib11s
1753 2359 1780 2383 et
1803 2348 1863 2384 offi-

1116 2400 1246 2434 cialibus
1266 2400 1335 2434 aliis
1353 2413 1555 2447 quocumque
1579 2400 1671 2434 modo
1693 2400 1865 2434 subiectio-

1118 2450 1165 2484 nis
1179 2450 1314 2485 astrictis
1326 2450 1482 2496 dignitati,
1499 2450 1677 2497 personatui
1696 2450 1741 2484 vel
1766 2448 1865 2484 bene-

1118 2500 1187 2534 licio
1206 2500 1307 2534 taliter
1333 2501 1511 2545 occupatis,
1527 2499 1609 2547 quod
1624 2500 1801 2547 occupatori
1819 2498 1864 2533 vel

1117 2550 1271 2584 detentori
1300 2550 1464 2596 praedictis
1487 2550 1516 2584 in
1542 2549 1627 2583 nullo
1652 2557 1779 2596 pareant
1818 2548 1865 2583 vel

1119 2599 1291 2634 intendant.
1316 2599 1378 2641 Qui
1403 2612 1474 2634 vero
1497 2608 1616 2634 temere
1639 2599 1865 2639 contrafecerit,

1118 2650 1140 2683 si
1171 2649 1356 2683 universitas
1385 2649 1488 2688 suerit,
1512 2649 1688 2687 interdicti:
1712 2649 1735 2681 si
1760 2656 1864 2683 autem

1865 253 1913 277 Αῐι.
1935 250 1962 277 C.
1981 249 2045 276 15ὴὸ

1879 419 1906 439 Nc
1924 420 1968 446 quis
1992 419 2048 438 reri-

1865 454 1907 477 prat
1944 450 2047 469 ccclesia-

1866 482 1939 501 stit-um
1967 481 2048 500 henna<

1100 524 1137 547 ne
1164 513 1237 559 quis
1265 512 1585 559 archiepiscopatum,
1619 513 1849 560 episcopatum,
1865 519 1918 563 iffi·
1942 519 1945 530 ‘
1988 518 2026 530 ¹¹¹“'
2038 518 2048 529 ¹¹
