2274 3265
98 260 146 287 An.
164 260 193 286 C.
215 261 274 286 ¹59¹

113 469 133 489 li
137 469 182 489 fin
197 470 279 490 oriidiie

100 502 117 519 to
107 507 146 527 σφι
136 505 189 521 ιιιιιι

112 766 183 785 Puella
201 769 281 785 οιιιιιο-

98 797 158 817 nsihu*
174 803 209 816 ᾶ
213 800 239 817 t

152 960 225 981 Nubet⁴

112 1260 133 1281 lu
177 1262 280 1286 coniugati

98 1294 152 1311 statu
169 1292 228 1313 bonis
244 1299 282 1313 va-

98 1325 131 1342 cat
146 1325 252 1349 operibns.

116 2052 137 2073 ln
154 2057 213 2079 partu
230 2054 286 2077 peri-

102 2083 178 2104 clitans
200 2083 218 2104 Β.
236 2083 286 2104 Vir-

103 2117 157 2141 ginis

103 2149 156 2169 dium
169 2149 285 2174 expetitum

203 2116 288 2142 praesi-

894 254 1041 278 nomme!
1048 254 1082 276 US
1103 254 1138 276 ΙΧ
1160 253 1208 275 tw.

294 315 365 350 dam
390 314 567 357 silia‚euius
590 327 645 349 vox
675 326 727 361 per
756 311 908 348 mnndum
938 311 1036 346 adrni-

294 363 400 399 rabilis
427 364 580 399 audietur.

344 416 363 457 Ε
391 416 441 448 14.
466 414 541 448 Nata
558 425 633 459 ergo
654 412 754 458 puella
780 425 877 458 usque
893 411 929 446 ad
948 412 1039 444 linem

296 464 419 498 triennii
444 465 530 510 qnasi
558 463 691 507 elinguis
720 463 782 496 visa
804 470 862 505 est,
889 461 943 496 sed
972 472 1041 493 mox

295 522 400 548 contra
437 512 607 547 naturalem
643 513 810 546 decursum
846 523 906 544 non
931 509 1042 544 balbu-

297 563 400 597 tiendo
416 562 579 597 infantium
596 575 682 595 ιιιιιι·ι
698 561 764 600 sari,
777 560 1042 605 gestientiumque

296 612 468 655 audierint,
493 611 546 645 sed
570 612 722 657 completa
743 618 773 643 et
800 610 928 644 formata
952 608 1041 642 verba

296 662 336 696 de
357 662 472 696 auditis
495 674 549 707 per
576 673 642 694 eam
668 659 852 706 loquebatur
873 668 902 693 et
926 658 1009 692 visis.

344 712 364 756 Ε
389 714 443 745 15.
473 710 652 745 Ριουιιιιιι5
680 723 750 743 reio
775 722 804 743 ιιι
831 709 932 751 annis,
967 720 1044 754 pue-

297 761 397 795 ritiam
421 760 497 794 mira
526 760 693 794 devotione
723 760 893 813 tiJQaiistgit
928 757 1044 792 oratio-

297 809 392 844 nibns
415 809 558 844 videlicet
580 822 615 843 ac
643 809 779 849 ieiuniis
801 819 831 843 et
852 808 928 842 alias
951 820 1045 841 num-

296 872 389 906 quam
417 872 433 893 a
453 859 543 894 bonis
569 858 720 905 operibus
743 860 858 893 ociosa.

344 910 364 955 Ε
389 910 443 942 16.
466 908 606 943 Tandem
636 907 706 943 licet
743 909 771 941 ιιι
795 916 875 942 statii
906 908 1044 954 virginali

295 960 411 993 servire
434 957 569 992 Domino
589 960 661 992 totis
688 958 853 992 desideriis
878 958 1044 995 affectaret

296 1016 398 1042 tamen
428 1020 483 1054 per
511 1017 654 1053 patentes
686 1007 846 1054 compulsa
887 1007 1044 1054 qnondam

296 1057 423 1092 Vulsoni
451 1057 490 1092 de
513 1057 687 1103 Ulpliasutn
723 1057 855 1103 principi
893 1056 1046 1100 Not-uiae,

296 1107 493 1141 nobilissimo
520 1105 637 1161 quippe
664 1116 693 1140 et
715 1106 1001 1141 christianissimo
996 1120 1046 1140 iii-

296 1157 378 1197 veni,
402 1157 431 1190 in
454 1157 689 1191 matrimonium
718 1155 936 1202 desponsatur.

345 1206 365 1253 Ε
391 1208 444 1240 17.
473 1205 511 1240 Et
544 1219 615 1240 cum
641 1205 767 1240 insimul
795 1206 963 1239 convenire
992 1205 1047 1240 de-

297 1256 418 1298 berent,
441 1268 631 1302 quamquam
649 1255 752 1289 idonei
768 1262 872 1288 essent
890 1254 927 1288 ad
946 1254 1048 1288 viriles

295 1305 485 1352 amplexus,
518 1305 648 1340 maritus
684 1303 826 1338 videlicet
862 1303 890 1336 in
926 1304 1048 1338 decimo

295 1364 406 1390 octavo
433 1363 465 1389 et
499 1367 614 1400 sponsa
644 1355 672 1388 in
709 1354 927 1387 tertiodecimo
965 1366 1048 1387 anno

295 1405 471 1444 constituti,
490 1405 650 1438 communi
668 1412 771 1438 tamen
789 1402 947 1436 voluntate
961 1402 1048 1443 Tlio-

296 1455 375 1488 biam
400 1454 553 1488 iuniorem
577 1452 729 1487 ctSaram
758 1452 908 1498 Raguelis
926 1452 1047 1495 imitati,

295 1515 411 1538 annum
434 1503 621 1537 continuum
645 1512 677 1537 et
705 1502 785 1536 ultra
821 1515 836 1536 a
876 1502 1046 1536 concubitu

294 1553 524 1595 abstinuerunt7
538 1552 640 1587 Deum
655 1551 816 1587 humiliter
830 1552 1048 1598 deprecantes,

297 1611 330 1637 ut
363 1603 386 1637 si
415 1602 562 1648 coniungi
587 1602 666 1637 toret
688 1602 872 1647 expediens
902 1614 930 1634 in
958 1614 1049 1636 tom-

296 1653 447 1687 mixtione
462 1664 523 1686 non
541 1661 716 1698 peccarent,
733 1660 763 1686 et
777 1650 863 1686 Deus
878 1650 938 1685 illis
955 1652 1048 1685 talem

298 1702 416 1757 prolem
455 1701 655 1741 concedeiffet
696 1714 774 1748 quae
810 1701 848 1735 ad
885 1701 1048 1735 seivitium

296 1765 364 1787 eins
385 1760 478 1787 esset.
512 1751 615 1786 Simul
641 1760 747 1798 postea
770 1760 984 1785 ‹onieneriint
1019 1752 1048 1784 in

296 1803 408 1837 timore
439 1815 475 1836 ac
498 1810 644 1840 tremore
669 1814 730 1835 non
756 1800 890 1843 libidini
913 1800 967 1834 sed
993 1813 1050 1846 po-

297 1851 426 1886 steritati
470 1860 624 1886 vacantes
657 1851 737 1884 Cum
777 1828 898 1884 interiiii
939 1850 1048 1884 devota

299 1900 411 1934 mulier
448 1913 505 1934 nec
533 1900 647 1934 ieiunia
665 1927 672 1937 ,
701 1913 758 1934 nec
789 1900 959 1937 orationes,
994 1912 1051 1934 nec

299 1950 356 1985 alia
381 1951 427 1997 pia
451 1959 479 1983 et
501 1950 589 1984 solita
612 1962 706 1995 opera
730 1948 924 1995 praeteriret.

347 2000 368 2047 Ε
397 2001 453 2033 18.
472 1998 513 2034 Ει
535 2011 606 2033 cum
622 2011 749 2045 semper
764 1998 801 2033 B.
826 1998 947 2043 Virgini
972 2010 1051 2044 prae-

299 2050 392 2096 cipue
406 2049 515 2084 devota
532 2048 622 2088 foret,
632 2061 679 2091 ac,
690 2057 832 2095 tempore
849 2049 1050 2095 procedente,

301 2111 380 2147 pene
409 2106 496 2145 partu
532 2099 770 2145 periclitaretur,
810 2107 839 2132 et
866 2097 1050 2132 obstetrices

299 2162 335 2185 ac
352 2150 503 2183 mutieres
525 2148 685 2183 adstantes
706 2148 744 2182 de
761 2148 821 2182 vita
840 2147 922 2182 illius
936 2147 1051 2193 despe-

302 2206 416 2241 rarent,
444 2198 506 2232 visa
530 2206 577 2232 est
603 2198 757 2245 quaedam
788 2197 966 2243 imperiosa,
994 2197 1049 2231 sed

301 2248 458 2294 incognita
494 2248 626 2287 mulier,
661 2247 739 2283 albis
778 2247 906 2281 sericeis
944 2247 1050 2282 induta

301 2299 442 2334 vestibus
466 2298 580 2332 intrare
595 2297 713 2340 cubile,
729 2306 759 2331 et
776 2297 920 2331 assistere
943 2304 1051 2336 strato,

301 2359 330 2384 et
358 2347 480 2394 singula
515 2347 644 2382 iacentis
679 2346 817 2382 membra
854 2355 1051 2392 pertractare,

302 2411 373 2433 mox
391 2410 462 2432 cum
484 2397 551 2432 talis
574 2398 685 2432 mulier
706 2397 923 2442 disparuisset,
942 2396 1050 2431 eadem

304 2459 456 2495 puerpera
500 2447 567 2481 sine
586 2446 693 2481 dolore
723 2454 811 2493 partu
836 2446 956 2491 integro
971 2458 1052 2480 exo-

303 2506 408 2532 nerata
433 2505 594 2532 remansit.

353 2548 372 2594 Ε
405 2550 457 2581 19.
475 2546 599 2581 Etcum
616 2546 709 2581 etiam
724 2546 798 2580 dicti
815 2544 934 2592 iugales
950 2544 1054 2579 adbuc

120 2607 173 2628 Eine
218 2609 291 2627 servat
306 2598 436 2632 iuvenes
451 2605 481 2632 et
505 2604 657 2636 recentes,
671 2596 801 2630 maritus
824 2594 923 2630 felicis
948 2595 1054 2629 uxoris

107 2639 266 2660 continentiam.

305 2648 421 2683 sanctis
445 2646 673 2682 monitionibus
700 2657 879 2694 persuasus,
903 2657 956 2681 cor
971 2645 1053 2681 enim

1713 241 1782 273 ota

1084 309 1138 343 viri
1160 309 1270 363 spoliis
1299 322 1360 343 non
1383 310 1544 355 indigens,
1564 308 1718 344 conlisum
1740 308 1770 342 in
1787 318 1833 348 ea,

1085 358 1220 393 reddidit
1235 359 1260 392 ei
1280 359 1395 393 bonnm
1412 367 1441 393 et
1457 372 1517 393 non
1548 358 1664 393 malum
1683 356 1834 392 omnibus

1084 408 1195 443 diebus
1218 409 1295 442 vitae
1317 421 1403 447 suae,
1428 409 1557 455 ipsaque
1582 408 1696 442 mulier
1713 406 1833 441 indixe-

1085 467 1157 492 ιιιιιι
1189 457 1248 491 sibi
1273 465 1385 504 sponte
1421 458 1564 498 invicem,
1589 465 1618 491 et
1649 465 1832 503 perpetuam

1085 508 1308 542 continentiam
1336 515 1549 541 servate-hunt

1133 558 1153 600 Ε
1175 558 1232 590 20.
1262 557 1298 590 Ei
1327 556 1532 590 nibilominus
1559 556 1709 600 coniuges
1731 555 1832 589 deioti

1087 608 1116 640 ιιι
1145 606 1201 640 Dei
1226 607 1335 640 tiinoie
1362 614 1389 639 et
1414 618 1520 639 amore
1550 605 1681 651 pioximi
1710 617 1857 651 semper

1086 655 1301 700 l'erientiores‚
1322 655 1426 689 limina
1452 654 1486 688 B.
1507 654 1606 688 licobi
1636 653 1778 700 Apostoli
1804 667 1833 687 in

1086 706 1300 753 Compostella
1335 705 1496 740 communi
1525 711 1594 738 voto
1618 716 1745 749 peregre
1769 703 1836 737 visi-

1087 764 1204 790 tarunt.

1135 807 1230 853 Ε21.
1258 805 1298 840 Ει
1324 805 1361 839 ad
1391 804 1516 851 propria
1546 802 1672 846 reversi,
1690 814 1762 837 cum
1779 801 1835 836 de-

1088 851 1288 898 liberassent,
1312 863 1343 889 ut
1376 855 1504 889 liberius
1536 852 1692 887 deiotioni
1731 864 1836 886 vacare

1090 915 1229 952 possent,
1250 918 1305 951 pro
1327 917 1422 939 sexus
1444 903 1622 938 diversitate
1645 901 1765 936 diversa
1791 902 1838 935 in·-

1088 955 1174 1001 gredi
1199 955 1399 997 monasteria,
1426 953 1528 988 dictus
1558 952 1706 998 princeps
1733 952 1763 985 ιιι
1786 950 1836 985 tali

1088 1005 1310 1040 deliberatione
1337 1004 1452 1050 quievit
1480 1004 1509 1037 in
1539 1002 1687 1036 Domino

1138 1058 1237 1094 ΖΕΖ.
1270 1054 1383 1088 Sancta
1415 1062 1519 1087 autem
1551 1051 1663 1089 Vidua
1692 1041 1774 1097 quae
1799 1050 1837 1083 ab

1091 1088 1229 1138 ineuntis
1252 1104 1360 1138 aetatis
1381 1102 1534 1149 principio
1562 1101 1628 1135 Deo
1650 1100 1749 1134 dicata
1766 1100 1834 1134 fue-

1091 1162 1156 1192 rat,
1181 1162 1212 1187 nt
1248 1153 1372 1187 ieiuniis
1399 1160 1429 1186 et
1455 1150 1649 1186 orationibus
1682 1148 1838 1184 indefesse

1091 1210 1236 1241 vacaret
1259 1202 1362 1236 soluto
1385 1202 1532 1247 coniugio
1559 1209 1589 1234 et
1621 1199 1668 1234 sui
1695 1199 1771 1233 iuris
1792 1198 1839 1232 es-

1091 1252 1180 1292 secta,
1202 1253 1291 1298 quasi
1310 1252 1396 1286 navis
1419 1250 1571 1285 institoris
1592 1249 1631 1283 de
1656 1249 1747 1294 longe
1762 1260 1835 1295 por—

1091 1310 1160 1335 tans
1183 1314 1294 1347 panem
1319 1313 1426 1344 snum⁷
1448 1313 1463 1334 a
1479 1300 1598 1346 Spiritu
1615 1299 1731 1333 Sancto
1749 1310 1837 1344 prae-

1091 1352 1222 1389 monita,
1241 1352 1406 1396 egrediens
1433 1349 1472 1383 de
1500 1357 1579 1383 terra
1602 1357 1632 1381 et
1650 1347 1838 1393 cognatione

1090 1413 1160 1443 sua,
1182 1400 1220 1434 ad
1249 1401 1362 1434 almani
1392 1398 1509 1433 Urbem
1530 1411 1565 1432 ae
1588 1397 1838 1450 Hierosolymam

1090 1450 1206 1484 deinde
1235 1449 1379 1495 perrexit,
1403 1457 1432 1482 et
1455 1449 1520 1483 loca
1545 1446 1681 1493 singula,
1709 1459 1739 1480 iu
1767 1458 1839 1493 qui-

1092 1500 1149 1534 bus
1177 1498 1334 1533 Dominus
1363 1507 1468 1533 noster
1495 1497 1582 1532 lesus
1613 1496 1759 1531 Christus
1783 1508 1841 1529 an-

1093 1550 1262 1584 nunciatus
1278 1577 1285 1589 ,
1310 1556 1401 1583 natus
1416 1575 1424 1590 ,
1456 1548 1618 1589 educatus,
1640 1545 1815 1593 baptizatus
1832 1572 1840 1585 ,

1091 1607 1305 1638 conversatus,
1334 1597 1485 1633 mirabilia
1513 1605 1684 1644 operatus,
1708 1596 1839 1634 illusus,

1092 1649 1263 1684 crucifixus
1290 1657 1320 1683 et
1347 1648 1489 1702 sepultus
1512 1647 1588 1686 fuit,
1611 1653 1641 1680 et
1672 1645 1709 1679 ad
1733 1644 1838 1679 coelos

1092 1699 1245 1741 ascendit,
1262 1698 1374 1743 insigni
1394 1697 1559 1731 devotione
1573 1704 1602 1730 et
1616 1694 1836 1730 venerabunda

1093 1749 1270 1794 conspexit.
1295 1747 1341 1781 Ad
1374 1746 1489 1782 Urbem
1513 1758 1641 1800 quoque
1675 1756 1840 1799 regressa,

1092 1812 1162 1833 cum
1186 1806 1275 1832 antea
1301 1797 1366 1832 sive
1389 1797 1420 1831 in
1443 1795 1566 1850 Galliis,
1589 1807 1653 1829 sive
1678 1795 1708 1828 ιιι
1725 1793 1841 1849 Hispa-

1093 1849 1155 1887 nia
1178 1848 1242 1882 sive
1265 1848 1295 1881 in
1319 1846 1419 1885 ltalia,
1442 1847 1507 1880 sive
1532 1846 1561 1880 in
1580 1845 1651 1880 aliis
1666 1844 1842 1879 cismarinis

1092 1906 1145 1932 aut
1181 1896 1392 1932 ultramarinis
1425 1895 1565 1943 paitibus
1598 1903 1778 1929 sanctorum
1805 1906 1842 1928 ac

1093 1956 1272 1982 sanctarum
1296 1958 1426 1993 corpora
1467 1958 1520 1980 seu
1545 1943 1766 1979 memorandae
1794 1956 1843 1977 rc-

1094 1997 1208 2045 liquiae
1229 1997 1441 2044 quiescerent,
1465 2007 1563 2041 pauca
1578 1993 1748 2029 admodum
1770 1992 1843 2027 abs-

1092 2060 1153 2093 que
1182 2046 1338 2094 personali
1375 2045 1550 2080 visitatione
1577 2044 1679 2079 dictae
1716 2051 1842 2077 sanctae

1093 2101 1214 2135 Viduae
1241 2100 1374 2135 fuissent
1408 2098 1637 2146 praetermissa,
1674 2097 1704 2131 ιιι
1733 2098 1841 2132 eadem

1093 2155 1179 2190 Urbe
1207 2155 1363 2201 reliquum
1387 2155 1468 2189 vitae
1496 2153 1625 2200 peregit.

1142 2214 1157 2253 Ε
1184 2212 1241 2244 23.
1261 2210 1323 2244 Sed
1349 2217 1418 2255 post
1441 2208 1541 2242 mariti
1567 2215 1713 2245 mortem,
1729 2205 1769 2240 ob
1792 2218 1843 2241 re—

1096 2264 1265 2299 verentiam
1297 2264 1432 2299 Sanctae
1454 2263 1640 2301 Trinitatis,
1662 2261 1700 2295 ad
1727 2260 1841 2295 nudam

1094 2332 1219 2354 carnem
1262 2318 1430 2365 quamdam
1466 2317 1615 2351 chordam
1651 2316 1689 2350 de
1724 2327 1843 2363 canapo

1095 2386 1164 2408 cum
1190 2373 1349 2420 plerisque
1372 2371 1463 2407 nodis
1486 2371 1598 2406 detulit
1620 2370 1726 2405 stricte
1759 2369 1844 2416 liga-

1096 2435 1181 2465 tam,
1210 2435 1240 2460 et
1276 2426 1420 2461 similiter
1451 2426 1531 2459 circa
1567 2423 1709 2470 singulas
1744 2423 1844 2471 tybias

1096 2481 1207 2517 subtus
1229 2493 1330 2527 genua
1365 2478 1507 2526 singulas
1540 2478 1674 2513 chordas
1700 2477 1844 2512 similiter

1096 2535 1291 2570 connodatas
1307 2563 1314 2575 ,
1342 2534 1434 2569 etiam
1458 2541 1599 2580 tempore
1628 2531 1818 2567 infirmitatis
1837 2560 1844 2570 ,

1097 2602 1154 2624 nec
1179 2589 1290 2636 pannis
1313 2588 1414 2631 lineis,
1438 2595 1656 2634 praeterquam
1680 2586 1709 2620 in
1729 2586 1843 2633 capite,

1098 2657 1151 2679 usa
1181 2652 1264 2678 veste
1287 2642 1410 2691 hispida
1434 2643 1515 2678 circa
1538 2653 1677 2682 carnem,
1699 2639 1845 2688 superius

1848 250 1898 276 An.
1915 248 1943 274 C.
1963 248 2025 274 ¹591

1862 559 1909 579 (um
1926 564 2000 580 marito
2012 557 2024 578 8

1850 589 1918 611 iacobi
1941 590 2031 615 [jompa-

1850 621 1924 641 tellau
1961 622 1965 640 1
1970 628 2032 641 iiiii

1850 656 1918 671 visitat

1864 804 1929 824 nevit
1934 809 2033 822 11111111

1932 838 1993 851 rm».

1858 1053 1879 1073 ln
1889 1052 1949 1073 ferra

1853 1088 1905 1105 [tam
1945 1087 2034 1109 peregre

1853 1116 1992 1142 proficiscitur

1953 1059 1970 1072 m
1982 1052 2034 1071 San-

1866 2218 1946 2239 cincus
1957 2223 2040 2238 earnem

1858 2251 1934 2271 domat.
