2274 3265
200 265 248 289 An.
267 262 296 288 C.
319 261 384 287 ¹505

217 1009 296 1028 Atheni
339 1012 388 1030 erga

204 1042 239 1065 Ap·
251 1043 268 1057 st
312 1039 386 1056 §erlem

205 1074 279 1090 merila

226 1902 322 1921 Attienus
341 1899 395 1924 legi—

211 1937 261 1952 time
272 1933 291 1951 in
308 1932 398 1957 impera-

211 1968 279 1984 torem
307 1962 395 1982 alectus,

455 247 518 279 160
978 253 1165 277 urrunnun
1190 252 1353 274 nomam!
1958 248 2007 274 An.
2027 247 2056 273 C.
2075 247 2140 274 1303

401 323 460 348 tem
484 323 646 351 exercens,
669 319 702 346 ut
731 311 761 345 in
775 311 854 345 Eius
876 310 1081 357 beneplacitis
1108 311 1149 345 se-

400 373 504 396 ramus
531 361 639 406 iugum
661 359 852 407 apostolicae
874 360 1042 401 servitutis,
1069 360 1147 395 viam

400 423 456 445 nos
475 409 661 444 humilitatis
683 408 821 448 edocuit,
860 421 982 456 nosque
1019 422 1148 444 suorum

399 460 553 494 doctrinis
574 458 793 494 mandatorum
818 459 973 499 instruxit,
998 466 1029 492 ut
1048 459 1149 506 Ipsius

400 508 544 554 vestigia,
567 508 619 555 qui
639 508 760 555 patiens
782 515 811 542 et
835 507 964 542 humilis
986 518 1032 542 est
1055 516 1149 553 atque

400 559 592 602 misericors,
614 565 766 604 quantum
791 557 908 604 patitur
934 556 1070 592 bumana
1094 558 1150 591 sra-

399 608 515 654 gilitas,
532 607 701 642 imitemur.
719 606 783 641 Nos
799 606 902 653 itaque
925 605 1028 652 Ipsius
1048 618 1151 641 exem-

402 658 452 704 plo
475 657 566 703 dirigi
589 656 765 703 cupientes,
792 669 873 702 quos
903 656 941 690 ad
974 668 1030 690 nos
1067 656 1150 690 lidu-

400 707 447 741 cia
475 706 585 741 devota
614 705 749 746 reducit,
771 705 904 740 libenter
931 705 1068 740 brachiis
1091 718 1150 752 pa-

401 765 508 792 ternae
531 755 732 802 benignitatis
764 755 994 802 amplectimur,
1028 755 1151 802 illisque

401 807 505 841 sinum
521 804 775 840 mansuetudinis
789 812 818 838 et
833 804 1066 839 misericordiae
1089 817 1150 839 non

403 868 567 901 negamus,
591 854 667 889 dum
697 853 742 888 eis
771 854 954 899 praesertim
976 853 1153 889 derotionis

401 914 432 939 et
459 903 644 939 humilitatis
672 903 817 937 instantia
846 903 1045 948 suffragatur.

451 957 466 996 ξ
491 956 520 987 1.
544 953 691 988 Profecto
717 952 791 986 dum
817 951 909 985 tidem
942 961 971 986 ct
1010 952 1153 987 devotio-

404 1015 474 1037 nem
498 1002 587 1037 dirae
610 1002 778 1036 memoriae
798 1001 958 1047 Rodulplii
988 1002 1070 1048 regis
1092 1002 1154 1036 Ro-

404 1063 569 1086 manorum
598 1051 693 1098 patris
721 1051 776 1094 tui,
812 1050 927 1097 quibus
963 1051 1041 1097 ipse,
1076 1051 1151 1084 dum

405 1101 530 1140 viveret,
553 1113 627 1146 erga
649 1099 765 1135 Sedem
789 1099 1003 1147 Apostolicam
1033 1100 1154 1135 studuit

403 1162 473 1184 cum
511 1150 691 1185 sinceritate
731 1150 848 1195 vigere,
886 1148 923 1183 ad
968 1149 1152 1184 memoriam

403 1207 527 1234 nostrae
547 1199 811 1234 considerationis
834 1197 1043 1243 adducimus,
1078 1199 1152 1233 dum

404 1249 485 1283 clara
509 1257 540 1283 et
567 1248 697 1295 provida
720 1248 972 1294 magnificentiae
995 1257 1066 1282 tuae
1094 1256 1154 1282 stu—

404 1299 466 1340 dia,
494 1310 549 1344 per
570 1309 651 1344 quae
678 1297 789 1332 diebus
813 1297 877 1331 istis
899 1298 1063 1342 gratificari
1087 1297 1155 1332 Deo

405 1356 434 1381 et
458 1347 516 1393 ipsi
546 1346 622 1381 Sedi
646 1360 718 1382 cum
747 1359 890 1381 summae
913 1346 1089 1382 devotionis
1126 1355 1155 1381 et

407 1395 592 1431 humilitatis
615 1396 864 1443 promptitudine
891 1395 1069 1440 decrevisti,
1105 1395 1154 1430 di·

408 1446 556 1492 ligentius
578 1446 748 1486 intuemur3
766 1445 908 1492 suggerit
931 1445 1022 1480 nobis
1044 1445 1154 1479 liorum

407 1495 530 1529 fervens
566 1495 724 1536 instantia,
749 1503 780 1529 ut
802 1507 875 1541 erga
905 1504 933 1530 te
966 1503 1157 1530 mansuetu-

406 1543 512 1579 dinem
536 1552 566 1578 et
589 1544 834 1579 misericordiam
858 1545 1156 1583 exercentes,statui

407 1603 459 1627 tuo
474 1592 644 1628 salubriter
665 1593 702 1628 ad
726 1593 850 1628 laudem
875 1592 978 1628 Divini
1001 1593 1157 1633 Nominis,

408 1643 559 1677 bonorem
588 1652 619 1677 et
647 1642 868 1678 exaltationem
896 1650 1022 1677 sanctae
1051 1642 1158 1677 Matris

408 1691 579 1732 Ecclesiae,
607 1693 751 1739 sacrique
774 1692 908 1739 imperii,
924 1704 960 1727 ac
982 1692 1159 1739 tranquilli-

408 1749 500 1776 tatem
517 1749 547 1776 et
564 1754 672 1789 pacem
689 1741 841 1781 fidelium,
864 1742 995 1776 authore
1009 1741 1160 1786 Domino,

408 1791 619 1826 consulamus.

459 1845 474 1885 g
501 1843 533 1875 2.
557 1841 687 1876 Dudum
716 1840 874 1887 siquidem
899 1839 999 1875 clarae
1032 1852 1160 1875 memo-

412 1890 473 1925 riae
495 1889 668 1938 Rodulplio
695 1903 766 1937 rege
788 1890 1005 1925 Romanorum
1041 1890 1080 1924 de
1104 1890 1160 1924 bac

411 1939 481 1974 luce
500 1939 673 1984 subtracto,
701 1949 731 1974 et
755 1952 810 1985 per
832 1940 901 1974 cius
929 1939 1050 1974 obitum
1088 1938 1161 1973 Ro-

411 2001 504 2023 mano
532 2002 629 2036 regno
652 1997 792 2027 vacante,
818 1988 976 2035 principes
1009 1988 1161 2023 ecclesia-

410 2038 479 2072 stici
502 2048 532 2074 et
553 2038 789 2083 saeculares7ad
807 2051 898 2084 quos,
919 2038 1066 2073 translato
1087 2038 1160 2072 olim

413 2100 542 2123 romano
565 2088 698 2135 imperio
727 2088 766 2122 de
800 2087 931 2122 Graecis
959 2100 1013 2134 per
1044 2087 1161 2122 Sedem

410 2137 622 2183 Apostolicam
647 2138 677 2171 in
702 2149 834 2184 persona
859 2136 1015 2183 magnifici
1059 2136 1161 2171 Caroli

413 2188 441 2220 in
465 2186 654 2232 Germanos,
678 2187 771 2221 futuri
794 2185 1012 2221 Romanorum
1028 2187 1111 2231 regis
1132 2186 1160 2219 in

412 2238 632 2283 imperatorem
657 2235 858 2283 postmodum
883 2237 1087 2283 promovendi
1104 2235 1164 2270 ele-

360 2316 363 2319 .
411 2286 472 2320 ctio
500 2287 648 2333 pertinet,
682 2294 710 2320 te
739 2286 768 2320 in
802 2285 1019 2320 Romanorum
1056 2297 1162 2332 regem

413 2335 602 2370 unanimiter
629 2344 659 2370 et
680 2335 878 2370 concorditer
901 2335 1075 2381 elegerunt:
1112 2343 1164 2368 tu-

412 2397 474 2431 que
509 2384 693 2420 huiusmodi
735 2385 879 2419 electioni
920 2384 958 2419 de
995 2393 1024 2418 te
1066 2385 1164 2418 factae

412 2435 625 2479 consentiens,
654 2434 738 2469 suisti
763 2446 849 2469 more
871 2433 1088 2469 Romanorum
1114 2446 1164 2468 re-

413 2496 488 2529 gum
523 2484 605 2532 apud
628 2484 866 2532 Aquisgranum
890 2484 922 2518 iu
947 2483 1162 2518 Romanorum

415 2546 519 2580 regem
544 2533 748 2581 postmodum
772 2540 961 2568 coronatus:
985 2541 1016 2567 et
1051 2532 1164 2566 deinde

415 2584 477 2617 l'ere
500 2595 555 2630 per
573 2583 824 2630 quinquennium
853 2581 1020 2617 exercuisti
1057 2581 1165 2616 admi-

1193 309 1235 343 tui
1265 307 1402 353 legitime
1429 317 1465 340 ac
1487 305 1686 340 concorditer
1713 305 1742 338 in
1777 304 1943 340 Romano—

1193 370 1260 392 rum
1286 368 1374 403 reges
1397 355 1487 390 electi
1516 365 1664 389 exercere
1699 354 1800 388 solent
1834 354 1945 389 hacte-

1192 420 1262 451 nus,
1282 415 1447 453 postquam
1467 404 1550 451 apud
1567 403 1687 438 dictum
1707 403 1810 438 locum
1832 403 1945 450 Aquis-

1191 456 1291 502 grani,
1319 455 1372 490 ubi
1397 455 1456 489 lioc
1491 454 1555 488 lieri
1588 453 1765 496 consuevit,
1803 454 1943 488 coronati

1192 505 1330 540 suerunt.

1241 559 1256 598 ξ
1279 557 1310 589 5.
1326 553 1458 594 Verum,
1482 564 1554 587 cum
1575 551 1681 586 medio
1705 559 1846 598 tempore
1869 564 1943 586 non·
1968 559 2143 595 1'1-ssberfusro·

1193 604 1279 639 nulla
1302 611 1408 639 contra
1443 611 1472 638 te
1510 614 1606 649 super
1648 602 1686 636 iis
1725 600 1763 635 ad
1803 610 1942 636 nostram
1959 591 2144 642 zss'lssss‘ssffm'ssflssfffu‘ss

1192 654 1386 690 audientiam
1426 653 1559 688 deducta
1602 652 1753 691 fuissent,
1800 653 1894 687 certis
1927 664 1943 686 a
1960 652 2145 704 ξζξέξωᾞζθζέ

1195 705 1284 739 uobis
1311 704 1461 738 adversus
1490 712 1519 738 te
1541 701 1743 748 processibus
1779 709 2017 749 proptereamn:
2099 689 2109 709 Ρ

1194 753 1380 793 subsecutis;
1409 762 1440 787 tu
1464 752 1566 788 devoti
1593 760 1624 786 ct
1661 751 1828 799 prudentis
1859 763 1946 787 more

1195 804 1248 838 lilii
1272 803 1310 837 de
1333 803 1422 837 solita
1441 802 1536 849 patris
1559 801 1751 848 benignitate
1769 801 1946 845 confidens,

1194 865 1289 900 super
1305 852 1342 886 iis
1358 864 1419 886 non
1440 851 1603 890 iudicium,
1617 850 1671 885 sed
1696 851 1944 886 misericordiam

1197 901 1358 936 humiliter
1380 901 1566 948 implorasti3
1588 899 1796 934 nihilominus
1812 900 1947 935 offerens

1196 960 1224 985 te
1248 958 1389 998 paratum
1424 958 1521 991 tuam,
1557 957 1650 996 prout
1682 961 1817 995 posses,
1852 961 1949 996 super

1195 1000 1240 1035 eis
1262 1008 1447 1035 ostensurus
1474 998 1702 1036 innocentiam,
1724 1006 1754 1033 et
1779 999 1855 1033 alias
1889 1010 1948 1033 no-

1195 1057 1256 1084 stra
1280 1058 1309 1084 ct
1332 1048 1432 1083 dictae
1454 1047 1546 1083 Sedis
1574 1047 1770 1091 beneplacita
1806 1056 1835 1082 et
1863 1059 1949 1082 man-

1196 1099 1264 1133 data
1288 1099 1455 1133 facturum:
1480 1097 1659 1144 praestitisti
1697 1108 1824 1143 quoque
1857 1095 1949 1131 nobis

1196 1156 1225 1183 et
1247 1148 1322 1183 Sedi
1354 1146 1513 1182 fidelitatis
1558 1155 1587 1181 et
1622 1144 1825 1180 obedientiae
1865 1145 1950 1179 iura-

1197 1206 1353 1240 mentum,
1378 1204 1408 1230 et
1437 1195 1589 1231 nonnulla
1612 1195 1705 1230 etiam
1737 1194 1795 1229 alia
1832 1195 1952 1241 promi-

1196 1247 1262 1282 sisti
1286 1255 1315 1280 ct
1340 1247 1517 1281 iuramento
1553 1245 1696 1288 firmasti,
1731 1256 1813 1291 quae
1840 1252 1901 1277 tam
1935 1255 1951 1277 a

1198 1295 1356 1342 praedicto
1373 1304 1459 1342 patre
1482 1302 1549 1339 tuo,
1571 1306 1666 1342 quam
1690 1305 1705 1327 a
1731 1293 1953 1339 praedecesso-

1198 1345 1286 1380 ribus
1308 1345 1377 1379 eius
1406 1344 1623 1379 Romanorum
1665 1342 1792 1388 regibus
1828 1342 1925 1376 iurata
1944 1368 1952 1381 ,

1198 1394 1366 1441 promissa,
1382 1393 1472 1433 sacta,
1493 1394 1652 1439 recognita
1671 1400 1702 1428 et
1721 1403 1870 1426 concessa
1891 1390 1953 1425 sue-

1199 1452 1281 1484 runt,
1305 1444 1385 1478 sicut
1408 1443 1485 1478 baec
1507 1451 1536 1478 et
1559 1443 1616 1477 alia
1640 1443 1669 1477 in
1694 1441 1820 1476 duobus
1842 1449 1954 1487 paten-

1200 1492 1284 1527 tibus
1306 1493 1405 1528 literis
1425 1500 1479 1527 tuo
1507 1492 1612 1538 sigillo
1640 1491 1786 1539 signatis,
1808 1502 1890 1537 quae
1923 1489 1952 1523 in

1201 1542 1300 1589 ipsius
1335 1543 1464 1577 areliiro
1508 1550 1737 1577 conservantur
1769 1539 1953 1578 Ecclesiae,

1202 1592 1326 1638 plenius
1354 1591 1569 1626 continentur.

1249 1645 1319 1684 §4¹-
1349 1640 1497 1688 Cumque
1524 1641 1622 1676 ricem
1663 1651 1809 1687 geramus
1845 1637 1952 1682 Illius,
1981 1643 2051 1693 &²2¹
2075 1642 2154 1693 &rt-2¹-

1201 1691 1254 1738 qui
1293 1690 1407 1725 sedens
1444 1699 1477 1725 ut
1504 1703 1569 1734 rex,
1609 1688 1826 1725 circumdante
1862 1698 1954 1721 exer·
1968 1678 2153 1734 {issgssliiiii'gu

1202 1741 1277 1779 citu,
1305 1748 1350 1774 est
1376 1740 1586 1775 moerentium
1616 1740 1806 1781 consolator,
1834 1744 1864 1772 et
1889 1749 1955 1771 om·
1968 1738 2104 1758 “⁰⁰“fm⁸¹³²<

1203 1790 1407 1837 nipotcntiam
1451 1802 1540 1824 suam
1588 1789 1747 1836 parcendo
1787 1795 1817 1822 et
1855 1786 1954 1821 mise—

1203 1839 1300 1874 rando
1329 1839 1464 1875 maxime
1486 1839 1686 1882 manifestat,
1716 1837 1882 1872 devotione
1917 1847 1953 1870 ac

1205 1888 1377 1923 bumilitate
1405 1897 1455 1924 tua
1479 1896 1636 1936 gratanter
1665 1888 1806 1935 inspecta
1823 1913 1832 1930 ,
1873 1885 1952 1919 viam

1204 1938 1472 1983 mansuetudinis,
1499 1937 1735 1973 misericordiae
1769 1948 1805 1970 ac
1845 1934 1955 1968 dulce-

1203 1988 1288 2022 dinis
1310 2000 1382 2034 erga
1418 1996 1447 2022 te
1472 1988 1578 2035 potius
1605 1987 1772 2033 elegimus,
1795 1996 1889 2032 quam
1920 1984 1957 2017 ri-

1203 2038 1300 2084 goris,
1325 2046 1355 2071 ut
1374 2037 1458 2084 apud
1483 2050 1540 2072 nos
1567 2045 1596 2071 et
1624 2036 1799 2071 Ecclesiam
1835 2044 1956 2067 memo-

1205 2095 1300 2122 ratam
1323 2086 1499 2121 obedientia
1517 2086 1646 2121 liumilis
1668 2085 1722 2120 tibi
1748 2083 1857 2131 prosit,
1876 2082 1957 2117 sicut

1204 2136 1316 2171 obesse
1360 2136 1477 2170 debent
1524 2133 1798 2182 contemptoribus
1845 2131 1958 2166 inobe-

1205 2186 1320 2220 dientia
1361 2194 1390 2220 et
1425 2194 1634 2231 contemptus.
1676 2184 1716 2218 Et
1742 2183 1816 2230 quia
1850 2181 2154 2238 lex·an-Vlff¹⁸u1⁵3u÷¹,·f¹·¹jf¹1¹

1206 2244 1251 2270 tes
1279 2235 1308 2269 in
1332 2235 1466 2269 circuitu
1495 2234 1603 2269 oculos
1626 2242 1764 2277 nostros,
1786 2239 1815 2267 et
1838 2230 1956 2265 Roma-
1971 2223 2154 2270 {ninnss'l'iffl

1206 2297 1318 2319 norum
1339 2296 1470 2330 regnum
1494 2292 1525 2319 et
1566 2284 1733 2330 imperium
1771 2282 1932 2329 intuentes
1947 2307 1955 2320 ,
1971 2280 2072 2307 “²⁰¹⁹'‘-

1207 2334 1388 2368 invenimus
1412 2335 1440 2368 in
1466 2334 1541 2381 ipsis
1563 2342 1688 2380 gentem
1725 2330 1956 2379 peccatricem,

1209 2383 1343 2430 populos
1365 2395 1475 2429 graves
1490 2383 1664 2430 iniquitate,
1679 2394 1787 2417 semen
1809 2391 1957 2426 nequam,

1208 2434 1287 2467 lilios
1314 2434 1494 2473 sceleratos,
1517 2433 1570 2480 qui
1594 2433 1798 2479 deliquerunt
1825 2431 1855 2464 in
1891 2428 1958 2463 Do-

1209 2483 1341 2521 minum,
1359 2482 1656 2529 blasphemaverunt
1676 2481 1827 2516 Sanctum
1847 2477 1957 2521 Israel,

1208 2540 1237 2566 et
1259 2532 1383 2567 alienati
1400 2541 1473 2567 sunt
1496 2539 1681 2571 retrorsum,
1697 2540 1728 2566 et
1749 2530 1778 2564 in
1797 2530 1841 2564 eis
1864 2539 1958 2563 omne

1208 2590 1301 2628 caput
1323 2582 1520 2629 languidum,
1548 2589 1579 2616 et
1597 2593 1690 2616 omne
1711 2592 1765 2615 cor
1798 2590 1958 2619 moereus;

416 2632 630 2666 nistrationcm
655 2633 784 2678 regiam:
810 2633 889 2667 sicut
910 2631 1165 2678 praedecessores
1210 2631 1247 2665 ita
1278 2631 1361 2677 quod
1387 2644 1401 2665 a
1432 2631 1533 2678 planta
1563 2630 1651 2677 pedis
1681 2641 1780 2677 usque
1804 2629 1840 2664 ad
1865 2628 1958 2663 verti-
