2274 3265
465 263 533 296 762
983 271 1168 294 Butuntum
1193 270 1351 293 nomnen

1163 332 1198 370 L

417 429 500 463 laici
525 440 585 461 nou
609 426 722 460 debent
749 426 953 460 intromittere
975 438 1007 460 se
1029 426 1067 460 de
1089 426 1298 461 electionibus
1321 426 1527 472 praelatorum
1547 425 1592 460 vel
1617 425 1836 460 collationibus
1859 438 1950 474 prae-

515 476 699 519 bendarum,
722 488 776 509 seu
797 475 1007 522 quorumlibet
1029 475 1250 509 beuetiriorum
1274 475 1559 510 ecclesiasticorum
1577 475 1695 509 directe
1717 475 1762 509 rel
1784 474 1948 515 indirecte,

515 528 554 559 81
583 527 610 559 b.
640 525 875 559 interdicuntur
898 525 958 559 illis
980 525 1210 559 coutroversiae
1233 524 1270 558 de
1296 525 1379 568 lide,
1410 526 1478 558 106
1500 526 1528 558 b.
1559 524 1607 558 Ad
1638 524 1707 559 illos
1743 536 1803 559 non
1830 532 1949 572 spectat

513 587 670 609 sacrarum
696 587 799 609 rerum
828 574 1068 613 administratio,
1097 575 1167 608 609
1190 587 1219 608 a.

418 624 635 659 Later-anemis
658 624 785 658 basilica
808 624 967 659 canonicis
996 623 1209 658 saecularibus
1235 623 1370 662 addicta,
1396 625 1464 657 155
1487 625 1516 657 b.
1539 623 1617 657 Eius
1638 623 1794 669 dignitas,
1824 626 1892 658 186
1919 625 1946 658 b.

516 673 657 708 For-tuito
680 674 750 719 igue
773 682 991 716 concremata,
1014 675 1086 707 ibid.
1118 672 1348 707 Christilideles
1382 673 1418 707 ad
1447 673 1515 707 eius
1555 673 1784 720 reparationem
1812 673 1950 708 excitan-

517 733 567 758 tur
599 723 755 769 proposita
792 723 996 769 indulgentia,
1028 724 1102 756 ibid.
1132 731 1160 755 et
1188 734 1246 767 seq.
1278 722 1470 769 Supremum
1498 734 1592 768 snper
1627 731 1764 758 caeteras
1791 721 1886 757 Urbis
1920 732 1949 756 et

514 773 599 807 orbis
621 772 778 807 Ecclesias
801 772 903 806 locum
927 773 1059 815 obtinet⁷
1083 774 1153 805 554
1175 784 1203 804 a.
1228 770 1412 806 Oblationes
1435 772 1462 806 iu
1486 772 1562 806 alios
1584 783 1677 819 quarn
1702 771 1837 806 tabricae
1862 772 1950 806 eius-

514 823 584 856 dem
609 821 753 856 basilicae
777 834 850 855 usus
873 822 1010 856 converti
1039 820 1235 868 prohibetur,
1264 823 1333 856 586
1357 823 1383 854 b.

418 872 674 906 lateranensium
697 872 921 905 canonicorum
947 870 1147 916 congregatio
1170 883 1265 917 quare
1294 870 1339 904 sic
1361 870 1455 910 dicta,
1474 872 1544 905 697
1570 873 1597 905 b.
1629 872 1661 904 V.
1685 880 1790 906 notam
1818 871 1855 905 ad
1886 871 1950 906 cal-

513 933 579 955 cem
602 920 718 955 colum.
747 920 848 955 eiusd.

415 971 514 1017 Leges
536 969 701 1005 Saxoniae.
732 970 765 1003 V.
795 969 969 1016 Speculum
993 970 1167 1004 Saxonum.

415 1018 631 1067 Leopoliensis
657 1019 855 1066 episcopatus
884 1020 913 1054 iu
938 1019 1078 1066 partibus
1101 1019 1232 1054 Russiae.
1263 1031 1334 1053 cum
1359 1019 1592 1066 privilegiorum
1616 1020 1824 1054 concessione
1852 1020 1947 1066 erigi-

513 1077 574 1114 tur⁷
598 1070 668 1104 658
689 1070 717 1103 b.

415 1119 556 1154 Libertas
582 1118 758 1164 evangelica
782 1130 862 1165 quae
889 1131 960 1153 vera
988 1119 1040 1162 sit,
1062 1120 1134 1153 212
1161 1120 1188 1152 b.

414 1168 580 1203 Libertatis
612 1167 751 1215 Spiritus
777 1176 860 1203 secta
888 1169 916 1202 in
952 1167 1138 1215 Spoletana,
1174 1167 1306 1215 aliisque
1333 1167 1466 1202 diversis
1499 1168 1603 1202 ltaliae
1640 1168 1809 1215 provinciis
1842 1177 1948 1202 exorta

511 1218 690 1262 damnatur,
711 1219 781 1253 209
804 1220 832 1252 b.

413 1267 611 1302 Liconiensis
633 1266 785 1302 Ecclesia.
814 1269 849 1301 V.
874 1267 1079 1301 pictaviensis
1101 1267 1253 1301 Ecclesia.

415 1317 599 1351 Limosinus
621 1317 823 1363 episcopatus
844 1317 983 1362 erigitur,
1006 1319 1078 1350 252
1104 1330 1133 1350 a.
1163 1316 1390 1363 Supprimitur,
1417 1318 1488 1350 269
1507 1329 1537 1350 α.

413 1367 532 1401 Literae
554 1366 753 1412 apostolicae.
793 1366 912 1400 Literas
934 1365 1120 1412 apostolicas
1142 1365 1288 1400 falsantes
1306 1367 1634 1409 excommunicantur,
1650 1368 1719 1401 540
1734 1379 1763 1401 α.
1787 1365 1949 1413 Scriptura

513 1427 619 1451 earum
644 1428 698 1462 per
720 1416 889 1463 scriptores
912 1416 994 1449 iuxta
1018 1415 1270 1449 distributionem
1299 1415 1551 1453 secretariorum,
1590 1416 1651 1449 cito
1678 1424 1723 1450 est
1751 1415 1892 1451 facienda
1919 1424 1948 1450 et

515 1464 761 1499 inobedientium
785 1477 884 1511 poena
908 1464 1094 1504 declaratur,
1124 1466 1193 1498 564
1220 1466 1247 1498 b.

417 1514 564 1549 Loerium
589 1514 664 1561 quid
688 1515 739 1558 sit,
765 1517 806 1549 77
831 1516 857 1547 b.
893 1515 925 1548 Γ.
948 1523 1010 1548 not.
1035 1514 1071 1548 ad
1100 1514 1216 1548 calcem
1239 1513 1355 1548 colum.
1379 1513 1481 1548 eiusd.

415 1563 620 1598 Loraniensis
643 1563 836 1598 Universitas
858 1564 986 1608 erigitur
1008 1575 1079 1597 cum
1100 1563 1336 1610 privilegiorum
1359 1572 1387 1597 et
1411 1564 1580 1608 gratiarum
1605 1563 1803 1608 elargitione,
1827 1566 1899 1597 725
1914 1576 1943 1598 a.

415 1613 567 1647 Ludovici
592 1613 669 1656 (R),
692 1612 795 1647 Caroli
820 1614 900 1657 regis
926 1613 1055 1647 Siciliae
1080 1612 1149 1652 titii,
1174 1621 1202 1645 et
1225 1613 1364 1659 episcopi
1391 1612 1538 1646 Tolosani
1562 1624 1675 1656 genua,
1703 1614 1772 1646 257
1797 1613 1823 1645 b.
1853 1611 1947 1646 Eius-

511 1663 582 1696 dem
611 1662 779 1709 primordia
802 1671 831 1695 et
859 1662 961 1696 studia
992 1662 1163 1703 literarum7
1191 1663 1264 1695 ibid.
1290 1660 1427 1695 Fcrrens
1455 1662 1485 1695 in
1517 1662 1671 1700 oratione,
1698 1663 1772 1695 ibid.
1804 1659 1946 1695 Devotus

512 1713 542 1746 in
569 1712 749 1758 sumptione
771 1720 1050 1755 sacramentorum,
1072 1713 1143 1745 258
1165 1723 1194 1744 α.
1219 1711 1366 1744 Attentus
1390 1711 1418 1744 in
1443 1710 1576 1745 lectione
1598 1710 1849 1758 Scripturarum‚
1867 1712 1944 1745 ibid.

512 1760 684 1796 studiosus
700 1762 850 1795 rastitatis
865 1771 894 1795 et
910 1773 1038 1795 severus
1058 1761 1087 1795 in
1106 1761 1258 1807 seipsum,
1273 1762 1348 1794 ibid.
1368 1759 1520 1795 Ordinem
1537 1759 1680 1795 Fratrum
1700 1760 1858 1795 Minorum
1877 1772 1949 1806 pro-

513 1811 627 1850 fitetur,
642 1821 671 1844 et
687 1810 845 1845 Ecclesiae
867 1810 1041 1845 Tolosanac
1065 1810 1251 1856 praeficitur,
1278 1811 1353 1844 ibid.
1372 1809 1516 1856 Regnum
1543 1819 1675 1850 recusat,
1703 1811 1777 1844 ibid.
1798 1812 1826 1843 b.
1849 1809 1948 1844 Beni-

513 1873 593 1906 gnus
621 1862 650 1894 in
675 1872 840 1907 paupereS‚
861 1862 935 1895 ibid.
961 1860 1079 1894 Humili
1105 1869 1187 1894 reste
1211 1868 1389 1904 contentus,
1416 1868 1554 1894 attentus
1582 1860 1610 1893 in
1634 1860 1830 1906 episcopatu,
1853 1867 1946 1907 atque

513 1912 578 1944 zelo
605 1910 764 1956 religionis
792 1910 938 1949 fervidus,
967 1912 1037 1944 ⁶259
1066 1923 1095 1944 α.
1132 1910 1187 1944 Pie
1214 1910 1362 1952 moritur,
1388 1910 1463 1943 ibid.
1496 1908 1644 1943 Miracula
1673 1921 1728 1956 per
1755 1921 1827 1943 eum
1861 1908 1948 1943 Deus

514 1969 670 2006 operatur,
693 1961 767 1993 ibid.
791 1962 818 1994 b.
844 1959 1033 1994 Sanctorum
1057 1959 1283 1994 Conl‘essorum
1316 1958 1479 2004 cathalogo
1510 1958 1709 2002 adscribitur,
1731 1960 1801 1993 240
1816 1960 1843 1992 b.
1869 1957 1948 1993 Eius

514 2021 615 2043 annua
640 2009 787 2043 festivitas
815 2009 972 2053 indicitur,
994 2018 1021 2043 et
1047 2009 1238 2054 indulgentia
1261 2009 1329 2043 eius
1351 2007 1552 2056 sepulchrum
1576 2008 1772 2043 visitantibus
1798 2009 1949 2056 proponi-

514 2068 575 2099 tur,
603 2061 666 2093 ⁹244
696 2072 726 2092 a.

416 2109 567 2142 Ludovici
591 2108 649 2151 (S.)
674 2109 753 2154 regis
780 2107 931 2142 Franciae
955 2109 1092 2143 virtutes.
1118 2109 1215 2142 Amor
1237 2109 1266 2142 in
1295 2108 1409 2147 Deum,
1432 2110 1498 2142 147
1514 2121 1543 2142 α.
1568 2108 1594 2141 Α
1619 2107 1732 2142 Blanca
1756 2117 1854 2142 matre
1871 2120 1947 2155 pru-

513 2157 622 2192 denter
636 2158 797 2196 educatus,
812 2160 887 2192 ibid.
904 2157 1087 2192 Divitiorum
1111 2158 1284 2192 officiorum
1308 2158 1482 2192 recitationi
1502 2157 1668 2203 diligenter
1690 2169 1816 2204 operam
1846 2167 1948 2197 navat,

512 2209 583 2241 ibid.
609 2209 635 2241 b.
660 2206 773 2241 Terrae
796 2206 929 2241 Sanctae
949 2208 1177 2255 recuperationi
1202 2221 1234 2241 se
1254 2216 1356 2251 vovet,
1379 2208 1453 2241 ibid.
1474 2207 1547 2249 Quo
1570 2219 1684 2253 magno
1706 2219 1777 2241 cum
1794 2216 1946 2254 apparatu

513 2269 545 2291 se
568 2257 698 2297 confert,
722 2259 793 2290 ibid.
818 2256 1035 2304 Captivitatem
1058 2258 1209 2304 patienter
1233 2259 1379 2301 sustinet7
1402 2258 1471 2290 148
1487 2269 1517 2291 α.
1543 2256 1625 2291 Cum
1649 2255 1816 2292 Saracenis
1836 2264 1945 2291 contra

513 2306 736 2340 conscientiam
766 2307 876 2353 pacisci
907 2308 1020 2346 renuit,
1056 2309 1130 2341 ibid.
1159 2307 1374 2342 Christianum
1403 2307 1575 2341 exercitum
1601 2306 1828 2354 periclitantem
1860 2306 1946 2340 nullo

516 2365 605 2402 pacto
637 2356 741 2390 induci
767 2365 865 2402 potest
895 2366 923 2391 ut
953 2357 1086 2396 deserat,
1109 2359 1183 2390 ibid.
1212 2359 1239 2391 b.
1268 2356 1420 2391 Obsidem
1452 2368 1484 2389 se
1509 2369 1563 2403 pro
1590 2356 1726 2390 exercitu
1755 2355 1945 2390 christiano-

515 2419 581 2439 rum
607 2407 727 2452 raptiro
751 2405 911 2440 liberando
934 2407 1079 2453 spondet,
1104 2409 1171 2440 Ι149
1195 2420 1224 2441 α,
1249 2407 1410 2452 Agareuos
1431 2419 1523 2452 quam
1548 2406 1702 2453 plurimos
1730 2405 1883 2440 convertit
1906 2406 1944 2440 ad

512 2455 686 2494 Christum
716 2457 787 2489 ibid.
814 2455 844 2489 lu
868 2456 1056 2490 ‹wtnisttanos
1084 2457 1241 2495 liberalis
1269 2459 1342 2490 a'ssbad
1367 2458 1393 2490 b
1426 2455 1458 2489 ln
1485 2454 1646 2490 Franciam
1677 2467 1818 2490 reversus
1848 2455 1945 2490 multa

516 2505 636 2550 pictatis
665 2517 757 2552 opera
793 2515 927 2548 exercet
953 2508 1027 2539 ibid
1058 2505 1197 2553 Lepioso
1221 2506 1370 2540 ministrat
1404 2506 1469 2540 suis
1497 2505 1643 2540 manibus
1668 2505 1834 2545 alimenta,
1866 2507 1941 2539 abiot

515 2552 725 2600 Hospitalium
751 2555 881 2589 inlirniis
899 2557 1005 2594 servit
1027 2557 1094 2589 150
1119 2569 1147 2589 α.
1165 2555 1362 2602 Pauperibus
1388 2554 1605 2603 eleemosynas
1623 2564 1652 2589 et
1669 2554 1842 2601 virginibus
1860 2554 1948 2590 dotes

516 2604 674 2649 elargitur
696 2606 770 2638 a‘ssbtd
794 2603 827 2638 In
851 2604 1028 2639 haereticos
1046 2616 1189 2647 severus,
1210 2606 1284 2639 ibid.
1309 2604 1465 2650 Egestatis
1488 2613 1629 2660 tempore
1653 2604 1845 2652 pauperibus
1867 2617 1945 2640 con-

517 2652 602 2693 sulit
629 2655 703 2687 ibzssd
728 2655 755 2687 b
779 2653 917 2688 Humilis
946 2655 973 2688 in
999 2653 1157 2694 vestibus
1190 2656 1265 2688 ibid.
1294 2653 1417 2689 Ciliciis
1446 2664 1477 2688 et
1510 2655 1634 2689 ieiuniis
1661 2666 1787 2689 carnem
1816 2654 1946 2695 domat,
