<?xml version="1.0" encoding="UTF-8"?>
<!DOCTYPE html PUBLIC "-//W3C//DTD XHTML 1.0 Transitional//EN"
    "http://www.w3.org/TR/xhtml1/DTD/xhtml1-transitional.dtd">
<html xmlns="http://www.w3.org/1999/xhtml" xml:lang="en" lang="en">
 <head>
  <title>
</title>
<meta http-equiv="Content-Type" content="text/html;charset=utf-8" />
  <meta name='ocr-system' content='tesseract 3.04.00' />
  <meta name='ocr-capabilities' content='ocr_page ocr_carea ocr_par ocr_line ocrx_word'/>
</head>
<body>
  <div class='ocr_page' id='page_1' title='image "./bullarumdiplomat04cath_0772.png"; bbox 0 0 2274 3265; ppageno 0'>
   <div class='ocr_carea' id='block_1_1' title="bbox 464 261 1361 294">
    <p class='ocr_par' dir='ltr' id='par_1_1' title="bbox 464 261 1361 294">
     <span class='ocr_line' id='line_1_1' title="bbox 464 261 1361 294; baseline -0.002 -1"><span class='ocrx_word' id='word_1_1' title='bbox 464 261 531 294; x_wconf 75' lang='grc'>764</span> <span class='ocrx_word' id='word_1_2' title='bbox 987 271 1171 294; x_wconf 66' lang='lat' dir='ltr'>ncrcmnuiu</span> <span class='ocrx_word' id='word_1_3' title='bbox 1201 269 1361 292; x_wconf 64' lang='lat' dir='ltr'>Romnum</span> 
     </span>
    </p>
   </div>
   <div class='ocr_carea' id='block_1_2' title="bbox 419 322 1961 2702">
    <p class='ocr_par' dir='ltr' id='par_1_2' title="bbox 515 322 1950 521">
     <span class='ocr_line' id='line_1_2' title="bbox 518 322 1946 372; baseline -0.001 -12"><span class='ocrx_word' id='word_1_4' title='bbox 518 334 635 369; x_wconf 87' lang='lat' dir='ltr'>rantur,</span> <span class='ocrx_word' id='word_1_5' title='bbox 663 327 735 359; x_wconf 73' lang='lat' dir='ltr'>ibid.</span> <span class='ocrx_word' id='word_1_6' title='bbox 764 327 791 359; x_wconf 87' lang='lat' dir='ltr'>b.</span> <span class='ocrx_word' id='word_1_7' title='bbox 821 324 961 372; x_wconf 68' lang='lat' dir='ltr'>Recepti,</span> <span class='ocrx_word' id='word_1_8' title='bbox 990 328 1018 359; x_wconf 93' lang='lat' dir='ltr'>in</span> <span class='ocrx_word' id='word_1_9' title='bbox 1044 337 1135 360; x_wconf 83' lang='lat' dir='ltr'>suum</span> <span class='ocrx_word' id='word_1_10' title='bbox 1157 324 1309 358; x_wconf 83' lang='lat' dir='ltr'>Ordinem</span> <span class='ocrx_word' id='word_1_11' title='bbox 1332 322 1453 369; x_wconf 82' lang='lat' dir='ltr'>regredi</span> <span class='ocrx_word' id='word_1_12' title='bbox 1479 322 1607 362; x_wconf 79' lang='lat' dir='ltr'>debent,</span> <span class='ocrx_word' id='word_1_13' title='bbox 1637 323 1710 356; x_wconf 76' lang='lat' dir='ltr'>ibid.</span> <span class='ocrx_word' id='word_1_14' title='bbox 1738 322 1946 358; x_wconf 82' lang='lat' dir='ltr'>Contumaecs</span> 
     </span>
     <span class='ocr_line' id='line_1_3' title="bbox 517 370 1947 422; baseline -0.001 -13"><span class='ocrx_word' id='word_1_15' title='bbox 517 383 674 422; x_wconf 82' lang='lat' dir='ltr'>apostatae</span> <span class='ocrx_word' id='word_1_16' title='bbox 690 374 896 417; x_wconf 74' lang='lat' dir='ltr'>declarantur,</span> <span class='ocrx_word' id='word_1_17' title='bbox 918 375 991 408; x_wconf 80' lang='lat' dir='ltr'>ibid.</span> <span class='ocrx_word' id='word_1_18' title='bbox 1008 371 1222 409; x_wconf 75' lang='lat' dir='ltr'>Merrtlicantes</span> <span class='ocrx_word' id='word_1_19' title='bbox 1246 372 1381 418; x_wconf 80' lang='lat' dir='ltr'>religiosi</span> <span class='ocrx_word' id='word_1_20' title='bbox 1398 373 1450 419; x_wconf 90' lang='lat' dir='ltr'>qui</span> <span class='ocrx_word' id='word_1_21' title='bbox 1466 373 1540 411; x_wconf 84' lang='lat' dir='ltr'>sint,</span> <span class='ocrx_word' id='word_1_22' title='bbox 1566 373 1633 405; x_wconf 71' lang='lat'>127</span> <span class='ocrx_word' id='word_1_23' title='bbox 1656 371 1683 405; x_wconf 92' lang='lat' dir='ltr'>b.</span> <span class='ocrx_word' id='word_1_24' title='bbox 1701 370 1947 407; x_wconf 85' lang='lat' dir='ltr'>Mendicantium</span> 
     </span>
     <span class='ocr_line' id='line_1_4' title="bbox 515 419 1950 470; baseline -0.003 -12"><span class='ocrx_word' id='word_1_25' title='bbox 515 423 671 458; x_wconf 70' lang='lat' dir='ltr'>ordinum</span> <span class='ocrx_word' id='word_1_26' title='bbox 700 431 858 470; x_wconf 79' lang='lat' dir='ltr'>apostatae</span> <span class='ocrx_word' id='word_1_27' title='bbox 880 436 943 470; x_wconf 85' lang='lat' dir='ltr'>quo</span> <span class='ocrx_word' id='word_1_28' title='bbox 967 431 1056 470; x_wconf 74' lang='lat' dir='ltr'>parto</span> <span class='ocrx_word' id='word_1_29' title='bbox 1074 423 1241 458; x_wconf 84' lang='lat' dir='ltr'>reducendi</span> <span class='ocrx_word' id='word_1_30' title='bbox 1266 422 1311 456; x_wconf 81' lang='lat' dir='ltr'>vol</span> <span class='ocrx_word' id='word_1_31' title='bbox 1328 421 1494 468; x_wconf 78' lang='lat' dir='ltr'>puniendi,</span> <span class='ocrx_word' id='word_1_32' title='bbox 1517 419 1586 455; x_wconf 67' lang='lat'>527</span> <span class='ocrx_word' id='word_1_33' title='bbox 1610 420 1695 469; x_wconf 63' lang='lat' dir='ltr'>b.,ln</span> <span class='ocrx_word' id='word_1_34' title='bbox 1719 420 1836 456; x_wconf 85' lang='lat' dir='ltr'>eisdem</span> <span class='ocrx_word' id='word_1_35' title='bbox 1851 420 1950 456; x_wconf 89' lang='lat' dir='ltr'>Ordi-</span> 
     </span>
     <span class='ocr_line' id='line_1_5' title="bbox 519 469 1948 521; baseline -0.003 -13"><span class='ocrx_word' id='word_1_36' title='bbox 519 473 612 508; x_wconf 84' lang='lat' dir='ltr'>nibus</span> <span class='ocrx_word' id='word_1_37' title='bbox 636 473 766 521; x_wconf 72' lang='lat' dir='ltr'>professi</span> <span class='ocrx_word' id='word_1_38' title='bbox 782 472 818 507; x_wconf 86' lang='lat' dir='ltr'>ad</span> <span class='ocrx_word' id='word_1_39' title='bbox 837 485 984 508; x_wconf 87' lang='lat' dir='ltr'>monacos</span> <span class='ocrx_word' id='word_1_40' title='bbox 1006 472 1174 520; x_wconf 66' lang='lat' dir='ltr'>Nigrosrel</span> <span class='ocrx_word' id='word_1_41' title='bbox 1190 471 1418 506; x_wconf 82' lang='lat' dir='ltr'>Cis-tercienses</span> <span class='ocrx_word' id='word_1_42' title='bbox 1431 472 1562 505; x_wconf 86' lang='lat' dir='ltr'>transire</span> <span class='ocrx_word' id='word_1_43' title='bbox 1578 482 1640 505; x_wconf 90' lang='lat' dir='ltr'>non</span> <span class='ocrx_word' id='word_1_44' title='bbox 1665 478 1810 516; x_wconf 87' lang='lat' dir='ltr'>possunt,</span> <span class='ocrx_word' id='word_1_45' title='bbox 1832 469 1902 505; x_wconf 76' lang='lat'>528</span> <span class='ocrx_word' id='word_1_46' title='bbox 1921 472 1948 504; x_wconf 88' lang='lat' dir='ltr'>b.</span> 
     </span>
    </p>

    <p class='ocr_par' dir='ltr' id='par_1_3' title="bbox 420 519 1951 618">
     <span class='ocr_line' id='line_1_6' title="bbox 420 519 1948 568; baseline -0.003 -9"><span class='ocrx_word' id='word_1_47' title='bbox 420 525 638 559; x_wconf 84' lang='lat' dir='ltr'>Messanenses</span> <span class='ocrx_word' id='word_1_48' title='bbox 660 522 786 558; x_wconf 87' lang='lat' dir='ltr'>crudele</span> <span class='ocrx_word' id='word_1_49' title='bbox 815 522 1108 557; x_wconf 85' lang='lat' dir='ltr'>Panormitanorum</span> <span class='ocrx_word' id='word_1_50' title='bbox 1137 521 1317 568; x_wconf 85' lang='lat' dir='ltr'>exemplum</span> <span class='ocrx_word' id='word_1_51' title='bbox 1342 520 1513 559; x_wconf 83' lang='lat' dir='ltr'>imitantur,</span> <span class='ocrx_word' id='word_1_52' title='bbox 1541 527 1571 554; x_wconf 85' lang='lat' dir='ltr'>et</span> <span class='ocrx_word' id='word_1_53' title='bbox 1592 519 1796 566; x_wconf 77' lang='lat' dir='ltr'><strong>quamplures</strong></span> <span class='ocrx_word' id='word_1_54' title='bbox 1823 532 1858 554; x_wconf 79' lang='lat' dir='ltr'>ex</span> <span class='ocrx_word' id='word_1_55' title='bbox 1883 520 1948 555; x_wconf 89' lang='lat' dir='ltr'>rni—</span> 
     </span>
     <span class='ocr_line' id='line_1_7' title="bbox 519 569 1951 618; baseline -0.003 -11"><span class='ocrx_word' id='word_1_56' title='bbox 519 574 625 607; x_wconf 88' lang='lat' dir='ltr'>nistris</span> <span class='ocrx_word' id='word_1_57' title='bbox 643 581 672 607; x_wconf 83' lang='lat' dir='ltr'>et</span> <span class='ocrx_word' id='word_1_58' title='bbox 688 572 809 607; x_wconf 79' lang='lat' dir='ltr'>devotis</span> <span class='ocrx_word' id='word_1_59' title='bbox 832 572 912 618; x_wconf 79' lang='lat' dir='ltr'>regis</span> <span class='ocrx_word' id='word_1_60' title='bbox 926 572 1066 615; x_wconf 87' lang='lat' dir='ltr'>Siciliae,</span> <span class='ocrx_word' id='word_1_61' title='bbox 1083 580 1149 618; x_wconf 90' lang='lat' dir='ltr'>post</span> <span class='ocrx_word' id='word_1_62' title='bbox 1165 571 1364 605; x_wconf 76' lang='lat' dir='ltr'>securitatem</span> <span class='ocrx_word' id='word_1_63' title='bbox 1386 569 1446 603; x_wconf 87' lang='lat' dir='ltr'>illis</span> <span class='ocrx_word' id='word_1_64' title='bbox 1466 570 1658 616; x_wconf 75' lang='lat' dir='ltr'><strong>praestitam,</strong></span> <span class='ocrx_word' id='word_1_65' title='bbox 1675 569 1844 609; x_wconf 77' lang='lat' dir='ltr'>trucidant,</span> <span class='ocrx_word' id='word_1_66' title='bbox 1861 571 1906 604; x_wconf 80' lang='lat'>58</span> <span class='ocrx_word' id='word_1_67' title='bbox 1920 578 1951 604; x_wconf 56' lang='lat' dir='ltr'>aq</span> 
     </span>
    </p>

    <p class='ocr_par' dir='ltr' id='par_1_4' title="bbox 420 619 1533 672">
     <span class='ocr_line' id='line_1_8' title="bbox 420 619 1533 672; baseline -0.005 -13"><span class='ocrx_word' id='word_1_68' title='bbox 420 623 551 672; x_wconf 79' lang='lat' dir='ltr'>Meyrini</span> <span class='ocrx_word' id='word_1_69' title='bbox 580 622 654 669; x_wconf 87' lang='lat' dir='ltr'>quid</span> <span class='ocrx_word' id='word_1_70' title='bbox 677 623 750 665; x_wconf 82' lang='lat' dir='ltr'>sint,</span> <span class='ocrx_word' id='word_1_71' title='bbox 775 624 820 655; x_wconf 80' lang='lat'>35</span> <span class='ocrx_word' id='word_1_72' title='bbox 847 623 874 656; x_wconf 89' lang='lat' dir='ltr'>b.</span> <span class='ocrx_word' id='word_1_73' title='bbox 910 623 941 655; x_wconf 92' lang='lat' dir='ltr'>V.</span> <span class='ocrx_word' id='word_1_74' title='bbox 967 630 1070 656; x_wconf 88' lang='lat' dir='ltr'>notam</span> <span class='ocrx_word' id='word_1_75' title='bbox 1094 621 1131 655; x_wconf 90' lang='lat' dir='ltr'>ad</span> <span class='ocrx_word' id='word_1_76' title='bbox 1154 620 1270 655; x_wconf 86' lang='lat' dir='ltr'>calcem</span> <span class='ocrx_word' id='word_1_77' title='bbox 1294 619 1409 655; x_wconf 73' lang='lat' dir='ltr'>colunt.</span> <span class='ocrx_word' id='word_1_78' title='bbox 1433 619 1533 654; x_wconf 82' lang='lat' dir='ltr'>eiusd.</span> 
     </span>
    </p>

    <p class='ocr_par' dir='ltr' id='par_1_5' title="bbox 420 666 1952 768">
     <span class='ocr_line' id='line_1_9' title="bbox 420 666 1952 717; baseline -0.004 -9"><span class='ocrx_word' id='word_1_79' title='bbox 420 672 580 708; x_wconf 79' lang='lat' dir='ltr'>Michaelis</span> <span class='ocrx_word' id='word_1_80' title='bbox 602 671 659 715; x_wconf 92' lang='lat' dir='ltr'>(S.)</span> <span class='ocrx_word' id='word_1_81' title='bbox 682 671 821 706; x_wconf 78' lang='lat' dir='ltr'>Ecclesia</span> <span class='ocrx_word' id='word_1_82' title='bbox 840 671 869 705; x_wconf 89' lang='lat' dir='ltr'>in</span> <span class='ocrx_word' id='word_1_83' title='bbox 893 671 997 705; x_wconf 87' lang='lat' dir='ltr'>Monte</span> <span class='ocrx_word' id='word_1_84' title='bbox 1010 670 1156 717; x_wconf 80' lang='lat' dir='ltr'>Gargano</span> <span class='ocrx_word' id='word_1_85' title='bbox 1178 670 1308 716; x_wconf 82' lang='lat' dir='ltr'>erigitur</span> <span class='ocrx_word' id='word_1_86' title='bbox 1324 670 1353 704; x_wconf 88' lang='lat' dir='ltr'>in</span> <span class='ocrx_word' id='word_1_87' title='bbox 1374 668 1595 713; x_wconf 72' lang='lat' dir='ltr'>cathedralem,</span> <span class='ocrx_word' id='word_1_88' title='bbox 1620 666 1690 703; x_wconf 76' lang='lat'>633</span> <span class='ocrx_word' id='word_1_89' title='bbox 1711 679 1740 702; x_wconf 81' lang='lat' dir='ltr'>a.</span> <span class='ocrx_word' id='word_1_90' title='bbox 1765 668 1952 716; x_wconf 85' lang='lat' dir='ltr'>Sipontinus</span> 
     </span>
     <span class='ocr_line' id='line_1_10' title="bbox 517 718 1538 768; baseline -0.003 -13"><span class='ocrx_word' id='word_1_91' title='bbox 517 721 776 768; x_wconf 78' lang='lat' dir='ltr'>archiepiscopus</span> <span class='ocrx_word' id='word_1_92' title='bbox 798 720 994 767; x_wconf 74' lang='lat' dir='ltr'>Garganicus</span> <span class='ocrx_word' id='word_1_93' title='bbox 1017 732 1143 767; x_wconf 88' lang='lat' dir='ltr'>quoque</span> <span class='ocrx_word' id='word_1_94' title='bbox 1170 718 1388 766; x_wconf 74' lang='lat' dir='ltr'>appellandus,</span> <span class='ocrx_word' id='word_1_95' title='bbox 1415 720 1487 753; x_wconf 74' lang='grc'>654</span> <span class='ocrx_word' id='word_1_96' title='bbox 1508 729 1538 753; x_wconf 79' lang='grc' dir='ltr'>α.</span> 
     </span>
    </p>

    <p class='ocr_par' dir='ltr' id='par_1_6' title="bbox 419 766 1954 916">
     <span class='ocr_line' id='line_1_11' title="bbox 419 766 1952 816; baseline -0.003 -10"><span class='ocrx_word' id='word_1_97' title='bbox 419 772 551 807; x_wconf 82' lang='lat' dir='ltr'>Michael</span> <span class='ocrx_word' id='word_1_98' title='bbox 572 770 775 816; x_wconf 77' lang='lat' dir='ltr'>palaeologus</span> <span class='ocrx_word' id='word_1_99' title='bbox 789 771 863 816; x_wconf 91' lang='lat' dir='ltr'>imp.</span> <span class='ocrx_word' id='word_1_100' title='bbox 886 770 923 804; x_wconf 89' lang='lat' dir='ltr'>ad</span> <span class='ocrx_word' id='word_1_101' title='bbox 949 770 1108 804; x_wconf 80' lang='lat' dir='ltr'>Ecclesiae</span> <span class='ocrx_word' id='word_1_102' title='bbox 1130 769 1285 815; x_wconf 78' lang='lat' dir='ltr'>gremium</span> <span class='ocrx_word' id='word_1_103' title='bbox 1303 768 1394 812; x_wconf 87' lang='lat' dir='ltr'>redit,</span> <span class='ocrx_word' id='word_1_104' title='bbox 1408 770 1453 803; x_wconf 75' lang='lat'>25</span> <span class='ocrx_word' id='word_1_105' title='bbox 1476 780 1504 802; x_wconf 86' lang='grc' dir='ltr'>α.</span> <span class='ocrx_word' id='word_1_106' title='bbox 1520 766 1607 802; x_wconf 85' lang='lat' dir='ltr'>Fidei</span> <span class='ocrx_word' id='word_1_107' title='bbox 1625 767 1850 814; x_wconf 83' lang='lat' dir='ltr'>professionem</span> <span class='ocrx_word' id='word_1_108' title='bbox 1872 766 1952 802; x_wconf 86' lang='lat' dir='ltr'>Gre-</span> 
     </span>
     <span class='ocr_line' id='line_1_12' title="bbox 517 815 1954 867; baseline -0.002 -13"><span class='ocrx_word' id='word_1_109' title='bbox 517 820 605 867; x_wconf 80' lang='lat' dir='ltr'>gorio</span> <span class='ocrx_word' id='word_1_110' title='bbox 628 820 653 854; x_wconf 88' lang='lat' dir='ltr'><em>X</em></span> <span class='ocrx_word' id='word_1_111' title='bbox 677 820 738 854; x_wconf 72' lang='grc' dir='ltr'>ΡΡ.</span> <span class='ocrx_word' id='word_1_112' title='bbox 767 819 882 865; x_wconf 75' lang='lat' dir='ltr'>dirigit,</span> <span class='ocrx_word' id='word_1_113' title='bbox 902 820 947 853; x_wconf 76' lang='lat'>26</span> <span class='ocrx_word' id='word_1_114' title='bbox 970 821 997 853; x_wconf 90' lang='lat' dir='ltr'>b.</span> <span class='ocrx_word' id='word_1_115' title='bbox 1015 815 1124 853; x_wconf 86' lang='lat' dir='ltr'>Eidem</span> <span class='ocrx_word' id='word_1_116' title='bbox 1150 830 1205 865; x_wconf 89' lang='lat' dir='ltr'>pro</span> <span class='ocrx_word' id='word_1_117' title='bbox 1227 819 1463 852; x_wconf 76' lang='lat' dir='ltr'>conservatione</span> <span class='ocrx_word' id='word_1_118' title='bbox 1488 818 1603 853; x_wconf 87' lang='lat' dir='ltr'>rituum</span> <span class='ocrx_word' id='word_1_119' title='bbox 1633 816 1792 851; x_wconf 79' lang='lat' dir='ltr'>Ecclesiae</span> <span class='ocrx_word' id='word_1_120' title='bbox 1814 816 1954 852; x_wconf 83' lang='lat' dir='ltr'>Graecae</span> 
     </span>
     <span class='ocr_line' id='line_1_13' title="bbox 519 866 1952 916; baseline -0.003 -12"><span class='ocrx_word' id='word_1_121' title='bbox 519 869 687 916; x_wconf 70' lang='lat' dir='ltr'>supplicat,</span> <span class='ocrx_word' id='word_1_122' title='bbox 701 871 747 903; x_wconf 69' lang='lat'>28</span> <span class='ocrx_word' id='word_1_123' title='bbox 770 872 796 904; x_wconf 90' lang='lat' dir='ltr'>b.</span> <span class='ocrx_word' id='word_1_124' title='bbox 814 870 838 903; x_wconf 88' lang='grc' dir='ltr'>Α</span> <span class='ocrx_word' id='word_1_125' title='bbox 862 868 994 903; x_wconf 89' lang='lat' dir='ltr'>Martino</span> <span class='ocrx_word' id='word_1_126' title='bbox 1014 868 1055 901; x_wconf 91' lang='lat' dir='ltr'>lV</span> <span class='ocrx_word' id='word_1_127' title='bbox 1078 877 1235 913; x_wconf 82' lang='lat' dir='ltr'>tamquam</span> <span class='ocrx_word' id='word_1_128' title='bbox 1259 867 1529 902; x_wconf 86' lang='lat' dir='ltr'>schismaticorum</span> <span class='ocrx_word' id='word_1_129' title='bbox 1553 866 1651 900; x_wconf 84' lang='lat' dir='ltr'>fautor</span> <span class='ocrx_word' id='word_1_130' title='bbox 1666 866 1844 906; x_wconf 80' lang='lat' dir='ltr'>damnatur,</span> <span class='ocrx_word' id='word_1_131' title='bbox 1861 867 1906 900; x_wconf 72' lang='lat'>52</span> <span class='ocrx_word' id='word_1_132' title='bbox 1922 879 1952 900; x_wconf 85' lang='lat' dir='ltr'>n.</span> 
     </span>
    </p>

    <p class='ocr_par' dir='ltr' id='par_1_7' title="bbox 420 916 1655 964">
     <span class='ocr_line' id='line_1_14' title="bbox 420 916 1655 964; baseline -0.004 -10"><span class='ocrx_word' id='word_1_133' title='bbox 420 920 535 955; x_wconf 85' lang='lat' dir='ltr'>Milites</span> <span class='ocrx_word' id='word_1_134' title='bbox 556 919 589 953; x_wconf 84' lang='lat' dir='ltr'>S.</span> <span class='ocrx_word' id='word_1_135' title='bbox 615 918 738 953; x_wconf 87' lang='lat' dir='ltr'>loannis</span> <span class='ocrx_word' id='word_1_136' title='bbox 768 918 1055 964; x_wconf 80' lang='lat' dir='ltr'>Hierosolymitani.</span> <span class='ocrx_word' id='word_1_137' title='bbox 1088 919 1121 950; x_wconf 72' lang='lat' dir='ltr'>V.</span> <span class='ocrx_word' id='word_1_138' title='bbox 1150 916 1367 963; x_wconf 87' lang='lat' dir='ltr'>Hospitalariis</span> <span class='ocrx_word' id='word_1_139' title='bbox 1388 917 1422 952; x_wconf 91' lang='lat' dir='ltr'>S.</span> <span class='ocrx_word' id='word_1_140' title='bbox 1455 916 1580 952; x_wconf 83' lang='lat' dir='ltr'>loannis</span> <span class='ocrx_word' id='word_1_141' title='bbox 1603 923 1655 950; x_wconf 81' lang='lat' dir='ltr'>etc.</span> 
     </span>
    </p>

    <p class='ocr_par' dir='ltr' id='par_1_8' title="bbox 420 965 1955 1114">
     <span class='ocr_line' id='line_1_15' title="bbox 420 965 1953 1014; baseline -0.002 -11"><span class='ocrx_word' id='word_1_142' title='bbox 420 969 559 1004; x_wconf 87' lang='lat' dir='ltr'>Minores</span> <span class='ocrx_word' id='word_1_143' title='bbox 581 967 690 1002; x_wconf 81' lang='lat' dir='ltr'>fratres</span> <span class='ocrx_word' id='word_1_144' title='bbox 713 969 742 1002; x_wconf 92' lang='lat' dir='ltr'>in</span> <span class='ocrx_word' id='word_1_145' title='bbox 772 967 954 1002; x_wconf 89' lang='lat' dir='ltr'>monialium</span> <span class='ocrx_word' id='word_1_146' title='bbox 982 966 1170 1014; x_wconf 87' lang='lat' dir='ltr'>obsequium</span> <span class='ocrx_word' id='word_1_147' title='bbox 1195 966 1362 1010; x_wconf 86' lang='lat' dir='ltr'>destinati,</span> <span class='ocrx_word' id='word_1_148' title='bbox 1397 969 1440 1001; x_wconf 86' lang='lat'>84</span> <span class='ocrx_word' id='word_1_149' title='bbox 1473 979 1501 1000; x_wconf 89' lang='lat' dir='ltr'>a.</span> <span class='ocrx_word' id='word_1_150' title='bbox 1539 965 1651 1000; x_wconf 79' lang='lat' dir='ltr'>Ordior</span> <span class='ocrx_word' id='word_1_151' title='bbox 1687 977 1793 999; x_wconf 88' lang='lat' dir='ltr'>eorum</span> <span class='ocrx_word' id='word_1_152' title='bbox 1827 965 1953 1011; x_wconf 77' lang='lat' dir='ltr'>regulae</span> 
     </span>
     <span class='ocr_line' id='line_1_16' title="bbox 519 1014 1955 1063; baseline -0.001 -12"><span class='ocrx_word' id='word_1_153' title='bbox 519 1017 687 1052; x_wconf 85' lang='lat' dir='ltr'>nonnullae</span> <span class='ocrx_word' id='word_1_154' title='bbox 710 1017 822 1051; x_wconf 87' lang='lat' dir='ltr'>dantur</span> <span class='ocrx_word' id='word_1_155' title='bbox 845 1030 898 1063; x_wconf 89' lang='lat' dir='ltr'>pro</span> <span class='ocrx_word' id='word_1_156' title='bbox 919 1016 1000 1051; x_wconf 90' lang='lat' dir='ltr'>bono</span> <span class='ocrx_word' id='word_1_157' title='bbox 1022 1017 1091 1050; x_wconf 91' lang='lat' dir='ltr'>eius</span> <span class='ocrx_word' id='word_1_158' title='bbox 1105 1016 1267 1061; x_wconf 77' lang='lat' dir='ltr'>regimine,</span> <span class='ocrx_word' id='word_1_159' title='bbox 1292 1018 1373 1055; x_wconf 74' lang='lat'>591,</span> <span class='ocrx_word' id='word_1_160' title='bbox 1396 1029 1425 1050; x_wconf 85' lang='grc' dir='ltr'>α.</span> <span class='ocrx_word' id='word_1_161' title='bbox 1449 1015 1565 1050; x_wconf 84' lang='lat' dir='ltr'>Eorum</span> <span class='ocrx_word' id='word_1_162' title='bbox 1588 1015 1773 1062; x_wconf 86' lang='lat' dir='ltr'>protectoris</span> <span class='ocrx_word' id='word_1_163' title='bbox 1792 1014 1955 1050; x_wconf 85' lang='lat' dir='ltr'>facultates</span> 
     </span>
     <span class='ocr_line' id='line_1_17' title="bbox 519 1066 877 1114; baseline -0.003 -14"><span class='ocrx_word' id='word_1_164' title='bbox 519 1066 627 1114; x_wconf 86' lang='lat' dir='ltr'>quales</span> <span class='ocrx_word' id='word_1_165' title='bbox 649 1066 725 1107; x_wconf 85' lang='lat' dir='ltr'>sint,</span> <span class='ocrx_word' id='word_1_166' title='bbox 752 1069 820 1101; x_wconf 73' lang='lat'>562</span> <span class='ocrx_word' id='word_1_167' title='bbox 848 1080 877 1100; x_wconf 85' lang='grc' dir='ltr'>α.</span> 
     </span>
    </p>

    <p class='ocr_par' dir='ltr' id='par_1_9' title="bbox 421 1113 1426 1157">
     <span class='ocr_line' id='line_1_18' title="bbox 421 1113 1426 1157; baseline -0.003 -6"><span class='ocrx_word' id='word_1_168' title='bbox 421 1117 560 1151; x_wconf 81' lang='lat' dir='ltr'>Minores</span> <span class='ocrx_word' id='word_1_169' title='bbox 588 1116 616 1149; x_wconf 89' lang='lat' dir='ltr'>in</span> <span class='ocrx_word' id='word_1_170' title='bbox 646 1116 859 1150; x_wconf 85' lang='lat' dir='ltr'>testimonium</span> <span class='ocrx_word' id='word_1_171' title='bbox 888 1128 949 1149; x_wconf 91' lang='lat' dir='ltr'>non</span> <span class='ocrx_word' id='word_1_172' title='bbox 978 1122 1052 1149; x_wconf 88' lang='lat' dir='ltr'>sunt</span> <span class='ocrx_word' id='word_1_173' title='bbox 1073 1113 1276 1157; x_wconf 80' lang='lat' dir='ltr'>admittendi,</span> <span class='ocrx_word' id='word_1_174' title='bbox 1300 1116 1371 1149; x_wconf 76' lang='lat'>652</span> <span class='ocrx_word' id='word_1_175' title='bbox 1398 1117 1426 1149; x_wconf 89' lang='lat' dir='ltr'>b.</span> 
     </span>
    </p>

    <p class='ocr_par' dir='ltr' id='par_1_10' title="bbox 421 1163 1954 1261">
     <span class='ocr_line' id='line_1_19' title="bbox 421 1163 1954 1203; baseline -0.003 -3"><span class='ocrx_word' id='word_1_176' title='bbox 421 1164 771 1201; x_wconf 78' lang='lat' dir='ltr'>Minoi-issaemoniates</span> <span class='ocrx_word' id='word_1_177' title='bbox 787 1164 865 1200; x_wconf 80' lang='lat' dir='ltr'>ord.</span> <span class='ocrx_word' id='word_1_178' title='bbox 889 1165 921 1199; x_wconf 81' lang='lat' dir='ltr'>S.</span> <span class='ocrx_word' id='word_1_179' title='bbox 942 1163 1098 1199; x_wconf 83' lang='lat' dir='ltr'>Francisci</span> <span class='ocrx_word' id='word_1_180' title='bbox 1122 1163 1160 1198; x_wconf 90' lang='lat' dir='ltr'>de</span> <span class='ocrx_word' id='word_1_181' title='bbox 1177 1164 1308 1202; x_wconf 76' lang='lat' dir='ltr'>Assisio,</span> <span class='ocrx_word' id='word_1_182' title='bbox 1330 1166 1401 1199; x_wconf 73' lang='grc'>412</span> <span class='ocrx_word' id='word_1_183' title='bbox 1416 1166 1444 1198; x_wconf 91' lang='lat' dir='ltr'>b.</span> <span class='ocrx_word' id='word_1_184' title='bbox 1464 1164 1511 1199; x_wconf 90' lang='lat' dir='ltr'>De</span> <span class='ocrx_word' id='word_1_185' title='bbox 1534 1176 1640 1198; x_wconf 77' lang='lat' dir='ltr'>earum</span> <span class='ocrx_word' id='word_1_186' title='bbox 1663 1163 1819 1203; x_wconf 76' lang='lat' dir='ltr'>clausura,</span> <span class='ocrx_word' id='word_1_187' title='bbox 1836 1164 1906 1197; x_wconf 82' lang='grc'>415</span> <span class='ocrx_word' id='word_1_188' title='bbox 1927 1164 1954 1197; x_wconf 88' lang='lat' dir='ltr'>b.</span> 
     </span>
     <span class='ocr_line' id='line_1_20' title="bbox 520 1213 1314 1261; baseline -0.004 -11"><span class='ocrx_word' id='word_1_189' title='bbox 520 1215 652 1250; x_wconf 84' lang='lat' dir='ltr'>Sorores</span> <span class='ocrx_word' id='word_1_190' title='bbox 673 1215 844 1251; x_wconf 83' lang='lat' dir='ltr'>servitiales</span> <span class='ocrx_word' id='word_1_191' title='bbox 867 1214 980 1249; x_wconf 80' lang='lat' dir='ltr'>debent</span> <span class='ocrx_word' id='word_1_192' title='bbox 1009 1213 1166 1261; x_wconf 82' lang='lat' dir='ltr'>profiteri,</span> <span class='ocrx_word' id='word_1_193' title='bbox 1190 1216 1258 1247; x_wconf 75' lang='grc'>414</span> <span class='ocrx_word' id='word_1_194' title='bbox 1287 1215 1314 1248; x_wconf 90' lang='lat' dir='ltr'>b.</span> 
     </span>
    </p>

    <p class='ocr_par' dir='ltr' id='par_1_11' title="bbox 422 1262 1955 1358">
     <span class='ocr_line' id='line_1_21' title="bbox 422 1262 1955 1309; baseline -0.002 -9"><span class='ocrx_word' id='word_1_195' title='bbox 422 1265 578 1300; x_wconf 84' lang='lat' dir='ltr'>Minorum</span> <span class='ocrx_word' id='word_1_196' title='bbox 608 1264 735 1299; x_wconf 88' lang='lat' dir='ltr'>fratrum</span> <span class='ocrx_word' id='word_1_197' title='bbox 763 1263 1025 1299; x_wconf 84' lang='lat' dir='ltr'>Conventnalium</span> <span class='ocrx_word' id='word_1_198' title='bbox 1049 1263 1082 1298; x_wconf 89' lang='lat' dir='ltr'>S.</span> <span class='ocrx_word' id='word_1_199' title='bbox 1105 1262 1265 1297; x_wconf 81' lang='lat' dir='ltr'>Francisci</span> <span class='ocrx_word' id='word_1_200' title='bbox 1289 1263 1442 1309; x_wconf 83' lang='lat' dir='ltr'>Regulae.</span> <span class='ocrx_word' id='word_1_201' title='bbox 1473 1265 1505 1297; x_wconf 91' lang='lat' dir='ltr'>V.</span> <span class='ocrx_word' id='word_1_202' title='bbox 1528 1262 1791 1298; x_wconf 83' lang='lat' dir='ltr'>Conventualium</span> <span class='ocrx_word' id='word_1_203' title='bbox 1807 1262 1841 1297; x_wconf 89' lang='lat' dir='ltr'>S.</span> <span class='ocrx_word' id='word_1_204' title='bbox 1856 1262 1955 1297; x_wconf 89' lang='lat' dir='ltr'>Fran-</span> 
     </span>
     <span class='ocr_line' id='line_1_22' title="bbox 521 1314 685 1358; baseline 0 -10"><span class='ocrx_word' id='word_1_205' title='bbox 521 1314 607 1358; x_wconf 87' lang='lat' dir='ltr'>cisci,</span> <span class='ocrx_word' id='word_1_206' title='bbox 633 1322 685 1348; x_wconf 82' lang='lat' dir='ltr'>etc.</span> 
     </span>
    </p>

    <p class='ocr_par' dir='ltr' id='par_1_12' title="bbox 423 1360 1960 2002">
     <span class='ocr_line' id='line_1_23' title="bbox 423 1360 1957 1408; baseline -0.001 -10"><span class='ocrx_word' id='word_1_207' title='bbox 423 1364 579 1399; x_wconf 76' lang='lat' dir='ltr'>Minnrum</span> <span class='ocrx_word' id='word_1_208' title='bbox 608 1364 736 1398; x_wconf 82' lang='lat' dir='ltr'>fratrum</span> <span class='ocrx_word' id='word_1_209' title='bbox 764 1363 894 1397; x_wconf 88' lang='lat' dir='ltr'>Ordinis</span> <span class='ocrx_word' id='word_1_210' title='bbox 917 1362 950 1396; x_wconf 85' lang='lat' dir='ltr'>S.</span> <span class='ocrx_word' id='word_1_211' title='bbox 973 1361 1130 1396; x_wconf 87' lang='lat' dir='ltr'>Francisci</span> <span class='ocrx_word' id='word_1_212' title='bbox 1154 1362 1192 1396; x_wconf 89' lang='lat' dir='ltr'>de</span> <span class='ocrx_word' id='word_1_213' title='bbox 1217 1361 1337 1397; x_wconf 72' lang='lat' dir='ltr'>Assisio</span> <span class='ocrx_word' id='word_1_214' title='bbox 1359 1362 1572 1397; x_wconf 79' lang='lat' dir='ltr'>ordinationes</span> <span class='ocrx_word' id='word_1_215' title='bbox 1600 1370 1628 1396; x_wconf 89' lang='lat' dir='ltr'>et</span> <span class='ocrx_word' id='word_1_216' title='bbox 1653 1369 1766 1396; x_wconf 88' lang='lat' dir='ltr'>statuta</span> <span class='ocrx_word' id='word_1_217' title='bbox 1792 1373 1847 1408; x_wconf 86' lang='lat' dir='ltr'>pro</span> <span class='ocrx_word' id='word_1_218' title='bbox 1875 1360 1957 1396; x_wconf 91' lang='lat' dir='ltr'>bono</span> 
     </span>
     <span class='ocr_line' id='line_1_24' title="bbox 523 1410 1960 1459; baseline -0.001 -12"><span class='ocrx_word' id='word_1_219' title='bbox 523 1425 631 1447; x_wconf 84' lang='lat' dir='ltr'>eorum</span> <span class='ocrx_word' id='word_1_220' title='bbox 656 1412 817 1459; x_wconf 78' lang='lat' dir='ltr'>regimine,</span> <span class='ocrx_word' id='word_1_221' title='bbox 835 1414 898 1446; x_wconf 82' lang='lat'>591</span> <span class='ocrx_word' id='word_1_222' title='bbox 919 1414 945 1446; x_wconf 80' lang='lat' dir='ltr'>b,</span> <span class='ocrx_word' id='word_1_223' title='bbox 967 1411 1013 1445; x_wconf 87' lang='lat' dir='ltr'>De</span> <span class='ocrx_word' id='word_1_224' title='bbox 1030 1411 1150 1446; x_wconf 90' lang='lat' dir='ltr'>divinis</span> <span class='ocrx_word' id='word_1_225' title='bbox 1172 1412 1283 1446; x_wconf 82' lang='lat' dir='ltr'>officiis</span> <span class='ocrx_word' id='word_1_226' title='bbox 1304 1419 1333 1446; x_wconf 89' lang='lat' dir='ltr'>et</span> <span class='ocrx_word' id='word_1_227' title='bbox 1349 1411 1499 1458; x_wconf 86' lang='lat' dir='ltr'>psallendi</span> <span class='ocrx_word' id='word_1_228' title='bbox 1523 1411 1627 1449; x_wconf 77' lang='lat' dir='ltr'>niodo,</span> <span class='ocrx_word' id='word_1_229' title='bbox 1643 1413 1713 1445; x_wconf 72' lang='lat'>59⁶2</span> <span class='ocrx_word' id='word_1_230' title='bbox 1730 1424 1760 1446; x_wconf 86' lang='grc' dir='ltr'>α.</span> <span class='ocrx_word' id='word_1_231' title='bbox 1777 1410 1839 1452; x_wconf 83' lang='lat' dir='ltr'>Qui</span> <span class='ocrx_word' id='word_1_232' title='bbox 1861 1411 1960 1445; x_wconf 82' lang='lat' dir='ltr'>eximi</span> 
     </span>
     <span class='ocr_line' id='line_1_25' title="bbox 521 1460 1957 1509; baseline -0.002 -13"><span class='ocrx_word' id='word_1_233' title='bbox 521 1462 616 1497; x_wconf 89' lang='lat' dir='ltr'>choro</span> <span class='ocrx_word' id='word_1_234' title='bbox 640 1463 772 1509; x_wconf 76' lang='lat' dir='ltr'>possint,</span> <span class='ocrx_word' id='word_1_235' title='bbox 798 1463 871 1496; x_wconf 80' lang='lat' dir='ltr'>ibid.</span> <span class='ocrx_word' id='word_1_236' title='bbox 888 1463 914 1496; x_wconf 89' lang='lat' dir='ltr'>b.</span> <span class='ocrx_word' id='word_1_237' title='bbox 935 1460 979 1495; x_wconf 90' lang='lat' dir='ltr'>De</span> <span class='ocrx_word' id='word_1_238' title='bbox 1000 1460 1135 1503; x_wconf 79' lang='lat' dir='ltr'>silentio,</span> <span class='ocrx_word' id='word_1_239' title='bbox 1158 1462 1230 1494; x_wconf 76' lang='lat' dir='ltr'>ibid.</span> <span class='ocrx_word' id='word_1_240' title='bbox 1255 1460 1301 1495; x_wconf 92' lang='lat' dir='ltr'>De</span> <span class='ocrx_word' id='word_1_241' title='bbox 1328 1460 1442 1495; x_wconf 84' lang='lat' dir='ltr'>salubri</span> <span class='ocrx_word' id='word_1_242' title='bbox 1468 1460 1656 1495; x_wconf 85' lang='lat' dir='ltr'>novitiorum</span> <span class='ocrx_word' id='word_1_243' title='bbox 1680 1469 1709 1494; x_wconf 88' lang='lat' dir='ltr'>et</span> <span class='ocrx_word' id='word_1_244' title='bbox 1734 1462 1883 1494; x_wconf 87' lang='lat' dir='ltr'>iuvenum</span> <span class='ocrx_word' id='word_1_245' title='bbox 1907 1460 1957 1493; x_wconf 90' lang='lat' dir='ltr'>in-</span> 
     </span>
     <span class='ocr_line' id='line_1_26' title="bbox 523 1509 1957 1557; baseline -0.001 -11"><span class='ocrx_word' id='word_1_246' title='bbox 523 1512 721 1553; x_wconf 75' lang='lat' dir='ltr'>formatione,</span> <span class='ocrx_word' id='word_1_247' title='bbox 745 1513 816 1545; x_wconf 78' lang='lat'>593</span> <span class='ocrx_word' id='word_1_248' title='bbox 837 1524 867 1545; x_wconf 83' lang='lat' dir='ltr'>a.</span> <span class='ocrx_word' id='word_1_249' title='bbox 897 1510 941 1545; x_wconf 90' lang='lat' dir='ltr'>De</span> <span class='ocrx_word' id='word_1_250' title='bbox 969 1509 1173 1548; x_wconf 78' lang='lat' dir='ltr'>abstinentia,</span> <span class='ocrx_word' id='word_1_251' title='bbox 1198 1512 1266 1544; x_wconf 77' lang='lat'>594</span> <span class='ocrx_word' id='word_1_252' title='bbox 1289 1523 1319 1544; x_wconf 89' lang='grc' dir='ltr'>α.</span> <span class='ocrx_word' id='word_1_253' title='bbox 1344 1510 1390 1545; x_wconf 80' lang='lat' dir='ltr'>De</span> <span class='ocrx_word' id='word_1_254' title='bbox 1417 1510 1564 1557; x_wconf 85' lang='lat' dir='ltr'>qualitate</span> <span class='ocrx_word' id='word_1_255' title='bbox 1594 1509 1718 1543; x_wconf 89' lang='lat' dir='ltr'>habitus</span> <span class='ocrx_word' id='word_1_256' title='bbox 1745 1518 1774 1543; x_wconf 87' lang='lat' dir='ltr'>et</span> <span class='ocrx_word' id='word_1_257' title='bbox 1803 1509 1957 1552; x_wconf 84' lang='lat' dir='ltr'>vestium,</span> 
     </span>
     <span class='ocr_line' id='line_1_27' title="bbox 520 1558 1953 1599; baseline -0.001 -5"><span class='ocrx_word' id='word_1_258' title='bbox 520 1562 594 1595; x_wconf 73' lang='lat' dir='ltr'>ibid.</span> <span class='ocrx_word' id='word_1_259' title='bbox 617 1563 645 1595; x_wconf 91' lang='lat' dir='ltr'>b.</span> <span class='ocrx_word' id='word_1_260' title='bbox 666 1561 712 1596; x_wconf 89' lang='lat' dir='ltr'>De</span> <span class='ocrx_word' id='word_1_261' title='bbox 735 1560 828 1595; x_wconf 87' lang='lat' dir='ltr'>modo</span> <span class='ocrx_word' id='word_1_262' title='bbox 846 1558 1026 1594; x_wconf 89' lang='lat' dir='ltr'>licentiandi</span> <span class='ocrx_word' id='word_1_263' title='bbox 1050 1559 1169 1599; x_wconf 82' lang='lat' dir='ltr'>fratres,</span> <span class='ocrx_word' id='word_1_264' title='bbox 1194 1560 1263 1593; x_wconf 79' lang='lat'>595</span> <span class='ocrx_word' id='word_1_265' title='bbox 1286 1562 1313 1593; x_wconf 87' lang='lat' dir='ltr'>b.</span> <span class='ocrx_word' id='word_1_266' title='bbox 1337 1558 1585 1594; x_wconf 78' lang='lat' dir='ltr'>Demuneribns</span> <span class='ocrx_word' id='word_1_267' title='bbox 1609 1572 1669 1593; x_wconf 90' lang='lat' dir='ltr'>nou</span> <span class='ocrx_word' id='word_1_268' title='bbox 1689 1558 1813 1598; x_wconf 81' lang='lat' dir='ltr'>dandis,</span> <span class='ocrx_word' id='word_1_269' title='bbox 1835 1561 1906 1592; x_wconf 74' lang='lat'>596</span> <span class='ocrx_word' id='word_1_270' title='bbox 1926 1560 1953 1592; x_wconf 84' lang='lat' dir='ltr'>b.</span> 
     </span>
     <span class='ocr_line' id='line_1_28' title="bbox 522 1606 1956 1655; baseline -0.003 -11"><span class='ocrx_word' id='word_1_271' title='bbox 522 1610 569 1644; x_wconf 88' lang='lat' dir='ltr'>De</span> <span class='ocrx_word' id='word_1_272' title='bbox 591 1610 806 1653; x_wconf 82' lang='lat' dir='ltr'>familiaribus,</span> <span class='ocrx_word' id='word_1_273' title='bbox 835 1611 902 1644; x_wconf 79' lang='lat'>397</span> <span class='ocrx_word' id='word_1_274' title='bbox 927 1622 956 1643; x_wconf 88' lang='grc' dir='ltr'>α.</span> <span class='ocrx_word' id='word_1_275' title='bbox 980 1608 1026 1642; x_wconf 90' lang='lat' dir='ltr'>De</span> <span class='ocrx_word' id='word_1_276' title='bbox 1061 1608 1184 1648; x_wconf 83' lang='lat' dir='ltr'>studiis,</span> <span class='ocrx_word' id='word_1_277' title='bbox 1209 1610 1280 1642; x_wconf 79' lang='lat' dir='ltr'>ibid.</span> <span class='ocrx_word' id='word_1_278' title='bbox 1310 1608 1356 1642; x_wconf 89' lang='lat' dir='ltr'>De</span> <span class='ocrx_word' id='word_1_279' title='bbox 1378 1608 1524 1655; x_wconf 84' lang='lat' dir='ltr'>expensis</span> <span class='ocrx_word' id='word_1_280' title='bbox 1557 1607 1752 1641; x_wconf 86' lang='lat' dir='ltr'>studentium</span> <span class='ocrx_word' id='word_1_281' title='bbox 1775 1606 1931 1641; x_wconf 85' lang='lat' dir='ltr'>evitandis</span> <span class='ocrx_word' id='word_1_282' title='bbox 1948 1634 1956 1648; x_wconf 93' lang='lat'>,</span> 
     </span>
     <span class='ocr_line' id='line_1_29' title="bbox 523 1655 1958 1702; baseline -0.003 -9"><span class='ocrx_word' id='word_1_283' title='bbox 523 1659 593 1693; x_wconf 78' lang='lat'>400</span> <span class='ocrx_word' id='word_1_284' title='bbox 618 1672 648 1693; x_wconf 87' lang='grc' dir='ltr'>α.</span> <span class='ocrx_word' id='word_1_285' title='bbox 677 1659 722 1693; x_wconf 87' lang='lat' dir='ltr'>De</span> <span class='ocrx_word' id='word_1_286' title='bbox 758 1658 850 1693; x_wconf 84' lang='lat' dir='ltr'>rebus</span> <span class='ocrx_word' id='word_1_287' title='bbox 879 1658 1007 1693; x_wconf 89' lang='lat' dir='ltr'>fratrum</span> <span class='ocrx_word' id='word_1_288' title='bbox 1043 1657 1279 1700; x_wconf 79' lang='lat' dir='ltr'>decedentium,</span> <span class='ocrx_word' id='word_1_289' title='bbox 1317 1659 1387 1692; x_wconf 75' lang='grc'>402</span> <span class='ocrx_word' id='word_1_290' title='bbox 1419 1670 1448 1691; x_wconf 86' lang='grc' dir='ltr'>α.</span> <span class='ocrx_word' id='word_1_291' title='bbox 1478 1656 1524 1691; x_wconf 89' lang='lat' dir='ltr'>De</span> <span class='ocrx_word' id='word_1_292' title='bbox 1551 1656 1643 1691; x_wconf 91' lang='lat' dir='ltr'>donis</span> <span class='ocrx_word' id='word_1_293' title='bbox 1670 1664 1698 1690; x_wconf 89' lang='lat' dir='ltr'>et</span> <span class='ocrx_word' id='word_1_294' title='bbox 1726 1656 1837 1702; x_wconf 82' lang='lat' dir='ltr'>legatis</span> <span class='ocrx_word' id='word_1_295' title='bbox 1866 1655 1958 1690; x_wconf 89' lang='lat' dir='ltr'>factis</span> 
     </span>
     <span class='ocr_line' id='line_1_30' title="bbox 522 1705 1957 1754; baseline -0.003 -12"><span class='ocrx_word' id='word_1_296' title='bbox 522 1708 679 1749; x_wconf 82' lang='lat' dir='ltr'>fratribus,</span> <span class='ocrx_word' id='word_1_297' title='bbox 707 1709 781 1742; x_wconf 78' lang='lat' dir='ltr'>ibid.</span> <span class='ocrx_word' id='word_1_298' title='bbox 805 1709 831 1741; x_wconf 90' lang='lat' dir='ltr'>b.</span> <span class='ocrx_word' id='word_1_299' title='bbox 855 1707 902 1742; x_wconf 90' lang='lat' dir='ltr'>De</span> <span class='ocrx_word' id='word_1_300' title='bbox 928 1707 1197 1754; x_wconf 84' lang='lat' dir='ltr'>eleemosynarum</span> <span class='ocrx_word' id='word_1_301' title='bbox 1223 1706 1369 1741; x_wconf 90' lang='lat' dir='ltr'>memoria</span> <span class='ocrx_word' id='word_1_302' title='bbox 1405 1714 1436 1741; x_wconf 87' lang='lat' dir='ltr'>et</span> <span class='ocrx_word' id='word_1_303' title='bbox 1463 1706 1618 1752; x_wconf 80' lang='lat' dir='ltr'>suffragiis</span> <span class='ocrx_word' id='word_1_304' title='bbox 1640 1705 1806 1749; x_wconf 76' lang='lat' dir='ltr'>faciendis,</span> <span class='ocrx_word' id='word_1_305' title='bbox 1829 1707 1900 1740; x_wconf 74' lang='lat'>405</span> <span class='ocrx_word' id='word_1_306' title='bbox 1927 1717 1957 1739; x_wconf 86' lang='lat' dir='ltr'>a.</span> 
     </span>
     <span class='ocr_line' id='line_1_31' title="bbox 522 1754 1953 1803; baseline -0.002 -11"><span class='ocrx_word' id='word_1_307' title='bbox 522 1757 568 1792; x_wconf 87' lang='lat' dir='ltr'>De</span> <span class='ocrx_word' id='word_1_308' title='bbox 587 1758 761 1792; x_wconf 88' lang='lat' dir='ltr'>iuramento</span> <span class='ocrx_word' id='word_1_309' title='bbox 782 1757 936 1803; x_wconf 84' lang='lat' dir='ltr'>generalis</span> <span class='ocrx_word' id='word_1_310' title='bbox 957 1764 987 1791; x_wconf 85' lang='lat' dir='ltr'>et</span> <span class='ocrx_word' id='word_1_311' title='bbox 1010 1755 1191 1803; x_wconf 85' lang='lat' dir='ltr'>provincial.</span> <span class='ocrx_word' id='word_1_312' title='bbox 1216 1756 1429 1791; x_wconf 89' lang='lat' dir='ltr'>ministrorum</span> <span class='ocrx_word' id='word_1_313' title='bbox 1456 1764 1486 1790; x_wconf 90' lang='lat' dir='ltr'>et</span> <span class='ocrx_word' id='word_1_314' title='bbox 1508 1755 1654 1795; x_wconf 78' lang='lat' dir='ltr'>aliorum,</span> <span class='ocrx_word' id='word_1_315' title='bbox 1682 1756 1758 1790; x_wconf 76' lang='lat' dir='ltr'>ibid.</span> <span class='ocrx_word' id='word_1_316' title='bbox 1787 1757 1814 1789; x_wconf 92' lang='lat' dir='ltr'>b.</span> <span class='ocrx_word' id='word_1_317' title='bbox 1840 1754 1885 1789; x_wconf 89' lang='lat' dir='ltr'>De</span> <span class='ocrx_word' id='word_1_318' title='bbox 1908 1754 1953 1789; x_wconf 78' lang='lat' dir='ltr'>fa—</span> 
     </span>
     <span class='ocr_line' id='line_1_32' title="bbox 521 1804 1959 1853; baseline -0.001 -12"><span class='ocrx_word' id='word_1_319' title='bbox 521 1806 603 1841; x_wconf 88' lang='lat' dir='ltr'>milia</span> <span class='ocrx_word' id='word_1_320' title='bbox 626 1816 656 1841; x_wconf 86' lang='lat' dir='ltr'>et</span> <span class='ocrx_word' id='word_1_321' title='bbox 678 1807 823 1853; x_wconf 79' lang='lat' dir='ltr'>expensis</span> <span class='ocrx_word' id='word_1_322' title='bbox 849 1806 1002 1852; x_wconf 87' lang='lat' dir='ltr'>generalis</span> <span class='ocrx_word' id='word_1_323' title='bbox 1025 1805 1159 1840; x_wconf 86' lang='lat' dir='ltr'>ministri</span> <span class='ocrx_word' id='word_1_324' title='bbox 1182 1813 1212 1839; x_wconf 87' lang='lat' dir='ltr'>et</span> <span class='ocrx_word' id='word_1_325' title='bbox 1235 1806 1354 1840; x_wconf 88' lang='lat' dir='ltr'>ratione</span> <span class='ocrx_word' id='word_1_326' title='bbox 1378 1805 1548 1845; x_wconf 84' lang='lat' dir='ltr'>reddenda,</span> <span class='ocrx_word' id='word_1_327' title='bbox 1568 1807 1639 1840; x_wconf 84' lang='grc'>404</span> <span class='ocrx_word' id='word_1_328' title='bbox 1661 1817 1690 1839; x_wconf 87' lang='grc' dir='ltr'>α.</span> <span class='ocrx_word' id='word_1_329' title='bbox 1713 1804 1758 1839; x_wconf 89' lang='lat' dir='ltr'>De</span> <span class='ocrx_word' id='word_1_330' title='bbox 1784 1804 1959 1840; x_wconf 88' lang='lat' dir='ltr'>visitatione</span> 
     </span>
     <span class='ocr_line' id='line_1_33' title="bbox 521 1853 1960 1903; baseline -0.002 -13"><span class='ocrx_word' id='word_1_331' title='bbox 521 1857 754 1903; x_wconf 87' lang='lat' dir='ltr'>provincialium</span> <span class='ocrx_word' id='word_1_332' title='bbox 785 1856 1013 1896; x_wconf 86' lang='lat' dir='ltr'>ministrorum,</span> <span class='ocrx_word' id='word_1_333' title='bbox 1037 1858 1106 1889; x_wconf 82' lang='grc'>405</span> <span class='ocrx_word' id='word_1_334' title='bbox 1134 1868 1163 1889; x_wconf 83' lang='lat' dir='ltr'>a.</span> <span class='ocrx_word' id='word_1_335' title='bbox 1193 1854 1238 1890; x_wconf 89' lang='lat' dir='ltr'>De</span> <span class='ocrx_word' id='word_1_336' title='bbox 1273 1855 1477 1890; x_wconf 83' lang='lat' dir='ltr'>destitutione</span> <span class='ocrx_word' id='word_1_337' title='bbox 1505 1862 1535 1889; x_wconf 86' lang='lat' dir='ltr'>et</span> <span class='ocrx_word' id='word_1_338' title='bbox 1564 1855 1803 1890; x_wconf 82' lang='lat' dir='ltr'>renunciatione</span> <span class='ocrx_word' id='word_1_339' title='bbox 1831 1853 1960 1901; x_wconf 87' lang='lat' dir='ltr'>provin-</span> 
     </span>
     <span class='ocr_line' id='line_1_34' title="bbox 520 1903 1959 1952; baseline -0.001 -12"><span class='ocrx_word' id='word_1_340' title='bbox 520 1906 643 1940; x_wconf 85' lang='lat' dir='ltr'>cialium</span> <span class='ocrx_word' id='word_1_341' title='bbox 673 1906 899 1945; x_wconf 76' lang='lat' dir='ltr'>ministrorum,</span> <span class='ocrx_word' id='word_1_342' title='bbox 927 1906 1003 1939; x_wconf 81' lang='lat' dir='ltr'>ibid.</span> <span class='ocrx_word' id='word_1_343' title='bbox 1027 1903 1073 1939; x_wconf 88' lang='lat' dir='ltr'>De</span> <span class='ocrx_word' id='word_1_344' title='bbox 1101 1904 1216 1939; x_wconf 84' lang='lat' dir='ltr'>familia</span> <span class='ocrx_word' id='word_1_345' title='bbox 1239 1913 1268 1939; x_wconf 88' lang='lat' dir='ltr'>et</span> <span class='ocrx_word' id='word_1_346' title='bbox 1296 1905 1445 1952; x_wconf 78' lang='lat' dir='ltr'>expensis</span> <span class='ocrx_word' id='word_1_347' title='bbox 1473 1904 1711 1952; x_wconf 88' lang='lat' dir='ltr'>provincialium</span> <span class='ocrx_word' id='word_1_348' title='bbox 1742 1904 1959 1939; x_wconf 76' lang='lat' dir='ltr'>ministrorum</span> 
     </span>
     <span class='ocr_line' id='line_1_35' title="bbox 521 1953 1955 2002; baseline -0.001 -12"><span class='ocrx_word' id='word_1_349' title='bbox 521 1965 550 1990; x_wconf 84' lang='lat' dir='ltr'>et</span> <span class='ocrx_word' id='word_1_350' title='bbox 583 1956 699 1991; x_wconf 89' lang='lat' dir='ltr'>ratione</span> <span class='ocrx_word' id='word_1_351' title='bbox 729 1955 886 1990; x_wconf 85' lang='lat' dir='ltr'>reddenda</span> <span class='ocrx_word' id='word_1_352' title='bbox 916 1967 970 2002; x_wconf 89' lang='lat' dir='ltr'>per</span> <span class='ocrx_word' id='word_1_353' title='bbox 992 1967 1057 1998; x_wconf 85' lang='lat' dir='ltr'>eos,</span> <span class='ocrx_word' id='word_1_354' title='bbox 1085 1956 1159 1989; x_wconf 78' lang='lat' dir='ltr'>ibid.</span> <span class='ocrx_word' id='word_1_355' title='bbox 1183 1956 1210 1988; x_wconf 89' lang='lat' dir='ltr'>b.</span> <span class='ocrx_word' id='word_1_356' title='bbox 1235 1955 1281 1990; x_wconf 90' lang='lat' dir='ltr'>De</span> <span class='ocrx_word' id='word_1_357' title='bbox 1303 1954 1469 1990; x_wconf 88' lang='lat' dir='ltr'>custodum</span> <span class='ocrx_word' id='word_1_358' title='bbox 1493 1962 1521 1988; x_wconf 89' lang='lat' dir='ltr'>et</span> <span class='ocrx_word' id='word_1_359' title='bbox 1544 1953 1789 2000; x_wconf 83' lang='lat' dir='ltr'>guardianorum</span> <span class='ocrx_word' id='word_1_360' title='bbox 1802 1953 1955 1989; x_wconf 85' lang='lat' dir='ltr'>electione</span> 
     </span>
    </p>

    <p class='ocr_par' dir='ltr' id='par_1_13' title="bbox 503 2003 1959 2052">
     <span class='ocr_line' id='line_1_36' title="bbox 503 2003 1959 2052; baseline -0.001 -12"><span class='ocrx_word' id='word_1_361' title='bbox 503 2019 505 2022; x_wconf 59' lang='lat'><strong>⁴</strong></span> <span class='ocrx_word' id='word_1_362' title='bbox 521 2015 551 2040; x_wconf 79' lang='lat' dir='ltr'>et</span> <span class='ocrx_word' id='word_1_363' title='bbox 573 2006 821 2049; x_wconf 81' lang='lat' dir='ltr'>confirmatione,</span> <span class='ocrx_word' id='word_1_364' title='bbox 844 2007 917 2039; x_wconf 80' lang='lat' dir='ltr'>ibid.</span> <span class='ocrx_word' id='word_1_365' title='bbox 947 2004 992 2039; x_wconf 87' lang='lat' dir='ltr'>De</span> <span class='ocrx_word' id='word_1_366' title='bbox 1016 2004 1271 2051; x_wconf 83' lang='lat' dir='ltr'>inquisitionibus</span> <span class='ocrx_word' id='word_1_367' title='bbox 1288 2004 1325 2039; x_wconf 89' lang='lat' dir='ltr'>ad</span> <span class='ocrx_word' id='word_1_368' title='bbox 1348 2004 1483 2052; x_wconf 87' lang='lat' dir='ltr'>capitula</span> <span class='ocrx_word' id='word_1_369' title='bbox 1509 2004 1679 2044; x_wconf 81' lang='lat' dir='ltr'>mittendis,</span> <span class='ocrx_word' id='word_1_370' title='bbox 1696 2007 1766 2039; x_wconf 74' lang='grc'>406</span> <span class='ocrx_word' id='word_1_371' title='bbox 1782 2005 1810 2038; x_wconf 87' lang='lat' dir='ltr'>b.</span> <span class='ocrx_word' id='word_1_372' title='bbox 1828 2003 1873 2038; x_wconf 87' lang='lat' dir='ltr'>De</span> <span class='ocrx_word' id='word_1_373' title='bbox 1890 2015 1959 2051; x_wconf 90' lang='lat' dir='ltr'>pro-</span> 
     </span>
    </p>

    <p class='ocr_par' dir='ltr' id='par_1_14' title="bbox 523 2053 1961 2299">
     <span class='ocr_line' id='line_1_37' title="bbox 523 2053 1961 2101; baseline -0.002 -11"><span class='ocrx_word' id='word_1_374' title='bbox 523 2063 676 2099; x_wconf 82' lang='lat' dir='ltr'>curatore,</span> <span class='ocrx_word' id='word_1_375' title='bbox 695 2057 763 2090; x_wconf 72' lang='lat'>407</span> <span class='ocrx_word' id='word_1_376' title='bbox 783 2069 813 2090; x_wconf 87' lang='lat' dir='ltr'>a.</span> <span class='ocrx_word' id='word_1_377' title='bbox 838 2055 883 2090; x_wconf 90' lang='lat' dir='ltr'>De</span> <span class='ocrx_word' id='word_1_378' title='bbox 899 2054 1167 2101; x_wconf 71' lang='lat' dir='ltr'>praedicatoribus</span> <span class='ocrx_word' id='word_1_379' title='bbox 1191 2063 1218 2088; x_wconf 92' lang='lat' dir='ltr'>et</span> <span class='ocrx_word' id='word_1_380' title='bbox 1241 2054 1488 2092; x_wconf 76' lang='lat' dir='ltr'>confessoribus,</span> <span class='ocrx_word' id='word_1_381' title='bbox 1512 2056 1582 2088; x_wconf 86' lang='lat'>408</span> <span class='ocrx_word' id='word_1_382' title='bbox 1599 2067 1628 2088; x_wconf 90' lang='grc' dir='ltr'>α.</span> <span class='ocrx_word' id='word_1_383' title='bbox 1652 2054 1698 2088; x_wconf 84' lang='lat' dir='ltr'>De</span> <span class='ocrx_word' id='word_1_384' title='bbox 1715 2053 1864 2088; x_wconf 87' lang='lat' dir='ltr'>fratribus</span> <span class='ocrx_word' id='word_1_385' title='bbox 1886 2066 1961 2088; x_wconf 84' lang='lat' dir='ltr'>eun-</span> 
     </span>
     <span class='ocr_line' id='line_1_38' title="bbox 523 2103 1958 2152; baseline -0.002 -12"><span class='ocrx_word' id='word_1_386' title='bbox 523 2105 606 2140; x_wconf 83' lang='lat' dir='ltr'>tibus</span> <span class='ocrx_word' id='word_1_387' title='bbox 633 2118 687 2140; x_wconf 88' lang='lat' dir='ltr'>seu</span> <span class='ocrx_word' id='word_1_388' title='bbox 712 2105 871 2140; x_wconf 89' lang='lat' dir='ltr'>mittendis</span> <span class='ocrx_word' id='word_1_389' title='bbox 902 2104 939 2139; x_wconf 88' lang='lat' dir='ltr'>ad</span> <span class='ocrx_word' id='word_1_390' title='bbox 969 2112 1072 2152; x_wconf 84' lang='lat' dir='ltr'>partes</span> <span class='ocrx_word' id='word_1_391' title='bbox 1100 2104 1286 2148; x_wconf 84' lang='lat' dir='ltr'>infidelium,</span> <span class='ocrx_word' id='word_1_392' title='bbox 1311 2106 1384 2139; x_wconf 78' lang='lat' dir='ltr'>ibid.</span> <span class='ocrx_word' id='word_1_393' title='bbox 1413 2107 1441 2139; x_wconf 92' lang='lat' dir='ltr'>b.</span> <span class='ocrx_word' id='word_1_394' title='bbox 1475 2103 1521 2139; x_wconf 90' lang='lat' dir='ltr'>De</span> <span class='ocrx_word' id='word_1_395' title='bbox 1549 2103 1736 2138; x_wconf 82' lang='lat' dir='ltr'>adhibendis</span> <span class='ocrx_word' id='word_1_396' title='bbox 1762 2103 1800 2138; x_wconf 81' lang='lat' dir='ltr'>ad</span> <span class='ocrx_word' id='word_1_397' title='bbox 1829 2103 1958 2138; x_wconf 86' lang='lat' dir='ltr'>consilia</span> 
     </span>
     <span class='ocr_line' id='line_1_39' title="bbox 523 2153 1959 2201; baseline -0.002 -11"><span class='ocrx_word' id='word_1_398' title='bbox 523 2155 670 2191; x_wconf 84' lang='lat' dir='ltr'>fratribus</span> <span class='ocrx_word' id='word_1_399' title='bbox 691 2164 721 2190; x_wconf 90' lang='lat' dir='ltr'>et</span> <span class='ocrx_word' id='word_1_400' title='bbox 750 2155 843 2190; x_wconf 90' lang='lat' dir='ltr'>modo</span> <span class='ocrx_word' id='word_1_401' title='bbox 870 2155 1006 2189; x_wconf 91' lang='lat' dir='ltr'>tenendo</span> <span class='ocrx_word' id='word_1_402' title='bbox 1030 2154 1059 2188; x_wconf 92' lang='lat' dir='ltr'>in</span> <span class='ocrx_word' id='word_1_403' title='bbox 1080 2154 1136 2198; x_wconf 89' lang='lat' dir='ltr'>eis,</span> <span class='ocrx_word' id='word_1_404' title='bbox 1167 2156 1236 2189; x_wconf 90' lang='lat'>409</span> <span class='ocrx_word' id='word_1_405' title='bbox 1259 2167 1287 2189; x_wconf 90' lang='grc' dir='ltr'>α.</span> <span class='ocrx_word' id='word_1_406' title='bbox 1316 2154 1363 2189; x_wconf 89' lang='lat' dir='ltr'>De</span> <span class='ocrx_word' id='word_1_407' title='bbox 1391 2153 1688 2189; x_wconf 83' lang='lat' dir='ltr'>denunciationibus</span> <span class='ocrx_word' id='word_1_408' title='bbox 1714 2161 1744 2188; x_wconf 85' lang='lat' dir='ltr'>et</span> <span class='ocrx_word' id='word_1_409' title='bbox 1781 2153 1959 2201; x_wconf 87' lang='lat' dir='ltr'>inquisitio-</span> 
     </span>
     <span class='ocr_line' id='line_1_40' title="bbox 524 2202 1960 2248; baseline -0.003 -8"><span class='ocrx_word' id='word_1_410' title='bbox 524 2205 615 2240; x_wconf 90' lang='lat' dir='ltr'>nibus</span> <span class='ocrx_word' id='word_1_411' title='bbox 637 2218 837 2248; x_wconf 81' lang='lat' dir='ltr'>excessuum,</span> <span class='ocrx_word' id='word_1_412' title='bbox 862 2206 936 2239; x_wconf 73' lang='lat' dir='ltr'>ibid.</span> <span class='ocrx_word' id='word_1_413' title='bbox 960 2206 987 2238; x_wconf 87' lang='lat' dir='ltr'>b.</span> <span class='ocrx_word' id='word_1_414' title='bbox 1011 2203 1057 2238; x_wconf 90' lang='lat' dir='ltr'>De</span> <span class='ocrx_word' id='word_1_415' title='bbox 1080 2204 1284 2243; x_wconf 66' lang='lat' dir='ltr'>dormitoriis„</span> <span class='ocrx_word' id='word_1_416' title='bbox 1306 2204 1440 2239; x_wconf 84' lang='lat' dir='ltr'>cameris</span> <span class='ocrx_word' id='word_1_417' title='bbox 1454 2212 1483 2238; x_wconf 78' lang='lat' dir='ltr'>et</span> <span class='ocrx_word' id='word_1_418' title='bbox 1498 2203 1665 2244; x_wconf 84' lang='lat' dir='ltr'>clausuris,</span> <span class='ocrx_word' id='word_1_419' title='bbox 1685 2205 1746 2237; x_wconf 81' lang='grc'><strong>411</strong></span> <span class='ocrx_word' id='word_1_420' title='bbox 1771 2205 1797 2237; x_wconf 92' lang='lat' dir='ltr'>b.</span> <span class='ocrx_word' id='word_1_421' title='bbox 1813 2203 1860 2238; x_wconf 82' lang='lat' dir='ltr'>De</span> <span class='ocrx_word' id='word_1_422' title='bbox 1874 2202 1960 2238; x_wconf 90' lang='lat' dir='ltr'>aedi-</span> 
     </span>
     <span class='ocr_line' id='line_1_41' title="bbox 523 2253 1615 2299; baseline -0.003 -9"><span class='ocrx_word' id='word_1_423' title='bbox 523 2255 612 2299; x_wconf 82' lang='lat' dir='ltr'>ficiis,</span> <span class='ocrx_word' id='word_1_424' title='bbox 628 2257 696 2289; x_wconf 75' lang='grc'>412</span> <span class='ocrx_word' id='word_1_425' title='bbox 718 2268 747 2289; x_wconf 87' lang='grc' dir='ltr'>α.</span> <span class='ocrx_word' id='word_1_426' title='bbox 770 2255 817 2290; x_wconf 81' lang='lat' dir='ltr'>De</span> <span class='ocrx_word' id='word_1_427' title='bbox 838 2266 913 2289; x_wconf 89' lang='lat' dir='ltr'>cura</span> <span class='ocrx_word' id='word_1_428' title='bbox 934 2253 1116 2288; x_wconf 90' lang='lat' dir='ltr'>monialium</span> <span class='ocrx_word' id='word_1_429' title='bbox 1136 2266 1192 2289; x_wconf 89' lang='lat' dir='ltr'>seu</span> <span class='ocrx_word' id='word_1_430' title='bbox 1216 2254 1467 2294; x_wconf 77' lang='lat' dir='ltr'>minorissarum,</span> <span class='ocrx_word' id='word_1_431' title='bbox 1489 2255 1564 2287; x_wconf 73' lang='lat' dir='ltr'>ibid.</span> <span class='ocrx_word' id='word_1_432' title='bbox 1588 2255 1615 2288; x_wconf 90' lang='lat' dir='ltr'>b.</span> 
     </span>
    </p>

    <p class='ocr_par' dir='ltr' id='par_1_15' title="bbox 424 2303 1299 2341">
     <span class='ocr_line' id='line_1_42' title="bbox 424 2303 1299 2341; baseline -0.003 0"><span class='ocrx_word' id='word_1_433' title='bbox 424 2305 686 2341; x_wconf 88' lang='lat' dir='ltr'>Monasteriornm</span> <span class='ocrx_word' id='word_1_434' title='bbox 715 2305 804 2340; x_wconf 88' lang='lat' dir='ltr'>bona.</span> <span class='ocrx_word' id='word_1_435' title='bbox 836 2306 870 2337; x_wconf 92' lang='lat' dir='ltr'>V.</span> <span class='ocrx_word' id='word_1_436' title='bbox 894 2303 1108 2339; x_wconf 85' lang='lat' dir='ltr'>Ecclesiarum</span> <span class='ocrx_word' id='word_1_437' title='bbox 1133 2303 1299 2338; x_wconf 89' lang='lat' dir='ltr'>bonorum.</span> 
     </span>
    </p>

    <p class='ocr_par' dir='ltr' id='par_1_16' title="bbox 424 2352 1904 2393">
     <span class='ocr_line' id='line_1_43' title="bbox 424 2352 1904 2393; baseline -0.003 -2"><span class='ocrx_word' id='word_1_438' title='bbox 424 2355 685 2391; x_wconf 84' lang='lat' dir='ltr'>Monasteriorum</span> <span class='ocrx_word' id='word_1_439' title='bbox 709 2354 805 2389; x_wconf 86' lang='lat' dir='ltr'>Urbis</span> <span class='ocrx_word' id='word_1_440' title='bbox 833 2354 912 2388; x_wconf 89' lang='lat' dir='ltr'>bona</span> <span class='ocrx_word' id='word_1_441' title='bbox 938 2366 999 2388; x_wconf 88' lang='lat' dir='ltr'>non</span> <span class='ocrx_word' id='word_1_442' title='bbox 1027 2361 1100 2388; x_wconf 88' lang='lat' dir='ltr'>sunt</span> <span class='ocrx_word' id='word_1_443' title='bbox 1124 2354 1327 2393; x_wconf 80' lang='lat' dir='ltr'>infeudanda,</span> <span class='ocrx_word' id='word_1_444' title='bbox 1351 2353 1480 2389; x_wconf 87' lang='lat' dir='ltr'>locanda</span> <span class='ocrx_word' id='word_1_445' title='bbox 1504 2366 1558 2388; x_wconf 81' lang='lat' dir='ltr'>seu</span> <span class='ocrx_word' id='word_1_446' title='bbox 1582 2352 1757 2391; x_wconf 72' lang='lat' dir='ltr'>alienanda.</span> <span class='ocrx_word' id='word_1_447' title='bbox 1779 2354 1851 2387; x_wconf 74' lang='lat'>655</span> <span class='ocrx_word' id='word_1_448' title='bbox 1874 2364 1904 2386; x_wconf 83' lang='lat' dir='ltr'>a.</span> 
     </span>
    </p>

    <p class='ocr_par' dir='ltr' id='par_1_17' title="bbox 424 2401 1959 2490">
     <span class='ocr_line' id='line_1_44' title="bbox 424 2401 1959 2449; baseline -0.002 -8"><span class='ocrx_word' id='word_1_449' title='bbox 424 2407 560 2441; x_wconf 88' lang='lat' dir='ltr'>Moneta.</span> <span class='ocrx_word' id='word_1_450' title='bbox 584 2405 908 2440; x_wconf 85' lang='lat' dir='ltr'>Excommunicantur</span> <span class='ocrx_word' id='word_1_451' title='bbox 930 2403 1083 2439; x_wconf 91' lang='lat' dir='ltr'>cudentes</span> <span class='ocrx_word' id='word_1_452' title='bbox 1105 2412 1133 2438; x_wconf 85' lang='lat' dir='ltr'>et</span> <span class='ocrx_word' id='word_1_453' title='bbox 1162 2404 1338 2440; x_wconf 74' lang='lat' dir='ltr'>deferentes</span> <span class='ocrx_word' id='word_1_454' title='bbox 1361 2403 1452 2439; x_wconf 86' lang='lat' dir='ltr'>falsas</span> <span class='ocrx_word' id='word_1_455' title='bbox 1469 2412 1610 2438; x_wconf 87' lang='lat' dir='ltr'>monetas</span> <span class='ocrx_word' id='word_1_456' title='bbox 1627 2403 1656 2437; x_wconf 93' lang='lat' dir='ltr'>in</span> <span class='ocrx_word' id='word_1_457' title='bbox 1676 2405 1773 2449; x_wconf 73' lang='lat' dir='ltr'>re&#39;gno</span> <span class='ocrx_word' id='word_1_458' title='bbox 1797 2401 1959 2438; x_wconf 76' lang='lat' dir='ltr'>Franciae.</span> 
     </span>
     <span class='ocr_line' id='line_1_45' title="bbox 527 2457 644 2490; baseline -0.009 -1"><span class='ocrx_word' id='word_1_459' title='bbox 527 2458 594 2490; x_wconf 80' lang='lat'>195</span> <span class='ocrx_word' id='word_1_460' title='bbox 617 2457 644 2489; x_wconf 89' lang='lat' dir='ltr'>b.</span> 
     </span>
    </p>

    <p class='ocr_par' dir='ltr' id='par_1_18' title="bbox 425 2504 1001 2545">
     <span class='ocr_line' id='line_1_46' title="bbox 425 2504 1001 2545; baseline -0.003 -5"><span class='ocrx_word' id='word_1_461' title='bbox 425 2505 577 2541; x_wconf 86' lang='lat' dir='ltr'>Moniales</span> <span class='ocrx_word' id='word_1_462' title='bbox 605 2504 880 2545; x_wconf 79' lang='lat' dir='ltr'>commendantur,</span> <span class='ocrx_word' id='word_1_463' title='bbox 905 2507 949 2539; x_wconf 80' lang='lat'>83</span> <span class='ocrx_word' id='word_1_464' title='bbox 972 2517 1001 2538; x_wconf 89' lang='grc' dir='ltr'>α.</span> 
     </span>
    </p>

    <p class='ocr_par' dir='ltr' id='par_1_19' title="bbox 427 2552 1880 2601">
     <span class='ocr_line' id='line_1_47' title="bbox 427 2552 1880 2601; baseline -0.004 -11"><span class='ocrx_word' id='word_1_465' title='bbox 427 2555 725 2590; x_wconf 70' lang='lat' dir='ltr'>Montisalbanensis</span> <span class='ocrx_word' id='word_1_466' title='bbox 753 2554 893 2589; x_wconf 86' lang='lat' dir='ltr'>Ecclesia</span> <span class='ocrx_word' id='word_1_467' title='bbox 916 2554 1111 2601; x_wconf 56' lang='lat' dir='ltr'>suffraganea</span> <span class='ocrx_word' id='word_1_468' title='bbox 1140 2554 1310 2600; x_wconf 79' lang='lat' dir='ltr'>episcopat.</span> <span class='ocrx_word' id='word_1_469' title='bbox 1335 2553 1505 2588; x_wconf 85' lang='lat' dir='ltr'>Tholosan.</span> <span class='ocrx_word' id='word_1_470' title='bbox 1534 2552 1729 2596; x_wconf 83' lang='lat' dir='ltr'>declaratur,</span> <span class='ocrx_word' id='word_1_471' title='bbox 1755 2554 1825 2586; x_wconf 69' lang='lat'>246</span> <span class='ocrx_word' id='word_1_472' title='bbox 1853 2553 1880 2584; x_wconf 81' lang='lat' dir='ltr'>b.</span> 
     </span>
    </p>

    <p class='ocr_par' dir='ltr' id='par_1_20' title="bbox 428 2603 1454 2651">
     <span class='ocr_line' id='line_1_48' title="bbox 428 2603 1454 2651; baseline -0.003 -11"><span class='ocrx_word' id='word_1_473' title='bbox 428 2605 542 2640; x_wconf 88' lang='lat' dir='ltr'>Montis</span> <span class='ocrx_word' id='word_1_474' title='bbox 569 2604 682 2639; x_wconf 82' lang='lat' dir='ltr'>Falisci</span> <span class='ocrx_word' id='word_1_475' title='bbox 705 2603 847 2639; x_wconf 87' lang='lat' dir='ltr'>Ecclesia</span> <span class='ocrx_word' id='word_1_476' title='bbox 871 2605 901 2638; x_wconf 93' lang='lat' dir='ltr'>in</span> <span class='ocrx_word' id='word_1_477' title='bbox 925 2603 1136 2651; x_wconf 76' lang='lat' dir='ltr'>episcopalem</span> <span class='ocrx_word' id='word_1_478' title='bbox 1166 2603 1305 2649; x_wconf 75' lang='lat' dir='ltr'>erigitur,</span> <span class='ocrx_word' id='word_1_479' title='bbox 1329 2606 1398 2638; x_wconf 70' lang='lat'>524</span> <span class='ocrx_word' id='word_1_480' title='bbox 1425 2616 1454 2637; x_wconf 86' lang='grc' dir='ltr'>α.</span> 
     </span>
    </p>

    <p class='ocr_par' dir='ltr' id='par_1_21' title="bbox 429 2654 1252 2702">
     <span class='ocr_line' id='line_1_49' title="bbox 429 2654 1252 2702; baseline -0.005 -13"><span class='ocrx_word' id='word_1_481' title='bbox 429 2654 544 2689; x_wconf 88' lang='lat' dir='ltr'>Montis</span> <span class='ocrx_word' id='word_1_482' title='bbox 565 2654 701 2701; x_wconf 71' lang='lat' dir='ltr'>Gargani</span> <span class='ocrx_word' id='word_1_483' title='bbox 725 2654 926 2702; x_wconf 77' lang='lat' dir='ltr'>episcopatus</span> <span class='ocrx_word' id='word_1_484' title='bbox 953 2654 1097 2700; x_wconf 80' lang='lat' dir='ltr'>erigitur,</span> <span class='ocrx_word' id='word_1_485' title='bbox 1125 2655 1194 2687; x_wconf 68' lang='lat'>635</span> <span class='ocrx_word' id='word_1_486' title='bbox 1223 2665 1252 2686; x_wconf 87' lang='grc' dir='ltr'>α.</span> 
     </span>
    </p>
   </div>
   <div class='ocr_carea' id='block_1_3' title="bbox 2249 0 2274 317">
    <p class='ocr_par' dir='ltr' id='par_1_22' title="bbox 2249 0 2274 317">
     <span class='ocr_line' id='line_1_50' title="bbox 2249 0 2274 317; baseline 0 2948"><span class='ocrx_word' id='word_1_487' title='bbox 2249 0 2274 317; x_wconf 95' lang='lat' dir='ltr'> </span> 
     </span>
    </p>
   </div>
  </div>
 </body>
</html>
