2274 3265
90 288 140 314 An.
155 287 184 314 C.
205 285 269 312 1285

86 1482 261 1503 Utsieuttafiid.

85 1515 212 1540 imperatore
223 1520 268 1539 pra-

85 1546 143 1565 viore
160 1546 205 1569 lugu
225 1547 267 1565 sint

85 1578 188 1602 oppressi.

91 2573 265 2595 Neelevaiifita-

83 2605 136 2625 rulo,

906 283 1068 305 iioxouits
1097 283 1127 304 iv
1156 282 1202 304 m».
1724 271 1760 302 71

286 347 404 378 tantur
445 351 502 373 nec
538 352 641 373 r'eiunt
676 339 800 373 νι5ῑίίί5
824 338 1031 392 praeteritur:

285 388 390 423 haec
385 401 413 421 m
439 388 681 435 praesi‹l‹ntium
712 387 873 422 iniuriosis
904 399 1031 433 proces-

284 437 383 481 sibus,
409 446 439 472 et
463 437 692 472 induet-arum
688 450 716 470 ιιι
740 436 883 471 subditos
905 447 1028 482 oppies

283 487 410 521 sionum
434 487 617 522 excessibus
640 494 746 534 patent
775 487 929 532 apertius.
967 498 1031 519 evi-

284 536 393 571 denter
415 537 634 572 ostenduntur.
660 536 693 569 ln
717 547 850 581 quorum
881 535 1031 581 multipli-

283 587 404 621 catione
438 586 619 621 sauciantur
659 585 752 619 coi-da
789 585 967 623 laesorum,
1003 593 1031 618 et

283 645 399 684 quanto
433 636 538 670 minus
572 636 662 670 datur
691 636 910 681 opportunitas
950 634 1032 668 licite

285 685 509 733 propulsandi,
550 697 630 731 quae
678 685 782 719 illicite
825 684 1031 725 inseruntur,

285 744 368 769 tanto
411 747 520 769 rancor
552 735 644 768 altius
686 734 843 769 radicatur
891 734 1031 773 interius,

283 793 313 819 et
340 784 548 831 periculosius
584 784 759 831 prorumpit
792 784 939 825 exterius,
967 798 1032 829 op-

284 835 475 881 portunitate
513 846 673 868 concessa.
710 833 806 868 Fiunt
840 835 923 869 euim
965 835 1031 881 ple-

284 895 417 930 rumque
451 884 556 918 hostes
591 896 628 918 ex
670 883 831 927 subditis,
871 892 1031 919 transeunt

283 933 394 968 auxilia
440 933 617 968 securitatis
652 934 679 966 in
711 941 841 973 metum,
881 934 1032 968 munitio-

284 996 337 1018 nes
360 983 389 1017 in
425 983 623 1018 formidinem
653 991 890 1024 convertuntur-3
924 992 1031 1018 nutant

284 1033 480 1079 regnantium
514 1033 601 1073 solia,
634 1033 811 1067 redundant
848 1046 938 1079 regna
978 1046 1032 1080 pe-

284 1083 390 1117 riculis
422 1083 588 1126 intestinis,
621 1083 806 1129 quatiuntur
837 1083 956 1117 insidiis
978 1096 1033 1117 ex-

283 1132 438 1173 tr,insecis
463 1132 836 1177 insultibusimpetuntur
857 1132 1031 1171 audactius,

283 1191 313 1215 et
337 1191 503 1227 regnantes
531 1182 560 1215 in
584 1194 641 1221 tis,
663 1182 715 1228 qui
739 1190 906 1228 operantes
942 1182 1033 1216 iusti-

284 1232 369 1275 tiam,
393 1231 587 1266 exaltationis
608 1231 962 1276 gwloiiammeiwerentui,
980 1231 1034 1265 hu-

283 1281 390 1315 miliat}
419 1289 546 1328 propter
568 1280 736 1314 iniustitiis
766 1280 946 1327 sieqtienttr
968 1293 1033 1327 op-

284 1329 443 1377 probrium
472 1330 656 1364 deiectionis
684 1330 858 1364 incurrunt.

330 1378 363 1413 In
386 1378 562 1425 praemissis
578 1379 632 1414 etsi
650 1378 830 1425 Scripturae
845 1392 902 1414 nos
917 1380 1033 1414 instru-

281 1436 345 1472 ant,
362 1428 519 1463 efficacius
546 1436 647 1462 tamen
669 1430 748 1462 notis
764 1429 913 1463 docemur
932 1443 1031 1464 exem-

283 1477 356 1524 plis:
373 1478 497 1525 quantis
513 1478 608 1515 enini,
627 1487 769 1524 tempore
788 1480 946 1526 quondam
971 1479 1034 1514 Fri-

282 1527 377 1561 derici
392 1527 466 1562 olim
476 1527 689 1562 Romanorum
700 1529 896 1574 imperatoris
907 1539 1033 1576 propter

282 1576 382 1611 illatas
404 1577 575 1624 regnicolis
602 1578 786 1613 afflictiones
802 1579 924 1613 illicitas
938 1589 964 1613 et
980 1592 1034 1626 op-

282 1627 461 1673 pressiones
485 1627 640 1662 indebitas
659 1628 689 1661 in
711 1640 807 1674 regno
821 1628 946 1664 Siciliae
970 1642 1030 1664 uon

281 1676 399 1723 absque
422 1677 635 1712 immensitate
649 1678 863 1723 gravaminum
889 1680 1032 1714 inductas

281 1725 320 1760 ab
343 1727 422 1773 ipso,
445 1739 575 1773 regnum
600 1728 704 1774 ipsum
721 1729 959 1774 tempestatibus
977 1730 1033 1764 ssu-

282 1777 405 1816 cruat-ie
421 1786 496 1824 quot
511 1786 539 1811 et
555 1778 682 1824 quantis
704 1778 930 1813 rebellionibus
955 1792 1032 1814 eon-

282 1838 409 1861 cussum
426 1828 572 1866 extiterit,
586 1835 661 1874 quot
674 1828 888 1863 invasionibus
903 1838 1033 1864 attenta-

281 1884 526 1923 tum;quautum
544 1889 597 1923 per
621 1877 723 1923 ipsum
748 1886 777 1912 et
802 1887 943 1924 posteros
958 1892 1032 1914 suos

279 1925 526 1973 depauperatum
540 1926 664 1973 opibus,
684 1936 759 1974 quot
779 1928 951 1962 incolarum
966 1930 1032 1963 exi-

280 1975 331 2009 liis
343 1977 754 2021 etstragihusdiminutum,
768 1978 889 2012 nulluin
907 1978 1033 2013 screan-

279 2025 388 2070 gulum
417 2025 502 2060 orbis
524 2026 608 2060 latet.
631 2026 732 2081 Quam
766 2028 926 2074 praecipiti
960 2028 1033 2063 Fri-

280 2075 404 2110 dericus
432 2076 514 2110 idem
544 2084 573 2110 et
595 2088 695 2121 genus
719 2076 816 2123 ipsius
844 2078 931 2112 ruina
968 2091 1030 2113 cor

282 2126 410 2165 ruerint,
445 2125 554 2171 probat
591 2126 730 2159 notorius
769 2140 859 2162 casus
899 2129 968 2162 eius
1002 2140 1031 2164 et

281 2175 480 2209 manifestum
504 2176 685 2209 eorumdem
715 2177 935 2211 exterminium
968 2191 1030 2224 po—

281 2233 446 2259 sterorum.
474 2224 691 2259 Verum.adeo
714 2225 862 2261 Friderici
886 2228 1028 2263 eiusdem

281 2274 311 2307 in
339 2275 432 2308 dictis
453 2275 633 2309 continuata
655 2283 685 2308 et
706 2284 795 2310 aucta
820 2279 962 2323 posteris,
995 2291 1029 2313 ac

282 2323 311 2357 in
334 2323 410 2358 alios
432 2324 601 2370 exemplari
641 2324 835 2361 derivatione
875 2328 1028 2363 transfusa

282 2374 432 2420 processit
448 2374 609 2420 iniquitaS,
632 2376 714 2420 qnod
739 2388 793 2423 per
808 2390 879 2411 cun]
905 2378 1027 2413 intenta

279 2425 456 2478 gravamina
487 2435 586 2470 usque
613 2424 650 2457 ad
674 2424 750 2459 haec
773 2434 912 2474 t‹mpora
941 2428 1030 2463 dura-

281 2474 373 2517 visse,
401 2486 542 2509 necnon
577 2480 607 2507 et
646 2484 844 2520 augmentata
880 2477 1029 2513 dicuntur

280 2522 382 2570 aliqua
406 2523 601 2563 eorumdem
625 2531 655 2556 et
676 2524 829 2559 adiettani
859 2526 1050 2563 hiloniinus:

280 2571 335 2606 alia
360 2586 420 2607 non
445 2574 574 2608 minoia.
605 2572 736 2627 Propter
758 2576 839 2622 quod
885 2579 1028 2612 nonnul—

282 2621 381 2656 lorum
401 2624 549 2670 supponit
578 2634 695 2668 opinio,
718 2626 800 2671 quod
824 2627 923 2660 claena<
964 2641 1029 2662 me-

281 2673 398 2707 moriae
420 2672 568 2707 Caroluni
609 2674 734 2708 Sit-ilino
776 2688 894 2721 rerem,
935 2690 1026 2723 quem

1072 335 1303 383 persequtionis
1330 336 1487 369 dictorum
1516 336 1731 380 gravaminum
1768 347 1822 369 eo-

1073 385 1214 419 rumdem
1237 384 1389 419 Friderici
1410 392 1440 419 et
1470 393 1664 432 posterorum
1709 385 1823 431 perni—

1072 437 1154 469 ciosa
1170 434 1312 481 exempla
1329 433 1468 468 fecerunt
1488 434 1596 469 saltem
1615 434 1821 481 permissione

1075 484 1270 531 participem,
1303 484 1376 518 duni
1409 484 1588 530 opinaretur
1619 484 1746 519 forsitan
1784 485 1822 518 li-

1073 534 1143 577 ‹·ita,
1171 546 1251 581 quae
1279 533 1317 567 al)
1341 533 1401 567 illis
1424 533 1581 567 audiverat
1621 541 1681 568 tam
1718 533 1821 580 longis

1074 583 1268 630 temporibus
1292 591 1449 630 usurpata,
1487 582 1691 617 reddiderunt
1727 584 1820 618 etiam

1075 633 1303 680 praedictorum
1328 633 1590 679 consequentium
1615 633 1650 667 ad
1686 633 1734 668 illa
1771 634 1821 667 di-

1073 683 1254 717 scriminum
1280 695 1340 717 non
1371 695 1497 729 prorsus
1525 692 1696 729 expertem,
1729 693 1820 739 prout

1074 733 1252 767 Siculorum
1278 732 1406 767 rebellio
1447 733 1553 768 multis
1588 742 1700 768 onusta
1736 734 1820 781 peri-

1074 785 1154 818 culis
1177 784 1376 830 aliorumque
1404 783 1502 829 ipsam
1531 783 1701 818 foventium
1745 797 1823 831 per—

1074 834 1199 881 sequtio
1223 833 1435 877 manifestant,
1460 846 1518 867 non
1548 833 1679 869 solum
1672 847 1702 868 ιιι
1734 835 1823 869 eius—

1074 884 1143 918 dem
1169 885 1249 930 regis
1275 896 1309 918 ac
1354 884 1525 918 haeredum
1563 897 1692 920 suorum
1729 897 1821 931 grave

1073 933 1152 967 adeo
1175 935 1324 968 excitatae
1348 933 1531 975 discrimen,
1555 934 1638 982 quod
1667 935 1743 982 ipsis
1756 934 1822 970 hae-

1075 983 1292 1024 1·edibus,uisi
1318 996 1372 1031 per
1409 997 1466 1018 nos
1506 984 1600 1018 celeri
1641 993 1824 1019 occurratur

1076 1041 1303 1078 praetactorum
1342 1033 1552 1069 subductione
1595 1035 1822 1081 gravaminum,

1075 1083 1194 1117 instans
1219 1083 1402 1130 perditionis
1425 1084 1519 1119 totius
1541 1083 1615 1118 dicti
1653 1085 1737 1131 regni
1768 1096 1823 1131 pe-

1075 1132 1206 1167 ticulum
1235 1134 1482 1179 comminantur,
1510 1133 1564 1168 sed
1589 1142 1619 1169 et
1646 1134 1676 1168 in
1704 1133 1822 1180 grande

1075 1190 1214 1216 nostrum
1239 1190 1269 1216 et
1295 1182 1456 1218 Ecclesiae
1488 1183 1648 1218 Romanae
1687 1183 1823 1230 dispen-

1074 1230 1158 1265 dium
1186 1241 1379 1278 prorogatae,
1403 1245 1475 1267 cum
1499 1233 1537 1267 sit
1566 1245 1621 1279 per
1641 1245 1693 1268 eas
1722 1233 1752 1267 in
1778 1232 1824 1267 Si-

1074 1281 1162 1315 ciliae
1186 1282 1285 1315 insula
1302 1290 1331 1315 et
1354 1282 1384 1316 iu
1409 1282 1571 1317 nonnullis
1593 1282 1663 1317 aliis
1681 1282 1822 1317 eiusdem

1076 1330 1161 1376 regni
1187 1331 1327 1376 partibus
1354 1332 1490 1377 ipsarum
1516 1332 1639 1373 incolis,
1666 1344 1722 1367 nec
1766 1344 1824 1366 no-

1076 1379 1133 1421 bis,
1164 1393 1219 1414 nec
1257 1380 1417 1415 Ecclesiae
1456 1381 1513 1429 ipsi
1538 1381 1732 1429 parentibus,
1769 1381 1822 1416 sed

1074 1429 1318 1464 adhaerentibus
1347 1431 1451 1477 potius
1475 1432 1623 1472 inimicis,
1649 1441 1751 1466 nostra
1795 1439 1823 1465 et

1075 1478 1174 1525 ipsius
1204 1479 1364 1514 Ecclesiae
1401 1481 1505 1515 civilis
1541 1482 1709 1516 interversa
1744 1493 1824 1528 pos—

1074 1529 1183 1571 sessio,
1200 1537 1228 1563 et
1254 1530 1281 1563 in
1306 1538 1498 1565 caeterarum
1522 1531 1681 1578 aliquibus
1704 1530 1823 1565 turbata

1075 1578 1280 1625 frequentius,
1305 1588 1335 1614 et
1362 1580 1515 1615 turbetur.
1558 1580 1604 1615 Ex
1638 1592 1700 1628 quo
1735 1580 1825 1614 datur

1075 1637 1215 1674 patenter
1231 1629 1375 1676 intelligi,
1400 1631 1597 1686 quantumin
1618 1630 1667 1666 his
1683 1638 1823 1665 nostrum

1074 1686 1102 1711 et
1131 1678 1288 1712 Ecclesim
1312 1680 1465 1726 praefatae
1490 1681 1643 1716 interesse
1675 1687 1824 1721 versetur,

1073 1737 1291 1775 quantumque
1313 1729 1350 1764 ad
1376 1738 1516 1765 nostium
1540 1738 1660 1779 spectet
1687 1730 1823 1766 officium

1074 1785 1103 1811 et
1132 1778 1300 1813 haeredum
1325 1781 1465 1826 ipsorum
1495 1793 1662 1828 praecipue
1690 1781 1825 1816 necessi-

1074 1836 1118 1861 tas
1140 1830 1254 1875 exigat,
1279 1842 1340 1864 non
1364 1838 1482 1865 tantum
1512 1831 1700 1887 piaetnissis·
1731 1830 1824 1866 ohor-

1074 1878 1112 1912 tis
1140 1878 1169 1913 in
1193 1879 1302 1913 eodem
1328 1892 1438 1926 regno,
1461 1881 1544 1927 quod
1573 1889 1620 1916 est
1644 1881 1743 1928 ipsius
1764 1880 1822 1915 Ec-

1073 1928 1184 1963 clesiae
1208 1929 1342 1974 speciale
1371 1938 1528 1977 tamquam
1556 1931 1594 1965 ad
1621 1932 1670 1965 ius
1697 1939 1727 1965 et
1749 1943 1822 1977 pro-

1074 1979 1232 2023 prietatem
1273 1979 1341 2014 eius
1370 1981 1541 2026 pertinens,
1575 1981 1728 2028 dictisque
1758 1981 1820 2026 regi

1072 2035 1102 2062 et
1124 2027 1315 2063 haeredibus
1343 2029 1373 2063 iu
1403 2030 1429 2064 s·
1435 2030 1531 2064 udum
1571 2030 1609 2064 ab
1644 2031 1709 2077 ipsa
1744 2042 1821 2064 cou-

1072 2090 1209 2122 cessum,
1232 2078 1357 2113 obviare
1381 2080 1540 2126 periculis:
1569 2079 1623 2115 sed
1651 2081 1743 2115 etiam
1784 2091 1821 2114 ne

1071 2127 1183 2161 similia
1213 2128 1355 2162 oriantur
1378 2130 1597 2177 imposterum,
1636 2129 1818 2176 diligentem

1071 2189 1176 2211 curam
1200 2185 1229 2210 et
1252 2179 1407 2213 curiosam
1433 2180 1628 2226 diligentiam
1659 2179 1820 2219 adhibere,

1072 2235 1225 2273 praetacta
1250 2229 1428 2273 gravamina
1456 2229 1639 2264 eorumdem
1661 2228 1819 2276 periculo-

1073 2290 1162 2318 rum,
1191 2285 1223 2311 ut
1270 2279 1386 2312 veritati
1424 2287 1591 2314 concurrat
1633 2280 1819 2326 expressio,

1071 2326 1251 2361 manifestas
1274 2330 1458 2364 occasiones
1479 2337 1509 2364 et
1529 2342 1638 2363 causas
1662 2341 1819 2375 congruae

1071 2377 1258 2423 provisionis
1306 2377 1460 2414 beneficio
1502 2378 1694 2425 abrogando
1739 2378 1819 2413 Cum

1071 2428 1269 2474 proprietatis
1296 2426 1424 2463 domiuo
1464 2429 1652 2476 praedium,
1687 2429 1715 2463 in
1758 2440 1820 2475 quo

1070 2486 1116 2511 est
1139 2490 1186 2511 ius
1205 2478 1255 2512 alii
1285 2479 1502 2522 constitutum,
1524 2491 1579 2526 pio
1603 2491 1639 2513 eo
1661 2477 1744 2525 quod
1764 2490 1820 2513 sua

1071 2527 1198 2562 interest
1215 2528 1306 2572 tueri,
1330 2528 1431 2563 lines
1425 2530 1524 2575 ipsius
1543 2528 1703 2563 custodire
1719 2528 1820 2567 liceat

1070 2590 1105 2611 ιο
1128 2578 1219 2612 etiam
1249 2579 1300 2612 cui
1326 2578 1374 2613 ius
1397 2578 1541 2619 debetur,
1565 2579 1673 2619 invit03
1713 2587 1821 2614 custo-

1069 2627 1138 2661 diae
1167 2636 1272 2662 autem
1299 2641 1411 2662 nomeu
1442 2628 1471 2662 id
1499 2627 1623 2671 habeat,
1646 2628 1730 2675 quod
1766 2628 1819 2675 qui

1071 2686 1196 2712 tenetur
1223 2678 1260 2712 ad
1290 2690 1369 2716 eam,
1402 2690 1460 2711 non
1491 2678 1592 2712 solum
1634 2678 1662 2711 id
1698 2678 1820 2717 debeat,

1840 279 1886 304 Αη.
1906 280 2017 306 c.1285

1852 1085 1900 1106 lude
1932 1087 2022 1107 connata

1837 1119 1861 1137 al·
1889 1120 2020 1144 exasperatis

1838 1150 1920 1175 pinnulis
1945 1152 2020 1169 coniu-

1837 1182 1898 1201 nno,
