2274 3265
228 274 277 300 An.
297 273 325 300 C.
343 274 409 301 i558

473 262 543 294 4⁹20

424 326 516 362 stabit
550 324 633 359 iuxta
660 323 805 363 formam,
832 333 913 370 quae
945 321 1076 355 inferius
1097 331 1174 355 con-

426 382 554 410 tinctur.

473 424 493 471 g
519 424 577 457 20.
605 420 927 467 Statuiniusquoque
955 428 985 455 et
1006 420 1098 453 etiam
1121 432 1176 452 or-

328 485 333 497 ·
352 474 584 508 ι’·“··(1ιιι;ιιιιιι5,
620 470 704 517 quod
728 469 834 504 literae
857 469 958 504 dit-tae
990 468 1096 507 officii,
1119 468 1175 502 de-

237 517 259 529 ae
276 517 286 530 n
298 513 410 534 scriptun-

242 548 264 561 υς
285 542 408 561 servandae.

425 522 627 557 clarationein
657 532 710 553 seu
739 518 1006 565 dispensationem
1038 517 1174 564 aliquam

424 572 634 608 continentes,
679 576 709 603 et
745 567 928 602 consimiles
980 566 1114 601 babeant
1159 579 1174 599 a

427 629 511 668 parte
535 618 704 666 superiori,
728 626 755 652 et
779 616 849 651 aliis
873 616 997 650 duobus
1025 614 1176 650 lateribus

424 670 562 716 spatium
599 668 724 702 chartae
749 678 809 700 uon
840 665 973 711 scriptae
1002 664 1176 699 latitudinis

426 719 517 753 trium
553 717 736 763 digitorum,
765 715 810 749 vel
847 715 940 752 circa,
968 723 997 748 et
1040 726 1055 747 a
1090 721 1175 759 parte

426 767 562 802 inferiori
597 763 778 800 huiusmodi
806 764 941 810 spatium
969 762 1175 809 duplicatum.

425 816 548 851 Litcrae
568 826 639 849 vcro
663 812 910 848 confessionales
934 812 963 845 in
990 811 1098 845 maiori
1121 823 1175 845 sen

426 865 539 900 minori
577 864 675 898 forma
710 874 725 896 a
762 870 847 908 parte
879 860 1035 907 superiori
1082 869 1112 894 et
1139 859 1178 894 ab

426 923 560 960 utroque
601 913 695 946 latere.
732 910 866 944 babeant
899 909 1034 955 spatium
1068 909 1175 942 saltem

426 963 560 997 duorum
595 960 779 1005 digitorum,
808 959 852 993 vel
891 959 992 998 circa3
1019 970 1055 992 cx
1092 966 1178 1004 parte

428 1024 498 1046 vero
534 1009 672 1044 inferiori
709 1008 802 1042 trium
835 1007 1005 1052 digitorum
1042 1006 1179 1041 debeant

425 1060 599 1099 continere3
622 1057 760 1103 alioquin
785 1068 840 1103 per
862 1056 1098 1090 distributorem
1128 1067 1179 1102 pe-

427 1110 571 1143 titionum
614 1115 643 1141 et
671 1106 830 1141 literarum
868 1105 967 1152 ipsius
995 1103 1085 1139 officii
1119 1104 1179 1138 liu-

428 1157 562 1193 iusmodi
600 1157 707 1191 literae
743 1167 804 1189 non
844 1154 1034 1199 signentur,
1077 1166 1179 1200 neque

427 1215 582 1246 taxentur,
608 1217 664 1240 nec
690 1204 783 1238 etiam
811 1203 1008 1249 sigillentur,
1035 1202 1089 1237 sed
1125 1215 1179 1248 per

427 1256 553 1291 eosdem
585 1255 769 1301 scriptores,
803 1254 856 1299 qui
893 1264 946 1286 eas
981 1252 1179 1299 scripserint,

427 1306 524 1350 gratis
546 1312 575 1338 et
598 1303 742 1338 celeriter
768 1313 840 1336 cum
875 1300 1044 1347 praedictis
1070 1301 1180 1347 spatiis

428 1354 540 1389 debitis
569 1352 795 1387 rescribantnr:
819 1359 848 1384 et
873 1350 930 1384 nisi
954 1349 1014 1385 boc
1037 1349 1179 1389 fecerint,

430 1404 474 1438 vel
503 1404 527 1437 si
558 1400 745 1436 tardaverint
773 1400 850 1433 infra
875 1400 970 1433 nnius
992 1399 1052 1433 diei
1087 1407 1180 1433 natu·

431 1452 502 1486 ralis
523 1452 656 1497 spatium
687 1450 770 1497 ipsas
805 1447 989 1491 rescribere,
1017 1450 1098 1482 iusto
1128 1449 1182 1482 im-

431 1502 609 1547 pedimento
631 1506 786 1541 cessante,
810 1497 851 1531 illi
876 1497 922 1531 rel
946 1497 1017 1541 illis,
1044 1510 1179 1543 quorum

429 1559 521 1584 erunt
550 1548 705 1596 praefatae
728 1547 836 1581 literae
865 1546 1094 1586 rescribendae,
1123 1559 1180 1580 ne-

430 1600 580 1633 cessarias
618 1608 772 1643 expensas
800 1595 978 1629 ministrent
1020 1607 1119 1642 usque
1142 1595 1180 1630 ad

430 1647 676 1694 expeditionem,
696 1643 877 1679 earumdem
898 1643 1058 1678 literarum
1082 1644 1105 1678 si
1130 1656 1182 1678 re-

429 1697 534 1743 cipere
569 1696 663 1730 velint
689 1706 753 1728 eas.
776 1693 918 1734 Quilibet
939 1701 1045 1727 autem
1077 1692 1182 1728 dicto-

431 1758 498 1779 rum
531 1745 723 1791 scriptornm
763 1742 867 1776 literas
909 1741 969 1776 sibi
998 1741 1182 1777 distributas

429 1796 490 1828 cito
512 1794 657 1840 expediat
693 1792 769 1826 nibil
798 1791 877 1825 ultra
914 1791 1101 1825 taxationem
1126 1803 1182 1837 pro

429 1843 521 1878 celeri
546 1842 746 1889 expeditione
766 1841 917 1888 ipsarum,
941 1840 986 1874 vel
1006 1840 1083 1875 alias
1102 1853 1181 1886 quo-

431 1892 602 1927 modolibet
630 1899 831 1937 recepturus:
866 1890 1025 1936 iidemque
1048 1890 1182 1935 scripto-

432 1955 480 1976 res
508 1942 588 1981 illos,
616 1953 750 1987 quorum
778 1948 852 1974 sunt
881 1939 1000 1982 literae,
1022 1939 1067 1973 vel
1091 1939 1181 1979 alios,

431 2004 491 2026 non
531 1997 729 2038 exasperent,
765 2002 867 2036 neque
896 2002 950 2036 per
984 2000 1017 2023 se
1046 1988 1091 2022 rel
1129 2000 1182 2034 per

430 2043 523 2076 alium
557 2052 611 2076 seu
648 2040 725 2074 alios
769 2039 1004 2073 comminentur
1048 2037 1181 2081 eisdem,

431 2103 530 2137 neque
560 2090 654 2125 verbo
682 2089 727 2123 vel
764 2089 844 2123 facto
882 2088 966 2134 ipsos
1002 2086 1181 2128 offendant3

430 2141 483 2175 sed
513 2140 648 2186 benigne
676 2146 706 2173 et
730 2137 939 2173 favorabiliter
962 2144 1093 2171 tractent
1116 2148 1182 2176 eos,

430 2191 688 2236 supplicationes,
715 2199 811 2234 super
833 2186 948 2233 quibus
971 2186 1076 2220 literas
1100 2185 1182 2231 ipsas

431 2240 572 2280 fecerint,
596 2246 626 2273 ut
651 2238 733 2272 fraus
764 2236 917 2271 committi
952 2243 1097 2282 nequeat,
1119 2235 1183 2268 eis-

431 2289 500 2322 dem
537 2288 632 2323 literis
673 2285 841 2332 alligando.
879 2285 1062 2327 Caeterum,
1102 2296 1182 2330 quae

432 2339 536 2373 literae
559 2338 616 2372 sub
640 2336 766 2370 nomine
793 2336 886 2370 etiam
917 2335 1075 2369 minorum
1100 2332 1182 2367 Poc-

432 2387 681 2422 nitentiariorum
722 2385 917 2427 transibunt,
962 2384 1106 2418 similiter
1153 2383 1181 2417 in

432 2437 522 2471 bonis
545 2448 746 2484 pergamena,
770 2434 866 2469 forma
902 2443 930 2468 et
955 2434 1041 2468 litera
1065 2432 1182 2479 absque

432 2487 515 2520 ouini
539 2494 684 2532 suspecta
714 2497 819 2519 rasura
855 2492 883 2517 et
908 2483 1015 2518 fraude
1037 2483 1081 2517 rel
1110 2481 1183 2516 dolo

432 2538 492 2570 cito
532 2535 709 2570 scribantur
746 2547 800 2581 per
833 2534 1002 2580 scriptores
1042 2532 1183 2570 eosdem,

433 2594 459 2617 et
488 2585 654 2629 diligenter
679 2595 732 2630 per
766 2592 976 2618 correctorem
1008 2581 1183 2621 videantur,

433 2641 461 2667 et
491 2634 581 2667 etiam
618 2634 830 2679 corrigantur,
858 2640 887 2666 et
915 2632 1021 2666 literae
1059 2638 1183 2678 apertae

989 266 1174 290 BULLAttttJtu
1202 263 1364 288 nonnum

1216 320 1245 352 in
1269 317 1409 352 cordulis
1431 316 1469 350 de
1493 316 1552 350 fitis
1585 315 1855 361 quemadmodum
1880 316 1912 350 tit
1930 316 1969 350 de

1217 367 1313 401 literis
1335 364 1409 399 dicti
1431 363 1536 405 officii,
1558 376 1639 410 quae
1662 363 1738 398 fiunt
1760 363 1821 398 sub
1843 366 1970 399 nomine

1217 415 1343 452 maioris
1371 413 1623 453 Poenitentiarii,
1652 425 1708 459 per
1735 412 1905 459 deputatos
1932 414 1970 448 ad

1218 466 1246 499 id
1270 463 1402 499 clericos
1423 462 1610 509 sigillentur.
1635 462 1769 508 Insuper
1791 462 1863 496 dicti
1891 463 1971 497 scri-

1219 524 1322 560 ptores
1353 512 1390 547 ad
1419 512 1585 547 ecclesiam
1625 524 1681 546 seu
1716 511 1820 545 locum
1847 511 1884 545 ad
1914 512 1973 546 boc

1218 564 1402 609 deputatum
1427 561 1507 596 bene
1531 573 1622 595 mane
1644 572 1678 595 se
1700 560 1874 601 conferant,
1897 560 1971 595 liora

1220 611 1377 650 tidelicet,
1406 622 1466 657 qua
1495 609 1624 657 praefati
1654 609 1892 645 Poenitentiarii
1919 622 1973 644 ac-

1218 659 1386 696 ceduntad
1402 659 1546 694 eamdem
1577 658 1742 694 ecclesiam
1771 659 1836 693 sive
1856 658 1971 694 locum.

1218 710 1359 752 Quilibet
1380 717 1484 743 autem
1514 708 1670 743 dictorum
1704 707 1892 755 scriptorum
1922 719 1974 755 pe-

1220 760 1347 794 titiones
1362 757 1421 792 sibi
1436 757 1621 792 distributas
1642 757 1819 792 secundum
1841 757 1972 792 sormam

1218 808 1356 842 debitam
1382 807 1412 840 in
1436 806 1536 841 literis
1569 806 1691 852 redigat
1718 814 1812 853 atque
1840 805 1972 840 scribat:

1221 856 1456 892 recurrentibus
1483 855 1520 890 ad
1556 868 1628 890 eum
1671 868 1728 902 pro
1761 855 1839 901 ipsis
1876 855 1975 890 literis

1220 904 1398 940 scribendis
1432 917 1493 939 non
1523 904 1641 939 ironice
1683 904 1729 939 vel
1759 904 1895 939 derisive
1919 917 1975 939 re-

1219 954 1387 1001 spondeat,
1420 953 1568 1001 nullaque
1600 953 1769 1001 opprobria
1804 953 1888 988 dicat
1916 953 1974 993 eis.

1220 1004 1273 1038 sed
1319 1003 1456 1049 benigne
1489 1012 1520 1037 et
1542 1002 1725 1038 charitative
1761 1009 1871 1037 tractet
1903 1015 1975 1037 eos-

1220 1053 1312 1093 dem·,
1336 1064 1394 1087 nec
1416 1052 1489 1087 dicti
1513 1052 1685 1098 scriptores
1714 1063 1795 1086 unus
1817 1064 1891 1086 cum
1913 1051 1976 1086 alio

1221 1102 1312 1137 vei-ba
1337 1102 1486 1136 iniuriosa
1516 1101 1561 1135 vel
1591 1101 1847 1148 improperativa,
1871 1101 1976 1135 maxi-

1221 1164 1270 1186 me
1305 1151 1334 1185 in
1362 1151 1444 1185 dicta
1484 1150 1638 1189 ecclesia,
1680 1158 1881 1196 praesumant
1915 1149 1975 1184 sibi

1221 1201 1325 1235 dicere
1370 1200 1416 1234 vel
1451 1199 1578 1234 babere.
1606 1199 1701 1241 Quod
1730 1199 1755 1233 si
1783 1199 1976 1234 contrarium

1222 1250 1363 1289 fecerint,
1387 1250 1471 1283 iuxta
1491 1248 1619 1283 maioris
1638 1248 1875 1283 Poenitentiarii
1893 1247 1977 1282 arbi-

1223 1300 1315 1333 trium
1346 1299 1527 1344 punientur.
1562 1297 1696 1332 Praesati
1725 1298 1818 1332 etiam
1842 1297 1978 1344 scripto-

1223 1360 1271 1382 res
1298 1347 1494 1382 distributori
1532 1346 1692 1381 literarum
1717 1346 1792 1381 dicti
1825 1347 1916 1381 oflicii
1946 1347 1976 1381 in

1222 1397 1302 1432 dicta
1339 1396 1493 1437 Ecclesia,
1516 1395 1619 1443 quoad
1647 1396 1817 1442 scriptores
1855 1408 1978 1435 earum,

1222 1455 1251 1480 et
1279 1446 1308 1479 in
1337 1445 1416 1485 aliis,
1444 1458 1524 1492 quae
1547 1445 1584 1480 ad
1607 1457 1700 1479 suum
1737 1452 1883 1492 spectant
1910 1443 1978 1479 offi-

1223 1497 1319 1536 cium,
1355 1503 1483 1541 pareant
1504 1503 1534 1529 ct
1569 1493 1749 1535 intendant,
1784 1493 1976 1529 contrarium

1223 1557 1295 1579 vero
1311 1543 1462 1578 facientes
1480 1543 1601 1590 absque
1616 1555 1709 1577 causa
1727 1543 1876 1589 legitima,
1895 1555 1980 1577 emo-

1223 1594 1364 1628 lumento
1393 1593 1478 1627 illius
1515 1592 1588 1633 diei,
1611 1604 1675 1639 quo
1703 1592 1805 1626 taliter
1831 1604 1978 1626 excesse-

1223 1643 1296 1682 rint,
1318 1642 1395 1676 alias
1422 1642 1481 1677 sibi
1501 1641 1619 1683 debito,
1647 1641 1716 1675 sine
1739 1641 1837 1687 gratia
1867 1641 1978 1675 remis-

1223 1691 1321 1726 sionis
1369 1691 1552 1738 priventur,
1596 1690 1663 1725 aliis
1707 1689 1978 1736 conscriptoribus

1223 1741 1289 1774 suis
1300 1739 1475 1787 aequaliter
1488 1739 1688 1787 applicando.
1704 1738 1784 1773 Dicti
1799 1741 1891 1774 etiam
1903 1739 1978 1774 scri-

1225 1798 1330 1836 ptores
1346 1798 1430 1823 extra
1452 1789 1629 1824 Romanam
1649 1788 1779 1823 Curiam
1796 1787 1978 1834 profecturi,

1223 1848 1389 1885 antequam
1418 1839 1456 1873 de
1481 1838 1576 1873 Curia
1601 1838 1666 1885 ipsa
1690 1837 1851 1877 recedant,
1875 1837 1903 1871 id
1928 1837 1979 1872 di-

1223 1888 1383 1922 stributor-i
1421 1887 1585 1922 notificent
1613 1885 1813 1933 supradict0;
1848 1894 1878 1921 et
1912 1886 1977 1922 sive

1223 1950 1295 1972 cum
1320 1937 1445 1972 licentia
1482 1937 1546 1971 sive
1568 1937 1638 1971 sine
1672 1935 1796 1970 licentia
1824 1935 1863 1970 de
1896 1935 1978 1971 dicta

1223 1987 1319 2021 Curia
1341 1999 1374 2021 se
1405 1987 1583 2025 absentent.
1608 1985 1682 2019 nibil
1701 1997 1805 2031 proco
1825 1993 1977 2032 tempore,

1223 2049 1285 2082 quo
1324 2036 1473 2071 absentes
1510 2035 1637 2079 suerint,
1672 2034 1824 2081 recipiant
1860 2035 1978 2070 ratione

1224 2085 1316 2120 officii
1363 2086 1540 2128 memorati,
1565 2097 1622 2119 nec
1644 2084 1736 2119 etiam
1761 2093 1831 2131 post
1856 2096 1979 2131 regres-

1223 2147 1293 2169 sum
1317 2134 1355 2169 ad
1380 2135 1495 2169 dictam
1522 2133 1651 2169 Curiam
1675 2133 1793 2180 aliquid
1819 2146 1874 2180 pro
1896 2142 1979 2169 tem-

1226 2197 1300 2231 pore
1322 2184 1482 2219 absentiae
1510 2191 1772 2230 recompensetur
1798 2183 1928 2217 eisdem.

1275 2234 1295 2280 S
1316 2235 1374 2267 21.
1399 2233 1560 2268 praefatus
1581 2234 1675 2268 etiam
1693 2232 1876 2267 distributor
1899 2232 1979 2279 peti-

1225 2283 1327 2317 tiones
1351 2295 1525 2330 pauperum
1566 2282 1767 2328 singulariter
1794 2290 1822 2316 et
1847 2294 1901 2328 per
1925 2293 1979 2316 or-

1224 2332 1329 2367 dinem
1356 2345 1410 2378 per
1436 2333 1604 2379 scriptores
1633 2332 1778 2377 singulos
1813 2330 1978 2366 distribuat

1226 2382 1422 2421 nominatim,
1446 2395 1503 2416 nec
1536 2389 1631 2428 ponat
1655 2382 1684 2415 in
1710 2381 1787 2428 ipsis
1816 2380 1979 2427 petitioni-

1226 2430 1284 2465 bus
1320 2433 1436 2476 Recipit
1465 2433 1565 2477 quivis
1591 2433 1689 2476 yraeis
1723 2443 1781 2476 pro
1817 2432 1890 2470 Deo;
1923 2430 1977 2465 sed

1226 2482 1353 2515 nomine
1387 2481 1512 2527 proprio
1547 2481 1727 2527 scriptores,
1762 2479 1881 2526 quibus
1911 2479 1979 2514 illas

1225 2529 1395 2571 distribuit,
1417 2530 1632 2577 nuncupando
1651 2529 1819 2576 compellat
1837 2528 1977 2568 eosdem.

1227 2588 1258 2613 ut
1281 2592 1334 2614 eas
1361 2580 1499 2614 scribant
1526 2587 1556 2614 et
1585 2587 1777 2626 praeponant
1804 2578 1873 2613 aliis
1905 2578 1980 2625 peti-

1226 2628 1384 2671 tionibus,
1416 2642 1451 2663 ex
1491 2628 1609 2675 quibus
1647 2628 1898 2662 emolumentum
1934 2627 1978 2662 eis

1984 258 2033 284 An.
2053 257 2081 284 C.
2101 256 2168 283 ¹558

2013 2300 2160 2321 Distributoris

2048 2337 2124 2352 munia.
