2274 3265
100 268 151 295 Au.
172 267 199 294 C.
215 268 280 294 ¹285

113 575 137 596 Ut
149 575 233 596 Sit-iliae
249 580 281 595 re-

99 612 144 632 gem
163 607 204 632 peti
226 606 280 626 batto

98 638 197 658 vetuerit:

114 1269 153 1288 Aut
174 1268 242 1294 aliqua
257 1268 284 1288 il-

101 1299 140 1319 lius
148 1299 285 1319 tionibnsim-

100 1331 163 1356 pendi
179 1330 261 1349 nmilia.

917 263 1081 286 MARTtNUS
1104 262 1133 284 lV
1156 262 1204 284 Pe.

296 319 448 361 incendia,
471 331 535 366 quo
562 318 665 353 solent
691 330 801 353 nocere
833 319 958 365 gravius
985 330 1042 364 pn-

295 369 390 405 ricula
419 369 569 409 recidiva,
605 380 660 402 nos
695 375 852 402 tantorum
888 367 1040 401 malorum

294 419 417 454 obstare
441 419 602 466 principiis
625 417 798 464 cupientes,
822 429 859 452 ue
879 417 939 451 illis
962 416 1043 450 iuva-

295 468 486 503 lescentibus
508 479 577 502 sero
596 478 702 513 parare
725 466 921 512 contingeret
941 465 1041 500 inedi-

295 519 409 559 cinam,
433 519 462 552 in
480 517 562 552 dicto
580 517 657 551 festo
674 515 879 551 Asceusionis
901 514 1042 558 Domini,

298 577 459 614 praesente
498 566 634 601 lidelium
664 564 864 600 multitudine
903 565 1041 612 copiosa,

295 619 334 652 de
361 617 489 652 fratrum
514 623 690 650 nostrorum
721 615 851 649 consilio
879 615 1043 649 unitersos

295 677 325 701 et
356 667 497 712 singulos
527 665 754 711 cuiuscumque
778 664 1042 710 praeeminentiae,

295 716 495 759 conditionis,
516 723 569 749 aut
591 723 689 748 status
710 722 827 748 attente
848 715 1042 753 monuimus,

294 765 434 801 districte
452 764 680 812 praecipientes
698 763 829 803 eisdem,
852 776 890 798 ne
910 764 938 798 in
961 776 1044 810 prae-

296 815 357 850 fato
379 827 477 861 regno
501 814 545 848 vel
570 814 639 848 eius
661 821 747 859 parte
772 825 828 848 nos
850 821 880 847 et
899 813 1042 847 eamdem

293 864 468 899 Ecclesiam
491 872 544 897 aut
571 862 742 909 praefatum
772 875 877 907 regem
906 862 1043 905 Siciliae,

293 914 346 960 qui
387 914 506 948 dictum
549 924 681 958 regnum
721 911 758 946 ab
798 912 937 946 Ecclesia
979 913 1043 959 ipsa

295 971 378 997 tenet
406 975 460 1010 per
487 974 535 1001 se,
569 962 614 996 vel
652 974 706 1008 per
739 961 834 996 alium
866 961 1043 1005 molestare,

295 1012 456 1059 impetere,
493 1011 539 1045 vel
570 1011 662 1046 etiam
701 1011 883 1058 perturbare
915 1023 1044 1057 praesu-

296 1070 416 1096 merent
439 1061 635 1108 occupando,
656 1060 843 1100 invadendo,
865 1073 920 1095 seu
946 1073 1044 1095 occu-

296 1112 360 1159 pari
383 1124 436 1145 seu
466 1110 569 1144 invadi
598 1109 740 1144 faciendo
768 1122 899 1156 regnum
930 1110 1043 1157 ipsum,

298 1161 344 1194 vel
373 1161 507 1208 aliquam
530 1159 598 1194 eius
621 1168 750 1206 partem.

346 1214 361 1253 ξ
383 1213 415 1244 4.
445 1209 661 1255 praecipimus
683 1209 810 1255 insuper
833 1208 988 1242 universis
1016 1215 1045 1241 et

298 1257 719 1305 singulisChristifidelibus,
731 1266 760 1292 et
775 1257 951 1304 specialiter
968 1269 1046 1291 tuar-

298 1309 476 1348 chiouibus,
499 1306 681 1350 comitibus,
704 1307 889 1347 baronibus,
910 1307 1044 1341 civitati-

297 1358 368 1397 bus,
383 1356 663 1392 communitatibus
678 1365 707 1390 et
728 1356 982 1391 universitatibus
998 1368 1046 1390 ca-

296 1416 444 1447 strorum,
468 1407 610 1441 villarum
627 1414 657 1440 et
672 1418 947 1453 quorumcumque
965 1406 1046 1440 loco-

297 1469 365 1491 rum
387 1456 505 1500 ltaliae,
528 1456 661 1490 maxime
681 1456 780 1501 ipsius
800 1455 959 1490 Ecclesiae
980 1454 1046 1489 Ro-

297 1518 407 1541 manae
423 1506 585 1552 temporali
603 1504 808 1540 iurisdictioni
829 1505 992 1546 subiectis,
1008 1517 1046 1539 ne

297 1556 478 1591 huiusmodi
505 1554 775 1595 molestatoribus,
796 1554 1046 1602 impetitoribus,

298 1605 579 1652 perturbatoribus,
607 1604 862 1651 occupatoribus,
892 1604 938 1638 vel
967 1605 1046 1638 inva-

298 1655 435 1696 soribus,
458 1663 511 1690 aut
540 1655 687 1701 occupari
718 1655 763 1688 vel
792 1654 895 1689 invadi
924 1654 1047 1689 facieu—

299 1705 384 1740 tibus
407 1717 537 1751 reguum
561 1705 677 1752 ipsum,
702 1704 747 1739 vel
766 1704 902 1752 aliquam
927 1713 1046 1751 partem

298 1756 367 1790 eius
405 1755 434 1789 iu
470 1756 650 1802 praemissis
690 1754 905 1794 intenderent,
940 1762 970 1788 et
1011 1767 1048 1788 ne

298 1817 369 1840 cum
392 1805 498 1849 armis,
521 1804 568 1839 vel
590 1805 659 1840 sine
681 1805 776 1838 armis
797 1803 836 1839 ad
858 1803 1046 1838 turbandum

298 1855 329 1888 in
369 1854 479 1889 eodem
520 1866 618 1900 regno
660 1866 767 1901 pacem
815 1854 1046 1900 praedictorum

1739 253 1781 285 57

1085 324 1331 362 praesumerent,
1354 317 1507 351 interdicti
1536 316 1736 352 ecclesiastici
1766 330 1831 352 sen-

1084 366 1208 410 tentiae,
1239 378 1332 413 quam
1361 379 1396 401 ex
1422 375 1495 401 tunc
1529 367 1558 400 in
1594 367 1662 402 illos
1691 367 1831 415 promul-

1084 415 1239 461 gavinum,
1268 415 1424 450 voluimus
1446 416 1617 451 subiacere.

1132 469 1147 507 ξ
1170 467 1202 499 5.
1227 464 1274 498 Ad
1299 465 1374 499 baec
1404 466 1615 512 praediximus
1639 467 1830 512 patriarchis,

1084 515 1341 562 archiepiscopis,
1357 515 1525 562 episeopis,
1541 516 1704 550 abbatibus
1721 524 1750 550 et
1763 516 1831 551 aliis

1086 565 1242 599 inferioris
1263 566 1378 610 gradus
1401 566 1555 611 praelatis,
1582 566 1663 612 quod
1699 566 1721 599 si
1751 579 1831 600 con-

1085 624 1128 649 tra
1158 616 1330 662 praemissa
1360 616 1404 649 vel
1435 628 1543 649 eorum
1573 615 1696 662 aliquod
1729 617 1833 650 venire

1085 672 1250 705 tentarent,
1278 678 1331 700 eos
1359 665 1443 700 omui
1472 665 1701 699 ecclesiasticae
1734 665 1834 711 digni-

1085 715 1156 749 tatis
1196 715 1332 759 bonore,
1373 724 1514 750 caeteros
1555 723 1658 749 autem
1704 715 1835 749 clericos

1087 776 1147 799 non
1173 764 1373 811 praelationis
1407 764 1558 803 ollis-ium,
1581 764 1633 799 sed
1669 764 1835 809 dignitates

1086 813 1214 849 forsitan
1246 815 1289 848 vel
1320 822 1516 860 personatus,
1540 826 1593 848 seu
1629 814 1685 848 alia
1716 812 1836 847 benefi-

1085 863 1129 897 cia
1158 863 1345 904 obtinentes,
1369 871 1398 898 et
1422 864 1542 911 privare
1570 875 1750 897 curaremus
1777 862 1836 896 ob-

1086 913 1191 956 tentis,
1213 921 1242 947 et
1266 913 1419 947 inhabiles
1451 912 1580 947 reddere
1603 912 1639 946 ad
1671 912 1729 946 alia
1752 911 1836 946 obti-

1086 962 1198 1006 uenda,
1222 971 1312 1008 prout
1332 963 1401 997 l'acti
1418 962 1551 1010 qualitas
1566 961 1728 1002 suaderet;
1752 961 1836 995 laicis

1087 1024 1158 1046 vero
1180 1012 1410 1059 cuiuscumque
1431 1012 1696 1058 praeeminentiae,
1732 1010 1836 1055 digni-

1086 1061 1167 1104 tatis,
1192 1062 1380 1096 conditionis
1409 1070 1460 1095 ant
1482 1069 1593 1103 status,
1616 1069 1646 1094 et
1670 1060 1836 1107 praecipue

1087 1111 1298 1155 temporaliter
1315 1112 1373 1158 ipsi
1394 1110 1553 1145 Ecclesiae
1574 1109 1735 1144 Romanae
1758 1108 1835 1143 sub-

1087 1159 1191 1199 iectis,
1213 1172 1359 1207 expresse
1396 1160 1666 1199 denunciarimus,
1697 1159 1781 1206 quod
1810 1159 1834 1192 si

1087 1209 1291 1244 monitionem
1316 1218 1344 1244 et
1368 1219 1532 1256 praecepta
1555 1209 1836 1248 liuiusmodi,c0u-

1088 1267 1130 1292 tra
1167 1271 1201 1293 ea
1238 1271 1293 1306 per
1319 1271 1352 1293 se
1387 1259 1433 1292 vel
1463 1272 1517 1305 per
1545 1259 1638 1292 alium
1670 1257 1835 1298 veniendo⁷

1088 1316 1204 1342 temere
1229 1321 1288 1342 non
1313 1317 1484 1351 servarent,
1514 1320 1570 1342 nos
1594 1316 1710 1342 tantam
1740 1316 1837 1341 teme-

1088 1358 1207 1391 ritatem
1250 1358 1433 1404 impunitam
1473 1369 1633 1392 remanere
1677 1356 1837 1400 nolentes,

1089 1407 1172 1453 ipsos
1212 1406 1313 1442 feudis
1345 1416 1374 1442 et
1401 1406 1471 1442 aliis
1502 1406 1668 1450 omnibus,
1695 1418 1774 1452 quae
1801 1406 1839 1440 ab

1088 1456 1209 1497 eadem,
1232 1457 1278 1491 vel
1313 1456 1382 1491 aliis
1417 1465 1557 1490 tenerent
1579 1455 1739 1499 Ecclesiis,
1768 1456 1838 1503 pri-

1089 1519 1170 1551 vare,
1189 1506 1337 1541 vassallos
1359 1519 1479 1550 eorum,
1497 1507 1521 1540 si
1536 1517 1617 1553 quos
1640 1506 1800 1545 baberent,
1822 1517 1838 1540 a

1090 1555 1247 1591 fidelitatis
1270 1556 1458 1599 iuramento,
1485 1568 1548 1602 quo
1572 1563 1754 1590 tenerentur
1775 1555 1839 1588 eis—

1088 1605 1159 1639 dem
1184 1606 1326 1647 reddere,
1357 1606 1480 1653 penitus
1502 1605 1678 1649 absolutos,
1706 1614 1734 1639 et
1767 1616 1839 1651 per-

1089 1657 1175 1689 sonis
1202 1668 1309 1690 eorum
1342 1656 1416 1690 citra
1449 1655 1624 1702 periculum
1660 1654 1778 1693 mortis,
1809 1662 1838 1689 et

1090 1706 1295 1740 mutilationis
1336 1706 1487 1753 expositis
1530 1705 1566 1739 ad
1610 1705 1837 1751 expositionem

1091 1756 1245 1790 bonorum
1274 1768 1416 1797 suorum,
1451 1764 1542 1802 prout
1565 1755 1675 1801 eulpae
1699 1754 1836 1801 ipsorum

1090 1807 1249 1852 exigerent
1277 1814 1306 1840 et
1333 1806 1502 1853 expediens
1530 1804 1702 1845 videretur,
1725 1816 1837 1851 proce-

1090 1855 1163 1890 dere
1187 1868 1380 1890 curaremus

1849 263 1898 289 Αη.
1917 263 2026 290 01283

1858 480 1925 500 Cuius«
1936 488 2008 507 utaque

1846 514 1924 534 ordint»
1941 519 1958 533 et
1977 522 2014 533 *um

1846 546 1929 566 ‹tuton--

297 1903 458 1939 Ecclesiae
477 1911 506 1938 et
520 1904 600 1949 regis
623 1903 747 1938 Siciliae
772 1912 963 1948 praestarent
990 1904 1048 1937 illis

297 1953 477 1993 consilium,
499 1954 649 1988 auxilium
680 1954 723 1987 vel
764 1953 898 1987 favorem
924 1953 1048 1999 publice

298 2002 345 2038 vel
373 2003 511 2046 occulte,
538 2015 615 2037 neve
637 2015 732 2049 super
765 2002 824 2037 boe
854 2003 1049 2045 societatem,

1138 1906 1157 1952 ἓ
1181 1910 1211 1939 6.
1242 1905 1279 1939 Et
1308 1905 1379 1939 licet
1402 1904 1640 1938 Panormitanac
1658 1903 1792 1937 civitatis
1808 1910 1838 1936 et

1090 1956 1205 1989 civium
1248 1954 1498 2001 praedictorum,
1535 1966 1570 1988 ac
1616 1952 1837 1987 nonnullorum

1090 2013 1262 2039 castrorum
1288 2005 1408 2038 illarum
1438 2004 1581 2050 partium,
1619 2014 1697 2050 quae
1732 2010 1837 2036 contra

1867 1916 1894 1937 De
1910 1917 2007 1937 adnitatu-
2025 1922 2036 1936 ι

1853 1947 1953 1968 Pontitlee
1964 1948 1988 1967 sd
1999 1946 2037 1967 P·-

1853 1980 1982 2000 normttuuos
2010 1979 2035 1998 ad

1853 2009 1942 2031 officium
1972 2014 2035 2029 rovo-

1853 2042 1930 2062 candos
1944 2042 1999 2061 curi·

114 2109 199 2132 Poena·
211 2112 285 2130 contr·

103 2141 250 2163 inab-diem·-

298 2053 559 2094 couiurationem,
581 2060 634 2087 aut
656 2052 766 2087 foedus
786 2053 900 2086 inirent
922 2051 1047 2099 aliquod

299 2114 370 2137 cum
399 2101 532 2137 eisdem.
560 2101 594 2137 Si
621 2102 691 2148 quis
712 2111 816 2137 autem
853 2111 961 2136 eontra
985 2114 1049 2135 no—

299 2161 395 2186 stram
438 2152 642 2186 monitionem
681 2160 710 2186 et
752 2160 918 2198 praecepta
959 2164 1049 2198 prae-

300 2202 394 2236 missa
418 2214 472 2247 per
498 2214 544 2240 se,
567 2201 612 2235 vel
637 2213 692 2248 per
719 2201 814 2235 alium
838 2202 1049 2248 quibuscum-

300 2264 361 2298 que
388 2251 471 2295 doto,
499 2250 607 2285 fraude
636 2251 679 2285 vel
711 2251 941 2285 machinatione
968 2252 1049 2285 lace-

300 2309 380 2344 rent,
405 2301 633 2346 cuiuscumque
659 2300 760 2336 forent
786 2301 1048 2348 prseemiueutiae,

301 2350 473 2397 dignitatiS,
509 2350 716 2394 conditionis,
757 2359 808 2385 aut
844 2359 954 2391 status,
995 2363 1050 2383 ex-

301 2400 598 2435 communicationis
619 2400 784 2441 seuteutia,
804 2412 896 2447 quam
920 2413 958 2435 ex
977 2409 1050 2434 tune

302 2450 331 2484 in
360 2462 414 2485 eos
436 2450 635 2497 protulimus,
667 2449 734 2496 ipso
769 2450 848 2484 facto
877 2463 910 2485 se
937 2462 1050 2484 nosce-

303 2509 371 2535 rent
394 2499 570 2534 innodatos.
595 2498 745 2533 Civitates
763 2512 890 2546 quoque
911 2512 946 2534 ae
969 2512 1050 2534 com—

303 2550 471 2584 munitates
493 2548 658 2595 quaslibet‚
680 2561 759 2595 quae
775 2557 881 2583 contra
907 2550 1050 2583 monitio-

303 2612 374 2634 nem
394 2607 423 2633 et
447 2607 610 2646 praecepta
625 2598 733 2633 eadem
751 2610 950 2645 quocumque
966 2599 1049 2641 dolo,

303 2649 446 2696 ingenio,
485 2656 549 2683 arte
591 2648 637 2683 vel
675 2647 907 2683 machinatione
946 2648 1050 2683 venire

383 2706 457 2736 Bult.
475 2705 550 2736 Rom.
577 2705 632 2735 Vol,
654 2704 700 2734 IV,
906 2705 921 2734 8

1090 2055 1237 2089 eumdem
1263 2066 1364 2100 regem
1388 2053 1513 2087 Siciliae
1534 2052 1730 2090 rebellarant,
1747 2052 1837 2098 eulpa

1090 2105 1193 2149 gravis
1232 2105 1422 2138 acerbiorem
1465 2114 1644 2148 processum
1684 2102 1836 2147 exigeret:

1092 2166 1148 2188 uos
1183 2162 1285 2188 tamen
1324 2153 1535 2187 desiderantes
1568 2151 1653 2198 quod
1686 2151 1837 2191 civitates,

1091 2204 1173 2238 cives
1196 2212 1223 2236 et
1253 2204 1317 2237 loca
1347 2201 1502 2249 praedicta
1531 2199 1737 2236 mansuetudo
1768 2211 1839 2233 cor-

1093 2255 1206 2299 riperet
1228 2261 1259 2286 et
1280 2264 1296 2286 a
1320 2252 1392 2286 tanti
1423 2252 1537 2286 erroris
1559 2251 1640 2285 invio
1663 2257 1838 2293 revocaret,

1092 2315 1164 2349 erga
1192 2314 1245 2337 eos
1273 2315 1333 2336 non
1359 2303 1511 2348 rigorem,
1543 2301 1594 2334 sed
1620 2297 1838 2334 mausuetudi-

1093 2366 1161 2387 uein
1182 2360 1416 2399 prosequentes,
1441 2350 1694 2385 universitatibus
1718 2360 1838 2383 eorum-

1091 2403 1160 2437 dem
1185 2402 1326 2441 civitatis,
1349 2408 1539 2440 castrorum,
1566 2399 1764 2445 aliorumque
1793 2398 1839 2431 lo-

1091 2465 1197 2487 corum
1222 2451 1360 2485 districte
1384 2450 1608 2497 praecepimus,
1632 2457 1666 2483 ut
1689 2447 1838 2482 submoto

1091 2502 1255 2536 cuiuslibet
1283 2500 1471 2535 difficultatis
1499 2508 1528 2532 et
1554 2498 1712 2533 dilationis
1738 2497 1840 2531 obsta-

1091 2552 1173 2590 culo,
1196 2550 1232 2586 ad
1259 2559 1413 2590 nostram,
1445 2557 1475 2582 et
1501 2548 1661 2583 Ecclesiae
1688 2560 1723 2582 ac
1756 2547 1838 2592 regis

1093 2601 1321 2649 praedictorum
1346 2599 1489 2633 mandata
1513 2598 1663 2632 redirent:
1692 2596 1839 2644 quodque

1093 2651 1245 2698 praefatos
1273 2648 1498 2689 molestatores,
1523 2647 1715 2689 turbatores,
1743 2659 1840 2682 occu·
