2274 3265
60 293 111 320 Αιι.
128 290 156 318 C.
175 288 239 315 t27zt

299 348 466 378 auctoritate
484 348 557 376 Sedis
576 346 743 383 apostoncae
762 343 915 380 deputatis,
933 343 1001 372 etin

299 400 439 434 postorum
457 397 629 434 deputandis.
648 395 765 425 salutem
784 394 812 423 et
826 392 1001 430 apostoticam

299 447 518 477 benedictionem.

305 520 443 555 Turbato
464 518 557 554 corde
583 517 761 553 audivimus
797 525 827 551 et
862 515 1001 550 narravi-

260 583 329 604 mus
368 578 419 604 etc.
469 569 612 614 (Reliqua
649 569 832 602 concordant
878 567 1002 600 omnino

258 634 325 655 rum
345 622 410 655 alia
436 620 525 653 huius
550 619 665 663 generis
692 619 902 652 constitucione
937 616 1003 650 Cle-

259 672 365 705 mentis
389 670 446 711 W,
468 670 611 714 incipien.
633 666 774 702 Turbato
791 666 899 705 corde,
918 678 1002 700 num.

262 732 359 759 xxiii,
379 727 448 753 tom.
468 730 518 759 in,
543 730 614 763 pay.
640 720 737 761 786).

309 769 376 803 Dat.
399 767 546 814 Lugduni
574 767 632 801 kal.
666 766 782 809 martii,
806 765 1005 814 pontificatus

261 827 355 853 nostri
378 829 461 852 anno
488 829 524 852 11.

305 879 365 909 Dat.
388 879 433 909 die
453 880 465 908 t
489 879 584 909 martii
608 878 693 916 1274,
711 877 811 918 pontif.
835 885 910 906 anno
928 885 957 906 n.

598 1072 679 1107 VIII.

268 1158 313 1190 De
339 1156 437 1189 redita
451 1155 610 1188 Michaelis
626 1154 807 1198 Palaeoloqi
826 1153 1010 1187 Graecorum

318 1206 508 1250 imperatoris
546 1205 587 1238 ad
627 1204 828 1237 obedientiam
877 1203 1013 1236 Romani

317 1255 484 1300 Pontificis,
498 1261 524 1287 et
539 1255 575 1288 de
590 1255 698 1287 unione
716 1253 865 1286 Ecclesiae
879 1252 1013 1286 Graecae

317 1316 383 1337 cum
406 1304 527 1337 Latina.

533 1380 746 1411 SUMMARIUM

271 1455 295 1483 I.
314 1453 427 1483 Exultat
454 1453 500 1483 liic
519 1452 600 1482 Pont.
623 1462 689 1482 eum
713 1457 770 1482 toto
793 1461 874 1482 conc.
897 1451 1015 1489 Lugdu-

232 1495 234 1501 ’
311 1508 398 1528 nense
415 1499 448 1527 tle
468 1498 562 1528 reditu
578 1497 729 1527 Michaelis
747 1496 913 1534 palaeologi
929 1495 1016 1525 Grae-

310 1551 408 1571 corum
443 1542 626 1580 imperatoris
654 1542 689 1571 ad
713 1542 852 1570 unitatem
879 1540 907 1570 S.
934 1540 966 1569 R.
986 1539 1015 1569 E.

309 1604 347 1609 —
373 1586 400 1615 2.
422 1585 559 1616 Hortatur
585 1586 720 1616 eumdem
753 1585 956 1624 imperatorem
981 1584 1015 1613 ad

312 1631 424 1661 totalem
449 1631 619 1660 schismatis
642 1630 842 1660 abolitionem.
860 1646 898 1651 —
923 1629 1017 1659 Ponti-

311 1677 368 1715 [ἰοῖς
390 1675 500 1715 epistola
517 1676 551 1705 ad
572 1676 659 1714 filium
681 1675 746 1705 dicti
776 1675 957 1714 imperatoris.
980 1691 1018 1696 —

312 1720 447 1750 llortatur
479 1719 557 1750 Pont.
580 1720 670 1749 filiuni
697 1720 723 1749 d.
751 1720 819 1758 imp.
848 1724 879 1749 ut
905 1720 1019 1749 studeat

314 1766 414 1795 unitati
437 1764 586 1795 Ecclesiae
608 1764 733 1795 Graecae
761 1774 826 1794 cum
850 1764 959 1794 Latina.
981 1783 1020 1787 —

314 1810 419 1839 Literae
441 1809 582 1839 Michaelis
597 1811 662 1849 imp.
678 1811 786 1849 suprad.
801 1811 834 1840 ad
852 1810 1019 1849 Pontificem.

312 1853 680 1884 —Intitulati0.—Nuncii
695 1854 778 1884 Sedis
789 1855 973 1894 Apostolicae
985 1857 1019 1884 ad

315 1900 518 1938 imperatorem
537 1900 715 1929 transmissi.
739 1916 776 1921 —
792 1899 887 1929 Tenor
905 1899 1022 1929 confes-

315 1943 405 1972 sionis
424 1946 474 1972 aut
496 1943 688 1981 professionis
712 1943 778 1973 fidei
802 1944 940 1983 praedicti
970 1944 1022 1973 im-

317 1987 466 2026 peratoris.
495 2004 533 2009 —
556 1986 706 2026 Supplirat
730 1996 780 2026 pro
803 1988 1021 2017 conservatione

317 2033 422 2061 rituum
443 2031 589 2061 Ecclesiae
607 2031 743 2062 Graecae.
771 2049 809 2054 —
826 2031 1022 2062 Transmissio

317 2076 491 2104 nunciorum
511 2075 545 2105 ad
565 2075 725 2105 Romanum
750 2076 853 2106 Pontif.
873 2085 923 2115 pro
943 2085 1024 2115 prae-

317 2121 459 2149 dictorum
479 2120 665 2150 confessione
689 2121 840 2150 firmanda.

278 2196 424 2231 Gregorius
442 2196 581 2232 episcopus
601 2203 696 2225 servus
708 2203 846 2225 servorum
862 2195 918 2229 Dei,
939 2195 1026 2224 caris—

324 2245 433 2273 simoin
451 2245 558 2274 Christo
577 2245 632 2274 filio
650 2246 774 2274 michaeli
793 2245 949 2281 Palaeologo
976 2246 1024 2273 im-

324 2294 446 2330 peratori
460 2294 618 2323 Graecorum
636 2295 754 2329 illustri,
775 2295 892 2324 salutem
911 2296 941 2323 et
964 2302 1025 2331 apo·

326 2343 452 2372 stolicam
474 2343 692 2373 benedictionem.

99 2429 180 2451 mutiat
235 2430 268 2450 inc
334 2415 457 2451 Exultat
480 2425 578 2451 mater
593 2417 729 2452 Ecclesia
744 2418 938 2453 renascentis
954 2430 1025 2464 pro-

86 2462 320 2518 {ssg‘c'ghwffilgffllis
344 2466 552 2501 foecunditate
576 2467 721 2502 iucunda.
759 2467 883 2503 Exultat
912 2476 941 2502 et
979 2467 1028 2501 iu-

86 2515 358 2575 {¹5¹‘g‘59‘·⁶,?*⁰b3¹·4
381 2516 564 2561 gaudenter,
587 2517 750 2552 attendens
777 2530 809 2552 se
848 2517 1027 2552 drachmam

86 2561 272 2611 ὶρξιξὲἇηπζῖ
285 2566 478 2612 deperditam
508 2566 672 2600 invenisse:
696 2566 868 2601 immensae
899 2566 1030 2601 laetitiae

86 2619 272 2669 {sssmadfflffiffl'g
287 2627 355 2649 rore
384 2615 592 2662 perfunditur,
621 2615 694 2649 dum
730 2616 847 2657 ruinas,
883 2629 961 2663 quas
999 2617 1029 2649 in

286 2676 320 2699 ea
343 2665 479 2699 schisma
502 2665 727 2711 multiplicaret
748 2666 911 2712 antiquum
928 2694 936 2707 ‚
971 2666 1030 2699 im-

87 2678 107 2699 S.
124 2678 145 2698 Β,
163 2678 185 2700 E.

365 2722 437 2751 Bult.
456 2721 529 2751 Rom.
553 2722 606 2751 vol.
627 2722 669 2750 W.
873 2724 891 2752 4

847 282 1032 306 Gnnflonttts
1060 282 1079 304 X
1108 281 1156 304 I’P.

1689 269 1734 301 25

1042 338 1117 385 pleri
1138 349 1193 385 per
1214 344 1303 372 tuum
1338 336 1534 384 aliorumque
1570 336 1705 371 reditum
1746 335 1783 370 ad

1042 388 1140 435 ipsius
1168 386 1327 421 Ecclesiae
1355 386 1503 421 unitatem
1522 414 1530 427 ‚
1566 386 1633 421 sine
1673 385 1785 432 stragis

1041 448 1195 485 cuiusque
1234 435 1385 483 periculo,
1431 436 1498 471 solo
1537 437 1624 483 pacis
1659 444 1784 471 auctore

1043 487 1166 534 praevio
1191 486 1340 522 intuetur.
1371 485 1555 520 Exultamus
1576 495 1605 520 et
1640 498 1696 520 nos
1730 497 1787 533 pa—

1042 537 1147 579 storis,
1171 543 1263 584 prout
1284 535 1421 570 Domino
1445 535 1572 583 placuit,
1605 536 1688 570 vices
1725 547 1787 581 ge-

1044 595 1146 621 rentes
1174 587 1204 620 in
1227 598 1273 621 ea.
1298 584 1485 620 Exultamns
1515 585 1723 632 proculdubio
1756 585 1786 618 in

1044 637 1094 672 illo
1122 649 1193 671 vero
1214 636 1354 680 Pastore,
1376 636 1428 682 qui
1450 635 1585 670 animam
1614 647 1702 670 suain
1734 646 1788 680 pro

1044 688 1156 722 ovibus
1193 687 1259 721 suis
1294 698 1412 734 ponere
1461 698 1521 720 non
1557 685 1689 733 expavit.
1725 684 1787 731 Ipsi

1046 737 1174 771 vitulum
1213 736 1366 771 labiorum
1404 735 1588 777 exolvimus,
1629 734 1667 769 de
1700 734 1790 768 cuius

1047 799 1106 821 non
1127 794 1171 821 est
1194 785 1324 821 dubium
1345 797 1475 820 munere
1509 785 1698 832 processisse
1715 811 1722 824 ‚
1759 792 1791 818 ut

1046 836 1111 871 ovis
1133 847 1212 883 quae
1236 835 1369 883 perierat
1398 834 1438 869 sit
1481 834 1617 875 inventa;
1651 841 1680 868 et
1713 832 1792 867 revi-

1048 885 1125 920 xerit
1147 885 1255 930 filius,
1279 896 1372 932 quem
1408 896 1492 918 mors
1524 884 1669 927 animae,
1710 893 1792 916 mors

1050 935 1154 981 utique
1185 935 1318 980 gravior,
1360 941 1539 980 occuparat.
1580 932 1793 967 Occurrentes

1049 984 1152 1030 itaque
1195 983 1247 1018 tibi
1282 983 1320 1018 de
1359 984 1486 1029 regione
1529 980 1794 1017 dissimilitudinis

1050 1032 1206 1074 redeunti7
1228 1032 1308 1067 collo
1328 1040 1380 1067 tuo
1403 1031 1536 1067 brachiis
1567 1039 1713 1079 paternae
1747 1029 1794 1065 af-

1051 1082 1195 1117 fectionis
1216 1081 1445 1123 accumbimus,
1467 1090 1497 1116 et
1516 1088 1544 1116 te
1572 1079 1689 1115 solidae
1716 1079 1796 1115 cari-

1052 1131 1121 1166 tatis
1143 1131 1251 1166 osculo
1280 1132 1420 1178 pressius
1450 1131 1640 1166 osculamur.
1674 1128 1702 1164 O
1739 1129 1797 1163 uti-

1053 1193 1122 1215 nam
1163 1181 1230 1223 tibi,
1262 1181 1315 1225 lili,
1344 1189 1461 1228 pateret
1495 1180 1532 1214 ad
1563 1180 1689 1226 plenum
1725 1190 1796 1213 cum

1052 1237 1171 1277 quanto
1205 1231 1235 1263 in
1270 1231 1318 1266 bis
1346 1230 1483 1265 occurrit
1513 1228 1649 1275 tripudio
1689 1228 1796 1262 eadem

1052 1279 1193 1314 Ecclesia
1217 1291 1317 1326 nuper
1356 1280 1384 1314 in
1415 1277 1621 1325 Lugdunensi
1664 1276 1796 1312 concilio

1053 1328 1257 1374 congregata!
1280 1328 1308 1363 O
1326 1328 1350 1364 si
1375 1340 1467 1363 voces
1491 1327 1689 1375 psallentium
1712 1325 1800 1366 inibi,

1054 1377 1220 1425 Deumque
1247 1379 1335 1413 flexis
1357 1377 1490 1424 genibus
1521 1386 1551 1412 et
1575 1376 1699 1411 nudatis
1721 1376 1802 1422 capi-

1055 1428 1140 1462 tibus
1161 1427 1355 1463 laudantium
1386 1427 1553 1475 praecipue
1589 1427 1798 1474 praelatorum

1057 1478 1085 1511 in
1118 1478 1179 1512 tuis
1201 1479 1382 1512 sonuissent
1416 1476 1555 1520 auribus,
1600 1485 1628 1509 et
1671 1475 1801 1510 revelata

1057 1527 1134 1561 facie
1168 1527 1306 1573 ipsorum
1343 1526 1450 1561 oculos
1485 1525 1676 1560 deducentes
1714 1524 1803 1572 quasi

1057 1588 1206 1624 aquarum
1230 1578 1332 1612 exitus
1356 1576 1556 1623 inspexisscs;
1574 1574 1711 1622 profecto
1730 1587 1805 1622 pru-

1057 1626 1168 1661 denter
1190 1625 1378 1670 adverteres,
1406 1625 1488 1673 quod
1513 1633 1599 1660 eraut
1627 1637 1735 1659 corum
1766 1623 1806 1658 Ia-

1058 1688 1181 1723 crymae
1205 1684 1265 1710 tam
1279 1676 1402 1711 excussi
1425 1675 1543 1710 doloris
1566 1674 1695 1715 Indices,
1711 1685 1803 1721 quam

1058 1727 1187 1772 adeptae
1209 1727 1345 1761 laetitiae
1372 1725 1581 1773 proditrices3
1614 1736 1672 1759 nec
1702 1724 1807 1758 minus

1061 1776 1262 1823 intelligeres,
1300 1788 1393 1823 quam
1430 1775 1507 1822 grati
1543 1775 1585 1809 tui
1624 1773 1807 1808 advenerint

1061 1826 1179 1867 nuncii,
1207 1838 1299 1874 quam
1333 1825 1448 1860 fuerint
1481 1832 1638 1871 gratanter
1676 1824 1806 1870 accepti⁷

1061 1888 1131 1911 cum
1161 1885 1277 1923 quanto
1307 1875 1399 1910 etiam
1431 1874 1527 1909 iubilo
1563 1882 1612 1908 tua
1655 1873 1806 1920 professio

1062 1928 1239 1972 acceptata!
1262 1925 1372 1959 Exulta
1400 1925 1492 1970 igitur
1511 1931 1541 1958 et
1557 1932 1601 1967 tu,
1620 1922 1674 1966 fili,
1688 1923 1805 1961 exulta,

1063 1983 1090 2009 et
1115 1974 1228 2009 laetare
1256 1975 1285 2008 in
1306 1974 1365 2014 Eo,
1399 1974 1451 2021 qui
1474 1982 1520 2007 est
1552 1972 1702 2020 splendor
1728 1971 1807 2006 lucis

1063 2032 1219 2065 aeternae,
1242 2024 1365 2058 divinae
1393 2023 1546 2070 quaedam
1575 2021 1729 2057 emanatio
1751 2021 1809 2055 cla-

1065 2075 1173 2109 ritatis:
1200 2074 1253 2120 qui
1283 2082 1370 2108 tuum
1412 2073 1456 2107 sic
1490 2072 1629 2107 animum
1660 2082 1718 2106 suo
1758 2071 1808 2104 lu-

1064 2124 1149 2158 mine
1178 2123 1355 2164 illustravit⁷
1383 2130 1414 2156 ut
1450 2123 1555 2156 lumen
1595 2121 1729 2156 veritatis
1760 2120 1809 2153 in-

1066 2173 1299 2219 telligenS,non
1337 2172 1439 2206 solum
1482 2171 1596 2206 redires
1637 2170 1674 2204 ad
1715 2170 1809 2209 illam,

1065 2222 1119 2257 scd
1143 2223 1180 2257 ad
1205 2222 1400 2256 redeundum
1423 2221 1491 2255 aliis
1514 2221 1576 2255 dux
1604 2229 1631 2253 et
1669 2219 1810 2266 praevius

1066 2271 1143 2307 ellici
1170 2273 1344 2306 merereris.
1370 2271 1481 2305 Exulta
1516 2279 1545 2304 et
1573 2269 1673 2314 gaude
1716 2268 1809 2302 talem

1067 2334 1102 2356 ac
1126 2330 1244 2356 tantuin
1269 2322 1327 2355 iam
1357 2320 1462 2355 datum
1487 2319 1648 2354 laboribus
1676 2318 1737 2352 tuis
1763 2317 1811 2352 ef-

1068 2372 1196 2411 fectum,
1224 2379 1256 2405 ut
1284 2371 1368 2405 etde
1392 2378 1443 2404 tuo
1478 2369 1515 2403 ad
1547 2369 1649 2402 sinum
1685 2367 1812 2402 unitatis

1068 2422 1295 2456 ecclesiasticae
1329 2420 1442 2460 reditu,
1482 2418 1690 2452 indubitatum
1723 2429 1813 2464 expe-

1069 2480 1152 2505 ctare
1175 2470 1276 2504 valeas
1299 2471 1485 2517 praemium,
1516 2477 1545 2501 et
1574 2467 1612 2501 de
1651 2467 1719 2501 aliis
1758 2479 1813 2514 per

1070 2530 1098 2556 te
1140 2519 1345 2555 redeuntibus
1387 2519 1439 2552 tibi
1475 2517 1626 2564 plenioris
1661 2516 1813 2551 debeatur

1071 2570 1288 2605 retributionis
1315 2575 1530 2614 augmentum.

1119 2620 1138 2667 g
1165 2623 1197 2653 52.
1222 2618 1328 2652 Persta
1352 2630 1450 2663 crgo:
1491 2625 1521 2652 et
1556 2615 1639 2662 quod
1672 2615 1815 2662 coepisti,

1071 2669 1191 2703 solicite
1215 2680 1285 2702 cum
1314 2668 1398 2702 omni
1440 2666 1599 2712 diligentia
1640 2673 1669 2700 et
1705 2665 1815 2699 solici-

1799 279 1847 305 Αη.
1867 278 1893 303 C.
1915 277 1979 303 ¹27&
