2274 3265
113 271 162 297 An.
178 272 205 295 (2.
229 271 293 296 1559

912 268 1107 291 tttixtitittl'tttfi

308 325 479 358 rauotneos
503 324 673 358 mittendos
697 338 757 358 non
781 323 1057 369 ‹luxerinteligeu-

309 372 386 412 ι108;
416 386 452 408 ex
489 381 563 407 tuuc
586 374 614 407 iu
645 373 783 408 Ecclesia
807 373 989 413 cathedrali,
1017 372 1054 407 3ι1

309 400 408 462 illuri)
435 423 488 470 qui
519 431 630 469 przeest
648 424 676 456 in
694 422 891 477 regularibus
913 422 1056 468 discipli-

308 472 355 506 uis
379 481 448 519 post
470 472 662 512 antistitem,
694 485 722 506 ιιι
749 472 937 506 monasterio
960 484 1055 511 101Ἆο

306 534 360 555 seu
386 521 537 568 prioratu,
561 522 666 555 locoie
685 521 758 561 alio
781 520 818 555 3ι1
842 521 985 556 abbatem
1000 533 1053 555 scu

308 571 442 616 priorem
469 571 513 605 vel
537 570 631 605 alium
657 570 841 617 praelatum,
864 582 901 605 eo
918 570 984 617 ipso
1001 569 1057 604 hu-

308 620 442 655 iusmodi
466 619 578 655 electio
601 619 797 654 devolvatur.
822 619 874 653 llle
904 632 987 660 vero,
1015 619 1054 654 ad

305 682 399 715 quem
423 670 489 716 ipsa
512 669 626 704 electio
649 669 741 704 fuerit
760 668 917 713 devoluta,
932 669 1056 704 electio-

307 731 379 753 nem
394 718 550 753 dictorum
568 718 806 762 mittendorum,
823 718 899 752 infra
916 718 1053 753 triduum

306 776 373 813 post
418 767 559 802 notitiam
597 767 811 802 devolutiouis
847 767 1028 802 huiusmodi
1047 796 1054 808 ,

305 829 377 851 cum
414 817 545 851 consilio
578 825 714 863 quatuor
746 817 972 851 canonicorum
1005 817 1056 851 tli—

303 866 483 900 strictorum
511 878 587 900 suae
609 866 771 900 Ecclesiae
786 879 818 900 8ι
824 879 841 900 ιι
870 866 1052 901 monasterii

303 923 355 949 aut
374 914 433 949 loci
458 915 502 949 vel
525 915 680 962 primatus
704 915 901 956 huiusmodi,
920 928 1000 970 quos
1014 915 1052 950 ad

304 965 362 998 hoc
398 963 539 1009 etegerit
567 973 596 998 et
619 964 714 998 simili
743 965 943 999 adstrinxerit
968 965 1053 999 iura-

304 1020 423 1053 mento
447 1012 548 1048 saceio
567 1021 720 1048 teneatur.
749 1014 811 1055 Qui
830 1014 945 1048 veroin
963 1025 1054 1060 prae—

304 1062 408 1097 missis
437 1072 580 1109 repertus
612 1062 702 1098 fuerit
737 1063 932 1109 deliquisse,
963 1072 1055 1109 prout

302 1111 407 1146 delicti
431 1112 564 1159 qualitas
586 1112 736 1158 exegerit,
760 1112 1055 1159 puniatur3nihilo-

304 1161 408 1195 minus
436 1162 491 1205 iis,
523 1173 603 1208 quae
638 1162 718 1196 circa
747 1161 822 1196 haec
858 1161 1055 1207 negligenter

301 1211 418 1245 omissa
441 1210 488 1244 vel
517 1210 625 1245 dolose
648 1210 816 1244 commissa
837 1210 963 1254 fuerint,
982 1223 1055 1256 sup-

303 1259 428 1306 plendis
449 1259 650 1307 quantocius,
673 1268 701 1293 et
716 1259 808 1293 etiam
834 1259 1052 1294 reformandis.

350 1308 370 1354 g
397 1311 454 1343 24.
489 1308 646 1350 Quoniam
671 1308 854 1343 insistentes
891 1308 1051 1342 literarum

103 1368 287 1419 gwy-:esz
302 1357 417 1392 studiis
443 1357 564 1393 diversa
594 1357 702 1392 subire
735 1365 857 1404 oportet
881 1369 975 1391 onera
998 1370 1054 1391 ex-

102 1425 166 1446 nbus,
196 1424 285 1450 altisque

102 1456 247 1480 assignandae.

276 1405 486 1453 ⁴pensarum,
515 1407 683 1453 praedictis
705 1407 878 1447 canonicis,
906 1408 958 1453 qui
987 1407 1055 1441 mit-

303 1463 408 1491 tentur
441 1456 479 1490 ad
506 1456 617 1491 Studia
639 1456 808 1502 generalia,
838 1456 996 1501 magistris
1024 1465 1053 1491 et

301 1505 481 1540 baccalariis
516 1505 696 1552 legentibus
717 1517 752 1539 ac
778 1505 951 1540 scolaribus
985 1514 1054 1540 stu·

301 1554 461 1599 dentibus,
482 1555 509 1588 in
535 1554 806 1602 subsequentibus
825 1554 1053 1602 quantitatibus

301 1617 356 1651 pro
378 1605 525 1651 expensis
548 1604 741 1645 huiusmodi,
766 1604 830 1639 fore
853 1604 1053 1639 deceruimus

301 1654 470 1700 pensiones
491 1654 582 1688 annis
604 1653 738 1699 singulis
761 1653 994 1694 ministran‹las;
1012 1654 1053 1688 vi-

299 1703 413 1737 delicet
437 1703 467 1737 13
488 1703 659 1749 theologia,
689 1703 839 1749 magistro
864 1703 1030 1758 sexaginta
1044 1731 1051 1745 ,

300 1752 474 1787 baccalario
495 1752 717 1808 quadraginta,
740 1765 777 1787 ac
799 1752 934 1787 scholari
958 1753 1050 1787 suni-

300 1802 370 1837 liter
390 1802 609 1850 quadraginta.
641 1802 703 1836 ln
697 1815 764 1837 13ιο
793 1815 864 1838 vero
883 1804 1049 1847 canonico,

299 1852 419 1887 doctori
442 1852 690 1900 quinquaginta
714 1851 887 1887 baccalario
922 1865 994 1887 xero
1016 1865 1052 1887 ac

298 1902 449 1946 scholari,
472 1902 600 1937 cuilibet
618 1914 728 1937 eorum
753 1902 909 1943 tidelicet,
926 1903 1050 1950 triginta

298 1952 439 1998 quinque
483 1952 576 1986 libras
623 1953 842 1986 turonensium
885 1965 1050 1999 parvorum

300 2002 345 2036 vel
369 2013 476 2036 earum
503 2001 638 2036 valorem
672 2001 702 2034 in
730 2002 786 2035 alia
816 2010 964 2042 moneta,
989 2010 1049 2036 tam

300 2064 356 2097 pro
379 2050 567 2085 victualibus
589 2059 619 2086 et
648 2051 854 2086 vestimentis.
876 2064 969 2098 quam
995 2064 1050 2099 pro

299 2099 387 2135 libris
409 2108 438 2135 et
452 2100 707 2148 quibuscumque
726 2100 966 2136 necessitatibus
981 2102 1050 2136 aliis

298 2149 496 2184 eorumdem.
518 2150 551 2185 Si
575 2159 679 2184 autem
710 2151 738 2184 iu
766 2150 870 2197 aliqua
899 2150 1049 2191 Ecclesia,

299 2200 492 2234 monasterio
531 2199 596 2234 sive
629 2200 697 2234 loco
726 2208 771 2234 est
805 2208 942 2234 taxatum
981 2201 1049 2235 sive

299 2249 503 2293 ordinatum,
527 2248 616 2304 quod*
650 2259 679 2283 et
706 2259 859 2296 quantum
897 2250 1049 2296 assignari

299 2298 411 2333 debeat
433 2300 587 2333 canonico
611 2311 641 2332 ιιι
663 2299 776 2333 Studio
793 2298 950 2343 existenti
973 2299 1048 2333 illud

299 2347 390 2382 detur
411 2356 441 2382 et
468 2348 538 2382 assi
532 2356 648 2391 'uetur
675 2348 743 2383 loco
767 2348 930 2395 pensionis
959 2361 1049 2395 prae—

300 2397 412 2438 (lictae⁷
435 2397 526 2431 etiam
556 2397 580 2432 si
604 2397 747 2432 eamdent
767 2397 907 2437 excedat
932 2399 958 2432 ei
983 2399 1048 2453 qui

301 2457 331 2481 ut
350 2447 558 2493 praemissum
579 2455 637 2487 est
660 2447 697 2481 ad
718 2447 867 2481 Studium
893 2448 1048 2482 transmit-

299 2504 390 2530 tetur.
421 2496 481 2531 Ubi
503 2509 574 2531 rero
595 2496 776 2531 huiusmodi
804 2496 916 2531 taxatio
941 2497 986 2531 vel
1004 2510 1050 2531 or—

297 2546 417 2580 dinatio
441 2558 502 2580 non
526 2554 573 2580 est
596 2546 686 2585 sacta,
716 2546 872 2589 volumus,
895 2546 979 2592 quod
1008 2547 1047 2586 ii,

298 2595 348 2642 qui
392 2603 537 2629 tenentur
571 2595 732 2630 canonicis
773 2595 983 2630 residentibus
1017 2596 1046 2630 in

296 2644 363 2679 suis
386 2644 556 2683 Ecclesiis,
581 2645 780 2679 monasteriis
813 2657 867 2679 seu
893 2645 980 2686 locis,
1008 2645 1047 2680 tle

1741 260 1800 290 2:37

1100 322 1287 357 victualibus
1315 332 1345 356 et
1376 324 1514 358 testibus
1542 324 1719 370 providere,
1743 325 1849 370 provi-

1098 372 1223 406 sionem
1254 372 1434 407 huiusmodi
1461 373 1520 416 iis,
1547 373 1599 419 qui
1625 373 1790 408 mittentur
1811 373 1849 408 ad

1099 420 1280 456 huiusmodi
1309 421 1419 456 Studia
1454 423 1569 465 (etiam
1597 422 1622 455 81
1660 423 1849 458 taxationem

1098 470 1254 505 ‹lictarutu
1279 471 1468 517 pensionum
1499 471 1662 515 excedat),
1686 472 1754 507 loco
1772 485 1850 519 pen-

1097 520 1223 555 sionum
1248 520 1444 562 huiusmodi,
1466 520 1659 567 integraliter
1685 521 1789 556 facere
1808 529 1850 556 te-

1099 577 1244 604 neantur.
1267 569 1360 611 Quod
1388 570 1414 604 si
1438 569 1620 604 huiusmodi
1645 570 1775 614 taxatio,
1797 583 1849 606 or-

1099 618 1220 654 ‹liuatio
1241 619 1307 653 sive
1337 619 1477 666 provisio
1504 618 1541 654 a‹l
1565 632 1722 654 summam
1746 620 1849 655 dicta-

1099 681 1167 702 rum
1192 680 1253 703 non
1277 668 1448 703 ascendent
1471 668 1674 715 pensionum,
1697 668 1735 703 ‹le
1758 669 1849 704 infra-

1097 718 1211 764 scripta
1235 718 1395 752 communi
1424 717 1675 762 contributione,
1705 717 1735 752 id
1763 719 1848 765 quod

1097 768 1124 801 ei
1148 767 1294 812 defuerit,
1310 766 1504 815 suppleatur.
1528 767 1567 801 Et
1582 767 1607 802 si
1628 767 1706 802 forte
1724 768 1848 807 taxatio,

1097 816 1253 851 ordinatio
1276 828 1331 851 seu
1362 816 1498 864 provisio
1527 816 1695 863 praefatae,
1728 829 1789 851 nou
1818 817 1848 851 in

1098 866 1245 912 pecunia,
1267 866 1322 901 sed
1344 866 1372 900 in
1389 865 1457 900 aliis
1476 866 1571 900 rebus
1594 865 1670 913 ipsis
1686 866 1850 901 canonicis

1097 915 1319 950 consueverint
1346 915 1513 962 assignari,
1542 927 1579 950 ue
1607 927 1703 963 super
1729 915 1850 950 aliena—

1098 964 1181 999 tione
1218 977 1325 999 earum
1356 972 1463 1012 posset
1496 964 1657 999 altercatio
1690 964 1850 1009 suboriri,

1098 1014 1126 1048 iu
1157 1014 1259 1069 primo
1286 1014 1390 1048 annali
1413 1014 1553 1061 capitulo
1578 1013 1750 1055 Ecclesiae,
1779 1027 1851 1049 mo-

1099 1063 1224 1097 nasterii
1272 1064 1337 1098 sive
1370 1062 1429 1097 loci
1459 1075 1583 1108 eorum,
1605 1063 1659 1110 qui
1688 1063 1851 1099 mittentur

1097 1112 1134 1146 ad
1163 1112 1288 1153 Studia,
1312 1120 1375 1147 tres
1395 1112 1483 1159 probi
1514 1113 1568 1147 viri
1594 1125 1649 1159 per
1673 1112 1777 1160 ipsum
1799 1126 1851 1148 ca-

1099 1161 1233 1207 pitulum
1269 1161 1316 1196 vel
1342 1173 1491 1196 maiorem
1522 1170 1641 1217 partem
1665 1162 1764 1208 ipsius
1792 1162 1850 1197 de-

1098 1218 1258 1265 pute-ntur,
1284 1210 1336 1258 (llll
1362 1211 1391 1244 lll
1416 1212 1548 1257 [1136111113
1583 1211 1718 1246 leOsOln
1743 1211 1850 1258 PYOVl-

1096 1261 1194 1294 sionis
1235 1260 1379 1294 emsdem
1420 1260 1649 1307 computando,
1672 1272 1731 1301 ea,
1767 1273 1849 1308 quae

1096 1308 1309 1355 computanda
1339 1308 1456 1344 fuerint
1472 1309 1511 1344 de
1531 1310 1614 1344 bono
1637 1318 1667 1344 et
1690 1322 1803 1357 aequo
1820 1317 1851 1345 et

1096 1357 1333 1405 compensando
1363 1370 1461 1392 unuin
1500 1371 1618 1393 anuum
1650 1371 1722 1393 cum
1764 1359 1850 1403 alio,

1096 1406 1232 1442 debeant
1254 1407 1431 1449 aestimareg
1455 1420 1537 1455 quae
1560 1407 1688 1454 quidem
1714 1408 1851 1455 promis-

1095 1456 1226 1497 siones,
1256 1457 1424 1503 pensiones
1459 1469 1515 1492 seu
1552 1457 1636 1501 alia,
1669 1470 1749 1505 quae
1782 1457 1851 1493 loco

1095 1517 1202 1540 earum
1226 1505 1342 1540 fuerint
1361 1506 1565 1554 assignanda,
1583 1519 1637 1554 per
1651 1519 1717 1548 eos,
1733 1507 1787 1554 qui
1808 1507 1846 1542 ad

1095 1568 1204 1590 eorum
1233 1534 1445 1590 solutionem0
1459 1556 1675 1596 tenebuntur,
1711 1556 1742 1591 in
1771 1556 1850 1593 l'esto

1094 1603 1337 1652 Assumptionis
1359 1604 1395 1639 B.
1424 1605 1539 1640 Mariae
1568 1618 1652 1641 auno
1684 1605 1849 1653 quolibet,

1094 1654 1318 1689 collectoribus
1333 1654 1369 1689 atl
1385 1666 1493 1689 eorum
1518 1654 1738 1690 collectionem
1752 1655 1850 1703 depu-

1096 1704 1177 1747 tatis,
1195 1704 1386 1750 integraliter
1396 1704 1624 1750 persolvantur,
1636 1713 1667 1740 et
1679 1717 1733 1751 per
1745 1716 1800 1740 eos
1815 1705 1849 1740 it-

1095 1753 1130 1787 lis
1155 1752 1300 1788 videlicet
1316 1781 1323 1793 ‚
1347 1754 1400 1800 qui
1430 1754 1467 1788 ad
1490 1753 1641 1788 Studium
1665 1753 1845 1790 Parisiense

1095 1803 1123 1836 13
1148 1802 1225 1838 festo
1251 1803 1462 1838 Exaltationis
1483 1803 1518 1838 S.
1542 1803 1670 1849 Crucis,
1691 1803 1737 1838 vel
1761 1804 1843 1840 circa

1095 1852 1182 1887 illud:
1198 1853 1243 1887 eis
1256 1865 1339 1893 vero,
1359 1853 1412 1900 qui
1427 1853 1463 1888 ad
1477 1853 1537 1888 alia
1557 1853 1669 1889 Studia
1683 1854 1844 1900 generalia

1096 1902 1141 1937 vel
1155 1902 1308 1937 solemnia
1332 1902 1448 1937 fuerint
1471 1903 1624 1950 deputati,
1645 1903 1675 1937 in
1702 1903 1780 1938 festo
1806 1904 1844 1939 B.

1094 1952 1210 1997 Lucae,
1221 1952 1265 1987 vel
1277 1952 1514 1999 circa,singulis
1529 1952 1621 1988 33318
1640 1952 1846 1989 infallibiliter

1093 2002 1356 2037 transmittantur.
1372 2001 1406 2037 Si
1429 2002 1500 2049 quis
1528 2014 1601 2037 vero
1628 2002 1736 2047 abbas,
1753 2015 1845 2050 prae-

1095 2051 1228 2098 positus,
1240 2052 1324 2099 prior
1341 2051 1630 2087 veladministrator
1639 2052 1686 2087 vel
1701 2052 1846 2099 quicum·

1093 2113 1155 2148 que
1182 2102 1273 2145 alius,
1296 2101 1349 2147 qui
1377 2100 1414 2136 ad
1440 2101 1596 2148 praedicta
1620 2100 1768 2136 solvenda
1796 2110 1845 2137 te-

1095 2151 1270 2195 nebuntur,
1305 2151 1381 2185 illud
1419 2150 1501 2198 quod
1540 2151 1680 2198 ipsorum
1712 2151 1845 2198 quilibet

1095 2213 1150 2246 pro
1174 2209 1237 2234 rata
1271 2200 1474 2246 contingente
1497 2200 1527 2234 iu
1552 2201 1687 2235 termino
1713 2200 1751 2235 ad
1785 2200 1845 2236 hoc

1092 2257 1208 2284 statuto
1240 2249 1363 2284 solvere
1394 2249 1488 2284 dictis
1522 2249 1745 2284 collectoribus
1781 2262 1842 2285 non

1092 2308 1249 2338 curarent,
1275 2306 1440 2333 teneantur
1462 2311 1499 2333 ex
1520 2307 1594 2333 tunc
1613 2298 1694 2333 ultra
1717 2300 1844 2346 quanti-

1093 2356 1185 2383 tatem
1209 2348 1246 2383 atl
1275 2361 1370 2395 quam
1394 2357 1508 2392 eruut,
1537 2357 1569 2383 ut
1606 2348 1842 2395 praemittitur,

1092 2398 1232 2444 obligati
1255 2399 1396 2452 quintam
1422 2406 1539 2444 partem
1563 2397 1705 2432 eiusdem
1722 2399 1843 2445 quanti

1093 2447 1163 2482 tatis
1204 2459 1332 2481 nonnue
1361 2459 1480 2494 poenae
1507 2447 1628 2482 solvere
1655 2446 1748 2482 dictis
1776 2447 1843 2483 col-

1092 2496 1262 2531 lectoribus
1301 2496 1378 2531 iutra
1413 2508 1567 2531 mensem.
1597 2496 1691 2538 Quod
1719 2497 1744 2532 81
1780 2510 1841 2532 303

1092 2546 1232 2590 fecerint,
1252 2545 1291 2581 sit
1314 2546 1358 2580 eis
1385 2560 1423 2580 eo
1446 2546 1513 2592 ipso
1540 2546 1658 2580 tamdiu
1680 2546 1842 2582 Ecclesiae

1092 2596 1279 2630 interdictus
1302 2596 1476 2641 ingressus,
1503 2594 1604 2629 donec
1633 2603 1693 2630 tam
1722 2596 1842 2643 priuci-

1091 2645 1192 2692 palcm
1209 2645 1426 2691 quantitatem,
1445 2656 1539 2692 quam
1554 2644 1738 2680 huiusmodi
1754 2645 1841 2693 quin·

1132 269 1177 289 ΧΗ
1204 269 1248 289 ΙΨ.

1892 279 1895 291 t
1935 269 1962 292 1,.
1986 267 2050 292 153’1

1874 1963 1958 1984 Poenae
1970 1967 2045 1984 contra

1860 1996 1927 2015 dictas
1956 2001 2045 2021 pensio-

1860 2032 1898 2048 nes
1928 2033 1970 2047 non
2000 2026 2045 2046 sot-

1859 2061 1942 2082 ventes,
1954 2058 1986 2078 vet
1999 2058 2046 2077 31118

1859 2089 1931 2109 usibus
1976 2095 1985 2107 a

1859 2122 1942 2140 cantes.
