2274 3265
118 274 296 302 An.tztu5o

126 1773 265 1793 tutamentum
285 1779 296 1791 a

114 1804 207 1830 generati
233 1809 295 1830 prae-

114 1839 183 1855 stitum
205 1836 230 1855 de
257 1834 297 1854 ob-

114 1867 224 1887 servandis
263 1866 296 1886 tli-

109 1899 148 1917 etis
159 1898 296 1917 constitutio-

112 1929 179 1949 nibus.

946 276 1014 298 „Art
1017 277 1069 299 HN
1075 277 1108 299 tis
1131 277 1147 297 V
1171 278 1218 298 ΙΨ.

311 342 371 377 que
395 341 501 364 eoriiin
526 330 639 365 subditi
667 331 820 377 deinceps
847 330 976 366 obedire
996 331 1055 364 mi-

1727 266 1792 299 747

1098 332 1208 366 harum
1237 332 1315 366 serie
1340 334 1464 378 penitus
1493 333 1685 377 relaxamus,
1707 345 1843 380 eumque

312 393 395 414 nime
424 388 606 420 teneantiir3
622 380 814 428 etsialiquis
838 380 1054 415 ministrorum
1097 381 1133 415 ad
1159 381 1239 415 illius
1261 381 1489 417 observantiam
1513 382 1714 417 decernimus
1737 391 1767 418 et
1791 396 1844 417 vo-

311 429 446 475 generali
474 430 616 464 ministro
651 430 822 477 ‹piidquam
855 430 1055 464 contribuere

313 480 556 526 praesumpserit,
569 480 635 526 ipso
647 479 737 523 13010,
752 492 809 514 530
821 480 923 514 0111010
937 480 976 513 511
997 480 1056 526 pri-

312 537 410 570 vatus;
433 528 577 563 volumus
598 536 628 562 et
642 530 734 562 etiam
759 529 966 572 declaramus,
984 542 1057 563 eon-

313 578 497 613 tributiones
521 578 700 612 liuinsniodi
730 578 858 624 intelligi
881 578 1008 622 debere,
1030 579 1054 611 si

313 628 342 662 111
372 628 499 662 moduni
528 628 727 662 exactionum
753 628 797 662 vel
827 628 1055 667 extorsionum,

312 687 373 711 tam
391 690 427 711 ex
454 686 539 724 parte
557 677 696 711 dantium
721 690 814 724 qnam
839 677 1055 724 recipientium

312 728 408 762 sactae
423 727 549 768 fuerint,
569 740 630 762 non
653 735 756 761 autern
779 728 807 761 in
824 727 954 762 modum
972 728 1057 762 elee-

312 789 511 824 mosynarnm
539 777 768 824 supradictum,
790 789 882 824 quem
912 776 1058 811 volumus

312 827 340 861 in
364 839 421 861 suo
448 826 560 861 robore
590 839 785 873 permanere.
813 826 907 868 Quod
935 827 959 860 si
988 826 1057 861 for-

310 877 389 911 sitan
425 877 526 911 1311101·
564 876 761 910 observatum
798 889 858 911 non
900 876 1057 915 extiterit,

311 925 489 961 huiusmodi
511 925 733 973 privationum,
751 926 780 960 in
797 938 998 973 quocumque
1014 926 1057 959 di-

310 984 430 1011 ctarum
453 976 729 1018 constitutionum,
753 988 807 1022 per
828 976 964 1010 eundem
988 989 1058 1010 car-

310 1025 467 1069 dinalem,
496 1034 528 1060 ut
563 1026 748 1072 praefertur,
783 1025 961 1069 editarum,
990 1025 1058 1060 loco

311 1084 493 1122 tangantur,
521 1075 734 1110 definitionem
763 1082 793 1109 et
819 1074 1058 1110 determinatio-

312 1137 382 1160 nem
405 1125 508 1159 solum
531 1132 673 1172 spectare
698 1124 735 1158 ad
759 1124 928 1159 Summum
949 1124 1058 1159 Ponti-

311 1176 400 1209 ficem
437 1174 538 1222 quoad
577 1174 757 1209 ministrnm
785 1174 982 1219 generalem,
1019 1174 1057 1208 ad

309 1223 487 1271 generalem
530 1224 709 1258 ministrum
753 1223 856 1270 quoad
902 1224 1059 1257 ministros

311 1273 515 1320 provinciales
531 1301 538 1312 ,
581 1281 610 1307 et
652 1273 689 1307 ad
719 1273 925 1319 provinciales
963 1272 1058 1306 mini-

310 1331 390 1358 stros
410 1351 418 1367 ,
461 1323 564 1370 quoad
604 1322 682 1356 alios
721 1323 830 1356 l'ratres
872 1322 1057 1356 antedictos.

309 1373 396 1415 Quas
422 1373 548 1419 quidem
585 1384 697 1406 omnes
725 1380 753 1405 et
794 1371 935 1416 singulas
967 1370 1059 1405 addi-

310 1424 432 1460 tiones,
472 1421 697 1456 declarationes
737 1428 767 1454 et
803 1419 1055 1454 modificationes

309 1485 362 1517 per
385 1483 458 1511 nos,
491 1479 522 1505 ut
556 1470 776 1517 praemittitur,
799 1470 911 1508 factas,
947 1470 1057 1516 aqui-

309 1521 503 1567 linscumque
526 1520 676 1554 fratribus
703 1519 775 1553 dicti
799 1519 930 1553 Ordinis
952 1519 1056 1554 Mino-

309 1583 377 1605 rum
398 1578 428 1605 et
454 1570 534 1611 aliis,
556 1582 690 1616 quorum
715 1569 853 1604 intererit
875 1581 928 1603 seu
960 1569 1059 1604 inter-

309 1632 377 1654 esse
402 1620 532 1667 poteiit,
560 1628 713 1666 perpetuo
745 1626 774 1653 et
806 1618 1059 1663 irrefragabiliter

310 1669 468 1704 observari
493 1669 639 1703 volumus
666 1676 696 1703 et
718 1667 915 1702 mandamns.

358 1719 378 1765 g
403 1721 458 1753 11.
488 1719 610 1753 Rursus
643 1731 699 1765 per
723 1718 947 1757 iuramentum,
974 1718 1059 1764 qnod

310 1768 443 1803 dilectus
458 1769 542 1803 silius
563 1767 753 1803 Guillelmns
774 1767 813 1801 de
837 1767 952 1807 Casan,
974 1768 1059 1802 eius-

311 1817 381 1853 dem
398 1818 529 1853 Ordinis
552 1817 710 1852 Minorum
726 1816 881 1863 generalis
904 1817 1058 1861 minister,

310 1868 350 1903 de
364 1868 633 1916 dispensationem
650 1868 744 1902 ullam
760 1878 854 1914 super
869 1867 961 1902 dictis
981 1880 1060 1901 con-

311 1918 527 1953 stitutionibus
546 1930 601 1964 per
622 1917 757 1952 eundem
780 1916 972 1952 cardinalem
993 1916 1060 1951 edi-

312 1968 362 2011 tis,
390 1968 435 2003 vel
457 1981 565 2002 eaium
597 1967 699 2014 aliqua
734 1979 794 2001 non
833 1966 984 2012 petendo,
1013 1966 1058 2001 vel

310 2018 437 2053 obtenta
465 2030 526 2052 non
551 2017 708 2061 utendo,
703 2029 732 2050 in
758 2016 893 2071 praelato
921 2016 1059 2071 capit-ulo

311 2069 424 2103 Assisii
446 2067 614 2110 celebrato,
631 2075 663 2101 ut
678 2066 872 2113 accepimns,
896 2066 1058 2113 praestitit,

311 2117 543 2165 quamplurima
566 2116 667 2151 eidem
684 2116 794 2150 Ordini
819 2115 992 2160 Mfflornm,
1008 2128 1060 2150 cu-

311 2167 529 2214 ins-prosperi
559 2175 655 2200 status
681 2165 865 2200 directionis
892 2178 972 2200 onus
1000 2166 1058 2211 ipsi

311 2217 480 2253 Guillelmo
495 2216 640 2251 ministro
657 2215 872 2263 principaliter
887 2215 1059 2255 incumbit,

312 2267 469 2302 fructuosa
497 2275 527 2301 et
550 2266 661 2310 utilia,
682 2265 899 2311 ingruentibus
916 2265 1059 2305 casibus,

313 2330 369 2365 pro
391 2325 533 2364 tempore
556 2316 721 2363 impediri,
744 2323 796 2349 aut
824 2315 853 2349 in
878 2316 976 2362 ipsius
997 2314 1061 2349 Oi-

312 2367 394 2402 dinis
417 2366 645 2413 praeiudicium
670 2365 786 2400 differri
809 2378 912 2411 posse;
935 2378 1058 2399 necnon

312 2416 458 2452 eumdem
481 2415 688 2450 Guillelmum
717 2414 910 2457 ministrnm,
933 2414 984 2461 qui
1013 2423 1059 2448 est

312 2475 417 2514 caput,
434 2466 548 2500 arctius
563 2477 657 2513 quam
682 2463 820 2499 membra
838 2464 938 2510 ligari,
956 2464 1060 2497 3111135

313 2528 488 2562 congruum
510 2515 574 2550 fore
597 2521 809 2553 recensentes,
826 2514 883 2548 sibi
908 2514 1061 2548 iuramen-

313 2574 377 2600 tum
401 2564 602 2608 huiusmodi‚
636 2564 726 2599 cuius
754 2564 884 2597 formam
909 2576 1058 2610 praesen-

315 2615 398 2650 tibus
420 2615 527 2650 haberi
551 2615 695 2649 volumus
715 2626 769 2660 pro
792 2612 984 2648 sufficienter
1005 2625 1060 2647 ex-

314 2677 436 2714 pressa,
467 2665 575 2700 eadem
609 2664 815 2704 auctoritate,
845 2672 931 2698 motu
954 2662 1059 2701 simili.

1099 431 1202 465 lumns
1231 444 1291 466 non
1321 433 1430 466 teneri.

1147 480 1166 525 ξ
1196 483 1250 514 15.
1279 480 1475 521 praemissis,
1506 494 1627 517 necnon
1651 482 1843 516 constitutio·

1099 530 1191 564 nibus
1222 531 1412 575 apostolicis,
1439 538 1468 565 et
1495 531 1563 565 31115·
1585 531 1748 565 contrariis
1782 543 1843 565 non

1098 579 1296 614 obstantibus
1322 580 1589 627 quibuscumque.
1626 580 1704 615 Aliis
1741 588 1843 614 tamen

1099 629 1378 664 constitutionibus
1405 630 1572 664 antedictis
1596 643 1649 676 pei·
1670 630 1843 676 praelatum

1099 679 1288 714 cardinalem
1324 679 1441 723 editis,
1475 679 1504 713 in
1540 679 1690 713 omnibns
1722 691 1845 726 semper

1098 730 1202 764 salvis.

1148 780 1168 826 S
1192 781 1247 813 15.
1278 779 1361 813 Nulli
1391 791 1478 825 ergo,
1499 787 1550 812 etc.

1149 829 1263 864 Datum
1303 829 1422 864 Romae
1455 827 1537 875 apud
1571 829 1621 862 Ss.
1658 827 1847 874 Apostolos,

1099 888 1186 914 sexto
1204 879 1262 913 kal.
1279 879 1417 925 augusti,
1433 878 1634 925 pontificatus
1652 879 1748 913 nostri
1765 890 1848 912 anuo

1100 929 1330 964 tertiodecimo.

1139 992 1199 1022 Dat.
1222 993 1269 1022 die
1288 993 1324 1021 027
1345 992 1409 1021 iulii
1430 992 1515 1027 «1430,
1533 991 1634 1030 pontif.
1653 1000 1730 1020 anno
1749 1000 1808 1021 xiri.

1421 1145 1532 1181 xxvi.

1103 1222 1232 1254 Indicti'o
1260 1220 1410 1264 generalis
1437 1219 1559 1252 concilii
1576 1218 1770 1259 Basrleensis,
1803 1218 1854 1249 cui

1148 1282 1266 1314 praeses
1287 1271 1381 1302 datur
1406 1268 1547 1301 Iulianus
1569 1268 1717 1300 diaconus
1744 1267 1848 1300 cardi-

1153 1321 1230 1353 nalis
1257 1321 1291 1353 S.
1316 1319 1438 1362 Anqeli'.

1365 1388 1580 1420 SUMMARHJM

1102 1451 1268 1480 Exordium.
1300 1466 1338 1471 —-
1375 1448 1396 1476 l.
1430 1448 1450 1476 Α
1482 1446 1608 1476 concilio
1635 1446 1853 1475 Constantiensi

1141 1500 1281 1526 statutum
1314 1500 1345 1523 ut
1367 1494 1456 1523 certis
1490 1491 1672 1531 temporibus
1704 1491 1851 1529 generalia

1141 1541 1264 1571 concilia
1281 1539 1459 1569 indicantur.
1471 1538 1547 1566 —2.
1565 1536 1595 1566 13
1609 1536 1738 1566 concilio
1754 1536 1853 1575 itaque

1141 1584 1265 1615 senensi
1302 1584 1450 1613 decretum
1480 1587 1509 1611 iit
1546 1581 1668 1611 Basileae
1697 1581 1854 1611 haberetur

1140 1630 1311 1660 concilium.
1334 1645 1372 1650 —
1401 1628 1428 1657 3.
1450 1627 1592 1657 Martinus
1622 1625 1768 1656 lulianum
1792 1636 1854 1656 car-

1141 1675 1268 1705 dinalem
1291 1674 1321 1703 S.
1342 1673 1444 1712 Angeli
1465 1673 1500 1702 ad
1519 1672 1591 1702 illud
1616 1671 1744 1709 legatum
1773 1671 1851 1700 facit.

1140 1737 1179 1742 -
1196 1721 1223 1749 4.
1240 1719 1360 1755 Quaein
1377 1727 1410 1747 eo
1429 1717 1539 1755 agenda
1557 1717 1624 1750 sint,
1638 1716 1794 1754 significat,
1804 1725 1854 1755 op-

1142 1770 1283 1804 portunus
1296 1763 1485 1793 concedendo
1496 1761 1659 1791 facultates:
1671 1777 1710 1782 ·—
1721 1760 1748 1790 5.
1758 1760 1851 1791 Etiam

1141 1810 1236 1848 quoad
1260 1808 1416 1838 rebellium
1437 1807 1631 1846 punitionem.
1652 1822 1692 1828 —
1716 1805 1743 1835 6.
1766 1804 1853 1835 13113μ

1141 1864 1221 1891 num,
1245 1858 1276 1883 ut
1301 1854 1336 1883 de
1359 1853 1496 1882 mandato
1520 1851 1577 1881 sibi
1606 1859 1727 1880 munere
1745 1849 1853 1889 optime

1142 1899 1291 1937 fungatur,
1309 1897 1455 1927 admonet.

1102 1966 1241 1995 Martinus
1264 1964 1405 2000 episcopus
1425 1970 1520 1992 servus
1545 1970 1684 1992 servorum
1714 1962 1775 1996 Dei.
1814 1962 1854 1991 di-

1146 2012 1218 2039 tecto
1234 2010 1289 2038 filio
1306 2009 1408 2038 Iuliano
1419 2010 1444 2037 S.
1464 2009 1557 2044 Angeli
1572 2008 1643 2036 diac.
1657 2008 1744 2040 card..
1761 2008 1853 2044 Aliost.

1145 2056 1221 2084 sedis
1239 2055 1342 2090 legato,
1375 2054 1491 2083 salutem
1513 2055 1543 2082 et
1566 2053 1743 2089 apostoticam
1774 2053 1854 2081 tiene-

1146 2101 1302 2129 dictionem.
1516 2109 1523 2116 ·

1152 2164 1234 2199 Dum
1257 2176 1338 2199 onus
1361 2162 1545 2197 universalis
1562 2162 1667 2217 gregis
1690 2161 1852 2201 dominici,

1102 2227 1238 2262 superna
1259 2213 1466 2260 dispositione
1488 2211 1579 2247 nobis
1594 2213 1782 2251 iniunctum,
1802 2211 1852 2245 di-

1102 2265 1234 2310 ligenter
1253 2263 1458 2302 attendimus
1474 2271 1504 2296 et
1518 2261 1602 2309 quod
1618 2262 1754 2307 singulis
1768 2261 1851 2296 cliri-

1102 2314 1220 2348 stianae
1244 2313 1434 2360 reipublicae
1457 2311 1699 2346 oecurientibus
1722 2323 1777 2358 pei·
1794 2323 1852 2345 nos

1104 2365 1207 2410 ipsum
1244 2362 1385 2397 debitum
1421 2370 1521 2409 apost.
1551 2361 1710 2395 servitutis
1737 2352 1850 2408 exequi

1103 2426 1164 2448 non
1189 2425 1371 2459 possumiiS‚
1393 2412 1498 2446 animo
1522 2419 1628 2445 nostro
1651 2410 1849 2449 revolvimus,

1104 2474 1329 2509 nonnunquam
1370 2461 1451 2495 viros
1489 2460 1550 2495 lide
1584 2460 1756 2499 ferventes,
1795 2459 1850 2494 di-

1102 2513 1219 2558 gnitate
1253 2525 1289 2546 ac
1322 2511 1450 2546 seientia
1486 2509 1645 2557 praeditos
1680 2517 1710 2543 et
1744 2521 1847 2544 rerum

1101 2562 1292 2608 agendarum
1308 2560 1498 2608 experientia
1512 2560 1711 2606 conspicuos,
1727 2559 1757 2593 in
1778 2571 1849 2605 par-

1102 2620 1163 2646 tem
1180 2620 1358 2646 nostrorum
1382 2618 1412 2644 et
1426 2609 1588 2644 Ecclesiae
1612 2609 1773 2643 Romanae
1795 2621 1848 2642 ne—

1101 2662 1263 2708 gociorum
1284 2661 1485 2703 assumimus,
1506 2667 1549 2701 ut,
1565 2659 1639 2693 dum
1654 2667 1780 2706 tempus
1796 2671 1850 2706 po-

1861 274 1911 301 An.

1930 273 1957 300 C.
1972 274 2036 300 tuat

1873 491 2029 512 Contrariorum

1895 525 2002 548 derogatio

1896 788 1977 809 Clausal
1986 794 2004 807 io

1898 2164 2015 2186 Exordium
