2274 3265
254 239 431 267 An,c.t336

496 230 565 261 stto
1023 239 1206 262 nummatum

448 303 559 331 ratum,
582 304 630 329 ea.
658 303 737 338 quae
763 292 808 327 sic
829 292 903 326 dicit
924 300 956 326 et
982 301 1075 339 prout
1090 306 1123 327 ea
1140 294 1188 327 de-

448 343 587 383 nunciat,
616 341 773 387 deponere
811 350 843 375 ut
866 342 954 376 testis
975 351 1003 376 et
1033 343 1061 376 in
1091 355 1189 389 prae—

445 393 542 425 sentia
578 391 756 426 ‹lenimcinti
782 391 902 431 inrare;
927 403 984 426 nec
1006 393 1190 438 registretur

446 441 514 475 ralis
535 441 738 474 deminriatio
767 442 796 474 in
825 440 916 476 dictis
943 441 1030 475 libris
1056 441 1188 478 ordinis,

446 491 503 527 nisi
532 490 688 536 praefatus
721 490 863 537 superior
886 491 1095 525 verisimiliter
1120 503 1189 525 cre-

444 542 496 574 dat
519 539 563 573 vel
587 541 745 582 aextimet,
770 552 862 586 posse
884 552 978 586 super
991 540 1189 574 ‹lenunciatis

444 589 627 624 exi-essibus
656 597 749 623 testes
783 589 861 622 alios
883 589 1014 624 idoneos
1050 589 1186 634 reperiri

445 638 545 673 Possit
583 647 685 673 tamen
715 650 812 685 super
847 639 893 673 eis
920 638 1100 673 huiusmodi
1130 637 1189 672 de-

446 689 605 723 nunciatio
628 700 682 735 per
716 688 817 734 ipsum
842 689 1036 735 superiorem
1067 687 1188 733 recipi,

446 745 478 771 ut
499 738 732 777 denuntiatum,
755 745 873 784 quanto
896 737 1020 771 brevius
1051 738 1188 782 poterit,

445 790 473 820 in
497 797 616 822 secreto
640 794 775 827 imment,
792 787 815 819 si
840 793 869 819 et
893 794 984 833 prout
1007 786 1186 820 discretioni

444 849 518 871 suae
545 837 698 871 videbitur
717 835 907 869 sarriendum⁴
930 834 990 870 Ubi
1013 844 1116 869 antem
1133 836 1188 869 de-

444 886 608 920 nunciatur
641 897 695 920 seu
725 885 810 919 testis
836 884 915 919 alius
941 885 1072 919 idoneus
1092 897 1189 931 super

445 935 625 970 huiusmodi
648 934 780 969 occultis
806 933 987 970 excessibus
1008 943 1140 981 postea
1133 947 1188 981 ap-

444 994 575 1032 parer-,et
602 985 699 1031 possit
725 983 869 1039 superior
902 984 938 1018 ad
971 992 1134 1025 secretam,
1161 984 1186 1017 si

443 1048 469 1067 oi
495 1035 594 1068 xisum
623 1033 726 1073 suerit
749 1033 868 1067 etiamsi
896 1033 1106 1068 denunciatus
1132 1033 1189 1068 ab-

442 1096 516 1118 sens
537 1092 567 1117 et
588 1092 728 1117 remotus
759 1082 907 1122 extiterit,
937 1083 1186 1118 informationem

444 1133 623 1178 procedere,
646 1141 675 1166 et
706 1141 766 1166 tam
797 1133 930 1178 primum
955 1145 1046 1180 quam
1073 1145 1188 1171 secuu-

443 1183 517 1218 dum
545 1192 575 1217 et
602 1194 822 1229 quoscumque
844 1182 921 1216 alios
940 1190 1034 1216 testes
1058 1182 1188 1216 idoneos

445 1234 584 1279 recipere
599 1260 606 1271 ,
631 1240 756 1278 recepto
778 1231 817 1266 ab
839 1231 884 1265 eis
921 1233 1008 1278 prius
1034 1232 1187 1279 corporali

446 1290 636 1322 iuramento,
666 1281 981 1327 informationemque
1008 1280 1188 1315 huiusmodi

447 1334 475 1365 iu
500 1332 643 1377 praefatis
666 1331 752 1365 libris
773 1330 895 1364 ordinis
925 1331 1106 1375 registrare3
1142 1340 1189 1366 ta—

447 1394 517 1415 men
543 1381 619 1415 infra
636 1380 808 1419 biennium,
829 1392 922 1426 quam
946 1382 1008 1414 cito
1023 1380 1189 1415 commode

448 1431 581 1476 poterit,
610 1430 733 1464 fratrem
757 1429 982 1464 denunciatum
1006 1442 1114 1464 vocare
1129 1457 1138 1470 ,
1159 1439 1186 1462 et

446 1494 491 1519 ca,
514 1480 552 1512 de
573 1479 689 1526 quibus
711 1479 833 1513 delatus
860 1487 918 1519 est,
945 1488 973 1513 et
1002 1479 1111 1513 factam
1141 1480 1190 1512 in·

447 1529 663 1563 formationem
686 1541 739 1561 seu
769 1530 1018 1574 registrationem
1041 1529 1068 1562 ci
1092 1540 1190 1575 expo-

448 1591 531 1618 nere,
554 1591 587 1612 ac
603 1580 694 1612 etiam
718 1578 794 1612 infra
819 1577 1189 1617 bienniumhuiusmodi,

447 1629 470 1661 si
494 1627 659 1663 commode
673 1626 738 1661 sieri
760 1627 874 1662 valeat:
897 1628 1049 1673 alioquin,
1075 1639 1189 1674 quam-

447 1678 538 1711 citius
564 1676 729 1711 commode
758 1677 881 1723 poterit,
903 1689 1000 1722 super
1022 1677 1190 1723 praedictis

448 1727 595 1761 iustitiam
620 1727 720 1760 facere
747 1734 898 1760 teni-atur.
935 1725 1028 1767 Quod
1057 1726 1081 1759 si
1112 1726 1189 1760 infra

447 1778 561 1811 dictum
587 1775 748 1810 biennium
777 1775 933 1822 praefatus
956 1777 1100 1822 superior
1127 1775 1190 1809 de·—

448 1827 623 1860 nuutiatum
648 1838 708 1860 non
728 1826 892 1867 vocaverit,
914 1833 945 1858 et
959 1837 1006 1867 ea,
1021 1825 1059 1858 de
1075 1824 1190 1872 quibus

447 1875 582 1919 delatus,
609 1887 663 1909 seu
692 1883 799 1909 contra
829 1887 900 1910 enm
937 1874 1113 1909 informatio
1135 1887 1188 1908 seu

449 1926 622 1970 registratio
645 1924 721 1959 sacta
744 1925 891 1963 extiterit,
910 1925 936 1957 ei
962 1937 1022 1958 non
1038 1936 1190 1971 exposue-

449 1975 508 2013 rit,
533 1983 565 2008 ut
601 1974 784 2021 praefertur,
814 1975 881 2020 ipso
910 1975 1014 2020 elapso
1037 1973 1165 2008 biennio
1181 2001 1189 2017 ,

449 2024 623 2060 informatio
647 2024 691 2057 vel
730 2024 902 2068 registratio
939 2036 993 2057 seu
1023 2035 1189 2070 processus

449 2073 628 2108 huiusmodi
667 2073 724 2120 ipsi
763 2073 952 2108 denunciato
981 2085 1092 2107 nocere
1128 2085 1187 2107 non

448 2124 577 2169 possint.
596 2123 629 2157 Si
650 2135 721 2157 vero
737 2123 873 2170 plurium
898 2123 1105 2168 singularium
1123 2135 1190 2169 per—

447 2185 591 2207 sonarum
627 2172 803 2207 testimonia
839 2181 944 2207 ronti-a
981 2172 1103 2206 fratrem
1132 2173 1190 2205 ali-

446 2234 538 2269 quem
567 2234 660 2268 super
692 2222 872 2256 excessibus
898 2222 1036 2256 eiusdem
1065 2223 1190 2267 generis

448 2272 631 2314 habeantur,
653 2284 689 2305 ex
718 2272 833 2318 quibus
858 2272 1061 2318 probabiliter
1083 2270 1191 2305 redda-

448 2331 496 2355 tur
520 2330 702 2367 suspectus:
728 2330 801 2355 tunc
824 2322 862 2355 ad
891 2322 1029 2355 veritatis
1057 2321 1189 2367 inquisi-

447 2371 561 2406 tionem
599 2372 783 2417 pleniorem,
806 2371 922 2405 etiam.
959 2372 983 2404 si
1020 2370 1189 2418 expediens

447 2420 612 2463 videbitur,
623 2433 677 2467 per
691 2422 893 2455 arctationem
911 2432 1072 2467 personae,
1083 2429 1188 2454 contra

446 2482 537 2516 quarn
566 2470 765 2506 habebuntur
792 2470 971 2506 huiusmodi
1000 2470 1189 2513 testimonia,

448 2519 632 2564 procedatur
653 2521 828 2554 secundum
852 2519 979 2554 modum
999 2520 1189 2566 suspicionis

447 2577 476 2602 et
498 2568 676 2614 qualitatem
705 2581 863 2610 excessus,
887 2581 922 2604 ac
942 2577 1057 2604 statum
1074 2577 1102 2602 ct
1118 2581 1189 2603 con-

447 2618 598 2652 ditionem
627 2631 788 2665 personae.
812 2618 850 2653 Et
866 2619 891 2653 si
916 2619 1032 2654 crimen
1056 2630 1111 2666 per
1138 2618 1187 2651 in—

1232 238 1391 261 ROMANUM

1232 293 1418 339 quisitiones
1434 291 1614 326 huiusmodi
1636 304 1696 326 non
1714 293 1873 338 probetur,
1890 294 1974 340 ipse-

1230 354 1290 388 que
1331 341 1541 376 denunciatus
1582 350 1739 376 remaneat
1775 342 1941 378 infamatus
1965 371 1973 386 ,

1232 391 1386 424 indicatur
1407 391 1432 424 ei
1463 390 1606 436 purgatio
1630 390 1674 423 vel
1697 391 1758 424 alio
1786 391 1878 426 modo
1901 404 1975 439 pro-

1232 441 1371 474 xidtatur
1397 439 1516 473 ordinis
1545 439 1698 473 honestati
1726 448 1756 473 et
1792 440 1890 475 simae
1916 441 1975 476 de-

1232 489 1373 523 nuntiati.
1411 488 1526 523 Contra
1562 497 1663 522 tamen
1694 488 1859 524 infamatos
1893 491 1974 537 apud

1231 539 1329 573 bonos
1351 546 1381 572 et
1402 550 1511 584 graves
1534 538 1625 571 etiam
1656 538 1747 572 unius
1774 537 1976 573 denunciatio

1230 588 1268 622 de
1298 588 1418 622 enormi
1452 598 1607 626 excessu,
1643 586 1715 622 licet
1749 596 1870 622 secrete
1896 588 1975 622 l'acta

1231 637 1334 676 fuerit,
1358 636 1522 676 scribatur,
1545 646 1574 671 et
1591 615 1621 670 iii
1637 637 1782 683 praelatis
1805 637 1892 672 libris
1917 650 1976 672 or-

1230 687 1313 720 dinis
1335 687 1518 732 registretur
1540 694 1570 720 et
1595 685 1633 720 ad
1657 687 1877 733 inquirendam
1894 688 1974 721 veri-

1231 744 1323 770 tatem
1347 747 1546 778 excessuum,
1570 744 1661 782 prout
1685 737 1824 782 proxime
1847 736 1886 770 de
1910 737 1977 771 aliis

1232 785 1453 831 praemittitur,
1474 785 1673 831 procedatur,
1695 786 1788 820 etiam
1830 787 1855 820 si
1879 798 1976 833 expe—

1229 835 1320 869 diens
1341 834 1509 877 videbitur,
1529 846 1583 880 per
1605 835 1809 869 arctationem
1831 847 1977 883 persona-

1231 897 1297 918 rum
1326 884 1463 930 ipsarum
1491 884 1667 918 secundum
1698 884 1838 925 modum,
1870 885 1977 932 suspi-

1229 934 1365 972 cionem,
1393 933 1573 979 qualitatem
1596 946 1796 977 excessuum,
1810 943 1840 968 et
1860 943 1974 969 statum

1229 995 1265 1018 ac
1286 982 1499 1017 conditionem
1524 995 1741 1029 personarum.
1760 983 1798 1017 Et
1819 984 1844 1018 si
1868 996 1977 1019 exces-

1229 1045 1283 1067 sus
1306 1045 1359 1078 per
1382 1032 1600 1087 inquisitiones
1628 1032 1808 1067 huiusmodi
1824 1045 1885 1068 non
1903 1046 1978 1081 pro-

1231 1082 1504 1136 bentur,ips1que
1532 1091 1714 1117 remaneant
1739 1082 1902 1127 diffamati,
1931 1096 1979 1117 in-

1230 1131 1353 1167 dicatur
1375 1143 1420 1165 eis
1444 1132 1606 1176 purgatio,
1628 1132 1687 1171 vel,
1712 1141 1805 1178 prout
1828 1133 1978 1178 praemit-

1231 1182 1315 1222 titur,
1333 1180 1532 1227 provideatnr
1555 1181 1644 1215 aliter
1666 1182 1764 1216 famae
1787 1182 1924 1228 ipsorum
1947 1191 1977 1215 et

1230 1231 1350 1265 ordinis
1375 1230 1540 1265 honestati.
1564 1229 1731 1265 Caeterum
1750 1231 1912 1275 ministris,
1928 1244 1979 1266 cu-

1230 1280 1372 1316 stodibus
1399 1288 1429 1314 et
1457 1280 1671 1314 visitatoribus
1698 1280 1839 1315 districte
1864 1281 1979 1327 praeci-

1232 1331 1346 1376 pimus,
1369 1339 1402 1363 ut
1426 1341 1472 1368 ea,
1495 1341 1587 1376 quae,
1612 1338 1643 1363 ut
1671 1331 1891 1376 praemittitur,
1914 1329 1978 1364 fue-

1232 1380 1289 1413 rint
1319 1378 1531 1425 registi-anda,
1556 1379 1638 1412 fideli
1678 1380 1853 1426 scripturae
1889 1392 1978 1414 com-

1233 1428 1391 1468 mendent,
1414 1437 1443 1462 et
1463 1436 1527 1462 toto
1544 1429 1706 1474 regiminis
1723 1441 1778 1463 seu
1801 1429 1976 1464 officiorum

1231 1490 1359 1512 suorum
1397 1485 1537 1523 tempore
1568 1478 1747 1512 custodiant
1786 1478 1975 1524 diligenter:

1231 1527 1371 1561 districte
1393 1527 1597 1561 nibilominus
1614 1528 1844 1575 praecipientes
1858 1529 1976 1564 eisdem

1231 1586 1260 1610 et
1295 1577 1364 1610 aliis
1398 1575 1652 1623 quibuscumque
1678 1577 1752 1612 dicti
1781 1577 1910 1618 ordinis,
1939 1590 1977 1612 ne

1231 1626 1330 1660 libros
1355 1626 1539 1672 praedictos,
1557 1638 1610 1660 seu
1639 1635 1718 1667 acta,
1746 1639 1827 1673 quae
1854 1628 1884 1661 in
1902 1628 1977 1674 ipsis

1232 1683 1334 1710 notata
1358 1675 1403 1709 vel
1427 1677 1542 1722 scripta
1571 1675 1699 1720 fuerint,
1726 1676 1772 1711 vel
1803 1677 1917 1724 aliquid
1937 1677 1976 1711 de

1231 1726 1275 1759 eis
1302 1725 1441 1766 deleant,
1474 1725 1677 1764 subtrahant,
1705 1725 1906 1767 comburant,
1930 1727 1975 1760 vel

1231 1774 1307 1808 alias
1333 1774 1492 1809 destruant
1529 1775 1592 1808 sive
1617 1783 1739 1809 mutent
1766 1775 1811 1809 vel
1835 1776 1893 1810 boc
1911 1775 1978 1810 lieri

1233 1823 1382 1858 mandent
1407 1836 1462 1871 per
1490 1824 1580 1863 alios,
1603 1833 1655 1860 aut
1685 1825 1889 1871 permittant,
1910 1826 1980 1860 sine

1231 1874 1387 1920 generalis
1410 1874 1542 1907 ministri
1566 1874 1694 1921 speciali
1712 1874 1835 1909 licentia
1862 1883 1892 1908 et
1921 1887 1980 1909 ex-

1232 1936 1350 1971 pressa.
1373 1923 1467 1964 Quod
1484 1924 1509 1956 si
1533 1925 1603 1970 quis
1620 1924 1853 1970 praedictorum
1868 1924 1980 1959 buius-

1232 1973 1315 2008 modi
1328 1973 1434 2013 libros,
1449 1985 1503 2007 seu
1520 1982 1598 2016 acta,
1614 1973 1658 2007 rel
1673 1973 1789 2021 aliquid
1805 1974 1844 2007 de
1860 1974 1978 2009 eisdem

1231 2024 1367 2057 scienter
1391 2031 1420 2056 et
1452 2022 1605 2058 malitiose
1633 2023 1750 2066 delere,
1777 2023 1978 2063 subtrahere,

1231 2072 1417 2107 comburere
1433 2100 1441 2114 ,
1465 2072 1627 2107 destruere
1661 2085 1716 2107 seu
1753 2082 1885 2116 mutare,
1907 2073 1977 2108 sine

1233 2123 1389 2169 praedicta
1415 2123 1539 2157 licentia
1552 2151 1559 2161 ,
1587 2131 1639 2157 aut
1660 2123 1776 2169 aliquid
1794 2124 1885 2157 ineis
1903 2123 1979 2157 falso

1231 2172 1367 2207 scribere
1382 2172 1427 2206 vel
1446 2172 1540 2206 scribi
1564 2172 1683 2213 facere;
1707 2173 1752 2207 vel
1769 2173 1793 2206 si
1809 2173 1974 2219 quisquam

1233 2221 1358 2268 praefati
1373 2222 1492 2256 ordinis
1511 2221 1602 2256 dir-tis
1626 2222 1775 2257 ministris
1792 2222 1977 2257 custodibus

1232 2283 1284 2304 seu
1319 2271 1542 2311 visitatoribus,
1579 2271 1654 2318 ipsis
1690 2272 1908 2317 ignorantibus
1931 2272 1976 2307 vel

1233 2321 1347 2361 ins-iiis,
1370 2322 1528 2356 clausuras
1550 2331 1602 2356 aut
1636 2321 1748 2367 sigilla,
1776 2320 1835 2355 sub
1861 2320 1978 2368 quibus

1232 2370 1412 2405 huiusmodi
1430 2371 1497 2405 libri
1525 2384 1581 2405 seu
1616 2379 1683 2406 acta
1707 2379 1881 2414 servantur,
1898 2370 1978 2405 fran-

1230 2433 1303 2467 gere
1342 2420 1387 2454 vel
1421 2420 1542 2468 aperire
1583 2421 1718 2455 scienter
1756 2428 1787 2454 et
1824 2421 1977 2456 malitiose

1233 2470 1490 2517 praesumpserit,
1508 2471 1694 2505 sententiam
1718 2471 1976 2505 excommunica-

1231 2519 1322 2553 tionis
1363 2521 1525 2560 incurrat,
1557 2533 1570 2553 a
1605 2533 1667 2567 qua
1709 2532 1763 2566 per
1797 2520 1975 2566 generalem

1230 2569 1390 2605 dumtaxat
1426 2570 1613 2611 ministrum,
1643 2570 1688 2604 vel
1717 2582 1771 2616 per
1805 2582 1899 2610 eum,
1927 2570 1975 2604 cui

1231 2619 1290 2653 boc
1322 2619 1387 2665 ipse
1414 2619 1537 2654 duxerit
1569 2619 1828 2654 committendum
1846 2647 1853 2659 ,
1879 2619 1976 2666 possit

1989 240 2038 266 An.
2059 240 2088 266 C.
2103 240 2169 266 ¹536
