2274 3265
124 259 173 285 An.
191 259 220 285 C.
240 259 305 285 tlstss

133 1157 201 1177 'senor
224 1160 304 1176 articu-

122 1188 188 1209 lorum
221 1187 304 1207 loannis

121 1218 181 1238 tiusn.

946 258 1110 280 MAttTiNcs
1133 258 1152 279 V

369 315 427 346 42.
460 312 595 347 Fatuum
628 322 671 347 est
703 313 830 347 credere
868 313 1074 360 indulgentiis

321 361 425 407 Papae
445 370 475 396 et
497 362 731 409 episcoporum.

371 414 428 445 43.
453 411 630 446 {uramenta
655 411 760 445 illicita
780 420 866 451 sunt,
889 423 969 458 quae
996 412 1074 445 liunt

320 460 357 494 ad
381 460 650 495 corroborandum
669 461 823 494 humanos
846 469 1025 495 contractus
1045 468 1074 493 et

320 510 510 544 commercia
535 510 646 544 civilia.

370 561 427 592 44.
456 559 667 605 Augustinus,
697 558 889 593 Beiwdictus
923 567 952 593 et
990 558 1073 592 Ber-

321 608 439 642 nardus
458 609 596 643 damnati
613 616 698 648 suut,
723 608 779 642 nisi
799 608 1012 655 poenituerint
1035 608 1073 641 de

322 658 393 696 hoe,
416 658 499 704 quod
530 658 709 692 habuerunt
734 659 950 704 possessiones
973 665 1002 691 et
1026 658 1074 691 in—

321 707 490 741 stituerunt
530 714 560 740 et
602 707 794 741 intraverunt
827 707 1012 753 religiones:
1045 715 1074 740 et

320 757 363 789 sic
385 768 400 789 a
424 756 508 802 Papa
533 768 632 802 nsque
650 756 687 790 ad
714 756 860 790 ultimum
891 757 1072 802 religiosum

319 817 430 839 omnes
457 812 531 839 sunt
554 805 714 839 haeretici.

369 856 425 887 45.
449 853 571 888 Omnes
600 855 766 899 religiones
796 855 1011 890 indifferenter
1033 855 1074 888 in-

321 903 485 937 troductae
512 912 585 937 sunt
609 916 625 938 a
647 904 782 938 diabolo.

328 1005 348 1051 g
372 1008 427 1039 15.
455 1007 554 1039 Tener
580 1007 783 1040 articulorum
812 1007 938 1040 Ioannis
967 1008 1060 1040 [lass.

372 1103 401 1132 1.
431 1098 532 1133 Unica
556 1107 603 1133 est
621 1108 727 1133 sancta
753 1099 940 1133 universalis
964 1099 1075 1133 Eccle—

320 1147 376 1191 sia,
399 1160 479 1194 quae
493 1157 539 1183 est
555 1149 856 1195 praedestinatorum
875 1149 1073 1188 universitas,

319 1205 345 1229 et
372 1199 457 1242 infra
487 1200 636 1242 sequitur:
666 1198 859 1232 Uuiversalis
881 1205 986 1232 sancta
1010 1198 1075 1232 Ee-

320 1246 413 1280 clesia
437 1254 557 1281 tantum
581 1256 627 1281 est
651 1259 721 1286 tina,
744 1248 825 1282 sicut
847 1254 967 1281 tantum
992 1260 1075 1281 unus

320 1303 367 1329 est
401 1308 553 1330 numerus
580 1296 721 1330 omnium
755 1296 1073 1342 praedestinatorum.

369 1346 402 1377 2.
441 1345 559 1379 Paulus
593 1357 765 1391 numquam
803 1345 859 1378 l'uit
896 1344 1073 1378 membrum

320 1393 449 1433 diaboli,
477 1394 548 1428 licet
571 1395 641 1428 lecit
663 1394 817 1440 quosdam
842 1402 928 1428 actus
953 1394 1075 1428 actibus

321 1442 480 1477 Ecclesiae
508 1443 747 1488 malignantium
771 1443 964 1477 consimiles.

370 1495 402 1525 5.
426 1491 575 1526 Praesenti
601 1505 663 1526 non
686 1500 758 1526 sunt
778 1500 881 1539 partes
899 1492 1074 1535 Ecclesiae,

320 1553 392 1574 cum
417 1541 501 1575 nulla
527 1554 598 1588 pars
620 1542 688 1575 eius
724 1542 858 1575 finaliter
885 1541 1008 1575 excidet
1036 1541 1074 1574 ab

320 1602 379 1632 ea,
416 1603 454 1624 eo
493 1591 576 1637 quod
615 1591 909 1637 praedestinatiouis
936 1591 1074 1634 caritas,

321 1651 400 1685 quae
424 1640 522 1686 ipsam
549 1641 634 1686 ligat,
659 1653 719 1674 non
743 1640 878 1674 excidet.

370 1692 402 1722 4.
419 1688 507 1724 Duae.
522 1698 661 1729 naturae,
677 1690 826 1723 divinitas
840 1698 870 1723 et
883 1690 1074 1732 immanitas,

320 1747 393 1772 sunt
417 1752 498 1773 uuus
520 1739 677 1773 Christus.

372 1790 403 1822 5.
420 1788 612 1832 praescitus,
635 1789 691 1822 etsi
711 1788 880 1835 aliquando
894 1797 941 1823 est
961 1788 989 1822 in
1008 1801 1076 1833 gra-

323 1839 361 1871 tia
385 1838 559 1872 secundum
590 1846 785 1884 praesentem
822 1839 997 1877 iustitiam,
1028 1849 1075 1872 ta-

323 1899 393 1920 men
419 1900 579 1934 nunquam
604 1895 650 1920 est
674 1900 743 1933 pars
759 1896 884 1921 sauctae
901 1887 1073 1921 Ecclesiae:

322 1944 350 1969 et
367 1936 617 1982 praedestinatus
630 1949 757 1983 semper
772 1946 874 1970 manet
896 1936 1073 1970 membrum

324 1985 494 2025 Ecclesiae,
524 1986 595 2019 licet
617 1986 790 2032 aliquando
812 1986 935 2019 excidat
963 1998 978 2019 a
1002 1998 1075 2030 gra-

324 2036 363 2068 tia
387 2035 574 2078 adventitia,
603 2035 656 2068 sed
686 2048 747 2069 non
771 2047 786 2069 3
815 2035 911 2078 gratia
942 2035 1075 2081 praede-

323 2092 512 2118 stinattouts.

374 2135 406 2166 6.
434 2133 600 2167 Sumendo
633 2133 804 2168 Ecclesiam
838 2146 893 2180 pro
920 2146 1075 2167 convoca-

325 2184 407 2216 tione
435 2183 756 2229 praedestinatorum,
792 2184 855 2216 sive
896 2183 1009 2216 l'ueriut
1045 2183 1074 2216 in

324 2232 445 2277 gratia,
473 2233 537 2266 sive
575 2245 635 2266 non
673 2232 848 2266 secuudum
879 2239 1074 2278 praesentem

326 2282 488 2323 iustitiam,
510 2282 678 2316 istomodo
702 2281 839 2316 Ecclesia
856 2290 903 2315 est.
925 2281 1076 2316 articulus

325 2331 408 2364 fidei.

376 2383 407 2414 7.
426 2380 539 2414 Petrus
562 2392 623 2413 non
647 2388 691 2414 est
717 2392 773 2414 nec
788 2380 843 2414 suit
859 2390 953 2427 caput
973 2380 1077 2414 Eccle-

325 2430 388 2464 siae
416 2440 543 2464 sauctae
567 2430 751 2464 catholicae.

375 2482 407 2512 8.
433 2479 622 2514 Sacerdotes
637 2479 769 2525 quilibet
788 2479 956 2513 criminose
976 2479 1078 2513 viven-

325 2539 382 2568 tes,
399 2529 564 2563 sacerdotii
590 2529 733 2574 polluunt
753 2536 956 2575 potestatem:
976 2537 1002 2562 et
1020 2530 1076 2567 sic,

326 2587 355 2611 ut
386 2577 437 2611 lilii
469 2578 621 2621 infideles,
657 2579 796 2612 sentiunt
839 2578 1004 2612 inlideliter
1039 2578 1077 2611 de

324 2635 445 2675 septen]
461 2628 666 2662 sacramentis
682 2628 854 2671 Ecclesiae,
869 2628 907 2661 de
924 2629 1078 2667 claribus,

1743 250 1806 281 671

1117 312 1240 356 officiis,
1268 314 1420 357 censum,
1444 314 1596 354 moribus,
1628 315 1817 349 ceremoniis
1839 323 1869 349 et

1116 361 1214 395 sacris
1237 362 1330 396 rebus
1358 362 1527 406 Ecclesiae,
1558 364 1756 398 veneratione
1794 364 1870 398 reli-

1116 410 1274 456 quiarum,
1304 411 1510 457 indulgentiis
1533 420 1561 446 et
1584 413 1759 447 ordinibus.

1165 462 1197 493 9.
1224 460 1349 506 Papalis
1372 461 1507 505 dignitas
1529 474 1544 495 a
1570 462 1705 495 Caesare
1729 462 1869 502 inolevit,

1118 507 1219 554 Papae
1249 510 1418 555 praefectio
1445 519 1475 544 et
1507 511 1661 545 institutio
1689 524 1704 545 a
1727 512 1870 545 Caesaris

1119 565 1253 603 potentia
1282 567 1450 593 emanavit.

1169 609 1224 640 ¹10.
1242 607 1357 641 Nullus
1376 609 1443 642 sine
1457 608 1645 643 revelatione
1658 617 1811 643 assereret
1826 622 1870 643 ra-

1118 655 1305 691 tionabiliter
1321 657 1360 692 ‹le
1375 670 1408 691 se
1425 658 1469 691 vel
1493 658 1565 700 alio,
1579 659 1664 704 quod
1680 667 1761 693 esset
1777 667 1871 705 caput

1118 704 1276 740 Ecclesiae
1300 706 1508 752 particularis,
1533 719 1590 740 nec
1609 707 1771 741 Romanus
1792 708 1872 741 Pon-

1118 754 1191 788 tifex
1214 763 1260 789 est
1283 764 1377 802 caput
1402 755 1562 790 Romanae
1587 755 1748 790 Ecclesiae
1773 758 1870 803 parti-

1116 803 1242 838 cularis.

1169 856 1224 887 ll.
1245 853 1313 888 Non
1330 862 1451 899 oportet
1465 854 1605 893 credere,
1621 854 1704 900 quod
1723 855 1780 888 iste
1799 856 1873 901 qui-

1117 914 1254 949 cumque
1275 913 1321 938 est
1340 903 1505 938 Romanus
1533 903 1690 944 Pontifex,
1717 905 1757 937 sit
1779 913 1873 951 caput

1117 952 1348 1000 cuiuscumque
1365 952 1560 1000 particularis
1575 953 1732 987 Ecclesiae
1745 963 1871 995 sanctae,

1119 1002 1175 1036 nisi
1203 1000 1290 1036 Dens
1316 1014 1389 1036 eum
1415 1001 1704 1048 praedestinaverit.

1170 1052 1224 1084 12.
1238 1051 1338 1086 Nemo
1356 1051 1435 1097 gerit
1459 1051 1554 1086 vicem
1578 1051 1695 1085 Christi
1716 1051 1761 1086 vel
1777 1052 1872 1096 Petri,

1119 1100 1177 1134 nisi
1201 1108 1350 1147 sequatur
1369 1113 1441 1134 eum
1459 1101 1489 1134 in
1515 1100 1667 1141 moribus,
1690 1114 1762 1135 eum
1787 1102 1871 1136 nulla

1117 1149 1174 1183 alia
1203 1150 1332 1196 sequela
1367 1150 1406 1183 sit
1443 1150 1659 1195 pertinentior,
1688 1163 1745 1184 nec
1783 1152 1873 1185 aliter

1118 1198 1246 1245 recipiat
1268 1211 1284 1233 a
1307 1199 1374 1232 Deo
1399 1200 1643 1244 procuratorium
1670 1207 1871 1245 potestatem,

1117 1248 1189 1293 quia
1203 1247 1240 1281 ad
1259 1248 1333 1281 illud
1353 1247 1490 1282 oslieium
1510 1249 1675 1282 vicariatus
1692 1249 1872 1295 requiritur,

1118 1306 1147 1330 et
1171 1309 1293 1330 morum
1322 1297 1525 1331 conformitas
1547 1305 1576 1331 et
1601 1298 1794 1332 instituentis
1815 1311 1874 1333 au-

1118 1346 1257 1379 ctoritas.

1172 1397 1224 1427 15.
1249 1394 1332 1440 Papa
1362 1407 1423 1428 uon
1447 1404 1491 1428 est
1521 1408 1612 1429 verus
1636 1404 1664 1429 et
1690 1395 1874 1429 manifestus

1117 1455 1281 1477 successor
1304 1444 1529 1490 Apostolorum
1553 1444 1711 1491 Principis
1735 1444 1832 1488 Petri,
1848 1446 1872 1478 si

1120 1493 1193 1526 vivit
1209 1492 1352 1526 moribus
1375 1493 1541 1527 contrariis
1565 1493 1717 1528 Petro:et
1735 1495 1760 1527 si
1780 1506 1875 1540 quae-

1118 1542 1156 1575 rit
1199 1542 1379 1581 avaritiam,
1415 1550 1490 1576 tune
1527 1551 1574 1576 est
1611 1544 1745 1577 vicarius
1780 1543 1874 1578 ludae

1117 1590 1272 1625 Scariotb.
1290 1591 1339 1631 Et,
1354 1592 1417 1637 pari
1434 1591 1605 1631 evidentia,
1619 1592 1794 1627 cardinales
1811 1605 1872 1627 nou

1117 1649 1189 1673 suut
1214 1641 1275 1674 veri
1301 1650 1330 1674 et
1348 1641 1503 1675 manilesti
1527 1654 1727 1676 successores
1747 1642 1872 1688 collegii

1117 1689 1250 1723 aliorum
1274 1689 1487 1736 apostolorum
1511 1691 1640 1730 Christi,
1658 1692 1715 1725 nisi
1741 1691 1873 1725 vixerint

1119 1751 1205 1773 more
1233 1739 1461 1785 apostolorum,
1484 1748 1646 1774 servantes
1670 1740 1813 1775 mandata
1842 1750 1872 1775 et

1117 1788 1247 1823 consilia
1274 1789 1400 1822 Domini
1423 1789 1520 1823 nostri
1547 1789 1614 1824 lesu
1636 1790 1764 1824 Christi.

1172 1840 1224 1871 14.
1242 1838 1396 1872 Doctores
1412 1847 1576 1885 ponentes,
1592 1840 1676 1886 quod
1689 1839 1802 1886 aliquis
1819 1851 1873 1886 per

1117 1898 1281 1920 censuram
1318 1887 1561 1922 ecclesiasticam
1590 1888 1818 1928 enwndandus,
1846 1890 1872 1922 si

1118 1936 1230 1981 corrigi
1261 1937 1409 1979 noluerit,
1437 1939 1588 1972 saeculari
1613 1938 1729 1972 iudicio
1751 1948 1797 1972 est
1817 1947 1874 1973 tra-

1118 1986 1256 2025 dendus,
1281 1999 1336 2032 pro
1351 1996 1437 2020 certo
1459 1995 1638 2033 sequuntur
1662 1989 1691 2021 in
1714 1989 1771 2021 hoe
1795 1987 1872 2022 Pon·

1119 2035 1229 2079 tisiees,
1246 2035 1372 2069 Scribas
1387 2045 1417 2070 et
1434 2036 1694 2084 Pharisaeos,qui
1708 2036 1872 2071 Christum

1119 2101 1180 2123 non
1212 2089 1367 2123 volentem
1404 2090 1449 2123 eis
1477 2090 1605 2123 obedire
1642 2093 1671 2124 in
1712 2090 1872 2131 omnibus,

1118 2143 1274 2176 dicentes:
1289 2142 1386 2176 Nobis
1402 2156 1462 2177 uon
1482 2144 1553 2177 licet
1571 2143 1746 2177 interlicere
1761 2156 1873 2190 quem-

1118 2209 1223 2243 quam,
1240 2196 1346 2242 Ipsum
1363 2198 1513 2231 saeculari
1530 2197 1646 2231 indicio
1662 2197 1872 2238 tradiderunt,

1118 2259 1148 2284 et
1183 2251 1266 2297 quod
1299 2251 1376 2284 tales
1403 2251 1464 2284 siut
1502 2250 1678 2284 homicidae
1712 2251 1872 2295 graviores

1119 2316 1212 2350 quam
1233 2303 1365 2337 Pilatus.

1172 2362 1226 2393 45.
1262 2358 1451 2392 Obedientia
1479 2358 1688 2392 ecclesiastiea
1719 2367 1762 2392 est
1791 2358 1874 2393 ohe-

1120 2412 1234 2446 dientia
1262 2412 1436 2446 secundum
1473 2412 1731 2446 adinventionem
1768 2425 1874 2447 sacer-

1120 2466 1228 2499 dotum
1246 2466 1415 2509 Ecclesiae,
1436 2475 1558 2511 praeter
1571 2478 1748 2513 expressam
1764 2475 1874 2500 aucto-

1123 2520 1243 2553 ritatem
1274 2519 1466 2565 Scripturae.

1175 2576 1229 2608 16.
1271 2574 1388 2607 Divisio
1431 2574 1610 2608 immediata
1660 2574 1872 2610 humanorum

1122 2640 1250 2674 operum
1280 2636 1337 2667 est,
1360 2628 1445 2674 quod
1473 2637 1546 2662 sunt
1571 2629 1615 2663 rel
1646 2629 1791 2671 virtuosa,
1828 2630 1874 2666 vet

1177 258 1223 279 t’t).

1885 250 1974 285 Aule.
2001 260 2069 286 11118
