2274 3265
943 282 1037 304 mnnx
1063 282 1175 304 RERUM
1724 279 1791 308 7559

295 335 547 376 Fraticcllorum‚
577 336 831 382 pseudofratrum
853 336 885 370 S.
911 336 1070 372 Francisci
1089 336 1128 371 de
1151 337 1285 382 Assisio,
1313 350 1434 373 errores
1461 346 1491 373 et
1517 339 1688 375 damnatio.
1721 342 1753 374 V.
1780 341 1842 376 Bi-

396 384 581 428 zochorum,
602 393 654 419 etc.

295 433 477 470 Fridericus
495 433 703 468 AEnobardns
725 434 857 480 imperio
879 441 910 468 et
931 434 1056 469 Siciliae
1083 447 1180 482 regno
1204 436 1351 482 privatur,
1381 438 1426 470 55
1454 438 1482 471 b.

294 482 476 518 Fridericus
498 482 645 517 Austriae
669 484 731 517 dux
756 483 785 516 in
810 483 1030 530 imperatorem
1053 484 1192 530 eligitur,
1219 487 1290 519 495
1311 499 1341 520 a.

294 531 477 568 Fridericus
503 531 531 566 ll
553 532 629 580 imp.
649 532 890 567 constitutiones
912 545 967 580 pro
990 533 1131 568 libertate
1158 534 1368 569 ecclesiastica
1391 534 1467 578 edit,
1495 543 1524 568 et
1547 536 1775 572 confirmantur
1802 539 1841 573 ab

392 581 503 628 Apost.
532 580 626 622 Sede,
655 584 727 616 614
753 594 783 615 α.

294 630 496 666 Fumantaria
518 630 594 677 quid
621 631 672 675 sit,
695 632 767 665 642
793 632 822 665 b.
851 632 887 666 V.
914 639 1018 666 notam
1042 632 1080 666 ad
1108 632 1226 667 calcem
1254 633 1372 668 colum.
1395 632 1498 667 einsd.

1050 786 1089 824 G

292 879 456 924 Galganus
477 878 515 912 de
535 878 685 923 Eugnbio
703 877 890 913 Ordf‘tvrai.
920 879 997 913 Min.
1024 879 1192 926 inquisitor
1215 881 1388 916 baereticae
1411 882 1583 929 pravitatis,
1606 885 1651 917 86
1684 896 1714 918 α.

290 927 442 963 Gallicani
466 928 606 975 episcopi
634 928 903 962 canonizationem
929 928 965 962 Β.
989 928 1141 963 Ludovici
1165 931 1248 976 regis
1270 930 1421 965 Franciae
1452 932 1623 978 postulant,
1648 936 1693 967 54
1716 946 1747 967 a.

290 976 479 1012 Genuenses
503 975 673 1012 monentu'r
695 990 771 1012 suos
793 989 938 1012 coercere
960 977 999 1012 ab
1022 979 1130 1020 armis⁷
1159 980 1291 1014 navibus
1326 988 1378 1014 etc.
1411 981 1628 1016 ministrandis
1658 982 1840 1022 Saracenis,

393 1029 439 1061 15
459 1040 490 1061 α.

291 1075 419 1121 Georgii
443 1075 519 1119 (S.)
541 1075 704 1122 collegiata
728 1075 758 1109 in
774 1075 853 1121 Alga
873 1075 1072 1111 Venetiarum
1090 1076 1336 1113 Castellanensis
1354 1077 1509 1113 dioecesis
1531 1080 1675 1127 erigitur,
1697 1082 1768 1115 645
1785 1083 1813 1115 b.

291 1124 524 1160 Gibellinorum
548 1133 577 1159 et
600 1124 788 1159 Gnelfornm
813 1132 961 1159 tractatus
985 1126 1083 1172 pacis,
1114 1129 1158 1161 19
1180 1140 1211 1161 α.

290 1173 430 1209 Graecae
452 1174 615 1209 Ecclesiae
639 1174 716 1208 ritus
739 1181 903 1208 servantur
925 1175 954 1208 in
980 1175 1049 1209 eius
1071 1187 1145 1210 cum
1169 1176 1280 1211 Latina
1310 1177 1437 1217 unione,
1459 1180 1506 1212 28
1528 1180 1555 1213 b.

290 1222 403 1258 Graeci
427 1223 466 1258 ab
489 1223 627 1258 Ecclesia
651 1223 794 1258 Romana
820 1223 969 1258 disiuncti
994 1231 1024 1257 et
1046 1224 1126 1259 mala
1147 1225 1220 1259 inde
1243 1233 1363 1266 exorta,
1389 1229 1433 1260 14
1460 1240 1479 1261 α
1506 1237 1536 1261 et
1562 1230 1590 1261 h.

290 1271 591 1307 Grandimontensis
612 1272 743 1306 Ordinis
764 1279 891 1315 statuta,
913 1274 985 1307 252
1007 1275 1036 1307 b.

290 1321 581 1369 Gratianopolitana
601 1320 770 1355 Academia
798 1320 939 1366 erigitur,
963 1322 1190 1369 nonnullisque
1213 1323 1336 1369 legibus
1363 1324 1511 1366 donatur,
1539 1327 1610 1359 460
1632 1338 1661 1359 α.

290 1370 522 1417 Gregorianum
550 1370 733 1416 collegium.
764 1371 797 1402 V.
820 1369 1022 1405 Bononiense
1045 1371 1225 1417 collegium.

290 1419 463 1466 Gregorius
485 1419 614 1466 XPapa
636 1430 779 1453 chxxlv
802 1417 942 1464 eligitur,
967 1422 988 1453 9
1011 1432 1041 1453 α.
1064 1420 1384 1468 Hierosolymitanum
1401 1423 1608 1467 patriarcham
1633 1431 1837 1470 caeterosque

390 1468 501 1504 fideles
527 1469 567 1503 de
589 1474 736 1514 suscepto
764 1479 780 1502 a
807 1479 840 1501 se
869 1467 1030 1503 Ecclesiae
1053 1469 1140 1504 clavo
1162 1470 1329 1517 encyclicis
1352 1470 1450 1505 literis
1476 1473 1625 1506 certiores
1649 1472 1731 1512 facit,
1762 1475 1837 1507 ibid.

388 1517 467 1552 Eius
485 1517 601 1558 obitus,
630 1519 674 1551 55
694 1518 723 1550 b.

290 1566 467 1614 Gregorius
487 1566 532 1601 XI
559 1567 643 1614 Papa
666 1577 717 1601 ccr
740 1564 879 1611 eligitur,
903 1568 974 1601 529
997 1580 1026 1601 α.

290 1616 467 1661 Gregorius
489 1616 547 1650 xtl
568 1615 653 1662 Papa
681 1626 739 1649 ccv
767 1614 905 1660 eligitur,
929 1617 1001 1650 645
1023 1629 1052 1651 α.

289 1664 478 1700 Guelforum
502 1673 534 1700 et
554 1663 785 1699 Gibellinorum
810 1671 958 1699 tractatus
987 1666 1084 1711 pacis,
1110 1668 1153 1699 19
1180 1679 1199 1700 α
1226 1675 1254 1701 et
1278 1680 1336 1712 seq.

289 1713 398 1749 Guitto
415 1715 587 1762 episcopus
606 1712 825 1749 Urbevetanus
848 1714 1028 1749 mandatnm
1051 1715 1163 1761 accipit
1188 1725 1221 1749 ut
1256 1716 1294 1751 de
1317 1716 1558 1752 alienationibus
1582 1718 1610 1752 in
1648 1719 1837 1765 patrimonio

389 1763 426 1798 Β.
455 1764 537 1799 Petri
561 1764 651 1799 sactis
670 1763 818 1809 inquirat,
847 1770 945 1798 terras
973 1773 1157 1811 recuperet,
1195 1765 1376 1800 detentores
1398 1778 1505 1801 earum
1529 1768 1673 1802 censuris
1700 1780 1837 1816 compe-

387 1814 517 1854 scendo,
539 1816 611 1848 298
638 1827 668 1848 α.

1038 1966 1082 2006 Η

288 2061 468 2097 Hadrianus
493 2062 517 2097 V
544 2062 608 2097 ΡΡ.
632 2074 777 2097 ειΧΧΧνι
806 2062 943 2109 eligitur,
968 2063 1014 2095 56
1036 2064 1064 2096 b.

289 2110 444 2146 Haereses
465 2121 703 2146 succrescentes
725 2114 881 2159 extirpare
908 2124 981 2145 cura
1004 2111 1098 2145 Sedis
1120 2112 1334 2159 Apostolicae,
1358 2114 1421 2147 661
1453 2125 1484 2147 α.

290 2160 446 2195 Haeretici
472 2161 562 2195 variis
579 2161 694 2195 addicti
717 2162 840 2209 poenis,
860 2162 906 2195 46
928 2174 959 2200 α,
977 2162 1046 2194 105
1065 2162 1092 2194 b.
1113 2161 1158 2195 De
1183 2163 1301 2195 haeresi
1324 2163 1544 2209 inquisitorum
1565 2170 1594 2196 et
1614 2162 1831 2198 absolutorum

389 2210 441 2244 filii
474 2223 508 2245 ar
532 2219 662 2257 nepotes
684 2211 720 2245 ad
738 2210 839 2245 officia
862 2219 890 2244 et
915 2210 1067 2244 beneficia
1090 2210 1294 2249 admittendi,
1318 2213 1363 2244 85
1379 2213 1406 2245 b.
1427 2211 1577 2252 Quamvis
1598 2212 1635 2245 ad
1661 2212 1834 2247 Ecclesiam

388 2260 569 2306 confugiant
588 2260 626 2294 ab
650 2260 893 2307 inquisitoribus
913 2259 1161 2306 procedendum⁷
1183 2262 1255 2294 250
1274 2262 1301 2294 Ι).
1321 2260 1402 2294 Cum
1426 2264 1472 2294 eis
1493 2261 1619 2295 foedera
1652 2262 1835 2296 ineuntibus

389 2308 571 2344 indicuntur
604 2322 740 2356 poenae,
769 2312 838 2344 515
867 2311 894 2343 b.
924 2308 1065 2343 Foedera
1100 2310 1281 2344 huiusmodi
1316 2310 1399 2343 nulla
1428 2319 1456 2344 et
1493 2311 1578 2344 irrita
1614 2311 1834 2355 declarantur,

389 2360 460 2392 584
487 2372 517 2393 α.
540 2358 574 2392 Si
598 2359 634 2392 ad
659 2358 818 2393 Ecclesiae
832 2358 923 2393 Catii.
939 2359 1091 2393 unitatem
1121 2359 1262 2399 redeant,
1289 2359 1414 2406 qualem
1439 2359 1668 2406 professionem
1691 2361 1835 2395 emittere

389 2407 519 2447 debent,
548 2410 616 2442 594
633 2421 663 2442 α.

291 2457 438 2492 Hebraei.
474 2458 508 2491 V.
533 2456 653 2491 Iudaei.

290 2506 449 2541 Henricus
477 2506 532 2540 Vll
554 2519 606 2541 rex
630 2506 847 2541 Romanorum
870 2507 1008 2554 eligitur,
1033 2509 1102 2541 193
1129 2520 1159 2541 α.
1184 2507 1262 2542 Eius
1284 2507 1395 2542 electio
1418 2508 1634 2548 confirmatur,
1656 2509 1731 2541 ibid.
1764 2507 1834 2542 Co-

388 2556 561 2590 ronationis
595 2557 672 2590 ritus
707 2565 735 2589 et
777 2556 873 2590 forma
904 2557 1179 2603 praescribuntur,
1203 2559 1273 2590 214
1301 2570 1332 2590 α.
1361 2557 1604 2591 Monumentum
1630 2557 1772 2604 praestiti
1796 2558 1834 2591 ab

388 2617 425 2639 eo
449 2606 615 2640 iuramenti
644 2614 672 2639 et
699 2605 955 2640 confirmatarum
984 2606 1058 2640 Sedi
1084 2607 1193 2653 Apost.
1224 2607 1435 2653 imperialium
1465 2607 1683 2645 donationum,
1710 2608 1776 2640 221
1806 2608 1834 2640 b.

289 2654 454 2689 Herminia
478 2654 635 2689 abbatissa
661 2655 842 2689 monasterii
872 2654 905 2689 S.
933 2655 1074 2690 Silvestri
1104 2656 1133 2690 in
1157 2656 1266 2702 Capite
1289 2656 1328 2690 (le
1350 2656 1448 2701 Urbe,
1477 2658 1523 2689 85
1550 2669 1579 2689 a.
