2274 3265
209 275 256 299 An,
278 272 304 298 C.
322 273 387 297 1297

461 261 524 292 tao
993 260 1178 287 normarum
1202 262 1363 285 numanum

446 324 522 361 regis
547 322 647 358 gloria.
674 337 712 342 -·-
730 320 776 349 33⁴
799 319 843 348 SS
863 319 1065 363 consessorum
1090 318 1156 348 sslbO
1199 318 1331 361 Christi,
1354 316 1445 350 claris
1468 315 1539 349 tidei
1563 323 1593 348 et
1619 314 1725 361 operis
1760 314 1949 350 testimoniis

446 362 635 392 adscribitur.
657 377 695 382 -—
723 359 769 389 34.
788 358 858 388 Eius
878 358 971 388 festus
995 359 1057 388 dies
1080 358 1158 387 cele·
1211 380 1235 400 ,r
1260 367 1387 400 fitentur
1424 363 1526 399 nullos
1553 376 1591 398 ue
1627 363 1657 397 in
1699 375 1735 397 su
1762 375 1836 398 ema
1934 383 1949 390 -

447 402 587 431 brandus.
617 417 655 422 —
684 399 731 429 35.
754 398 935 435 lndttlgentia
964 398 1028 427 eins
1052 397 1156 436 sepul·
1201 380 1208 413 l
1239 379 1256 401 ⁰
1392 392 1399 405 ’
1521 376 1547 418 -q
1739 375 1759 410 p
1838 376 1855 398 e
1893 375 1930 410 pa

445 443 548 471 chrum
570 439 765 470 invisentibus
784 438 942 477 proposita.

406 508 559 536 Bonifacius
574 507 645 543 rapa
663 506 727 538 tht,
744 505 881 534 univorsis
903 504 1003 532 Christi
1021 503 1156 535 fidelibus.

451 557 568 585 salutem
580 557 609 584 et
628 554 807 591 apostolicam
824 553 1045 581 benedictionem.

456 619 574 661 Gloria,
603 618 669 653 lans
692 626 723 651 et
759 617 859 651 honor
882 616 964 650 Patri
990 614 1158 657 luminum,

296 686 364 699 umm-
407 683 423 704 a
451 682 513 716 quo
537 677 583 703 est
606 680 699 703 omne
723 667 829 701 datum
853 666 1020 712 optimum,
1043 672 1072 697 ct
1095 676 1160 698 om-

409 732 446 753 ne
473 719 591 753 donum
622 717 806 763 perfectum,
829 727 844 749 a
873 715 977 749 crucis
1001 713 1072 747 fidei
1107 725 1159 747 or-

409 768 563 802 thodoxae
588 766 772 803 cultoribus,
795 776 931 810 «piorum
956 776 1027 809 spes
1062 762 1160 796 tendit

407 819 443 851 ad
468 829 612 864 superos,
632 815 766 849 summis
789 822 819 848 et
842 813 960 847 sedulis
982 812 1159 846 devotionis

408 878 437 901 et
454 867 646 901 reverentiae
669 863 780 897 studiis
804 862 965 896 reseratur.
987 861 1058 907 Ipse
1078 874 1159 894 nani·

408 929 469 963 que
502 916 530 949 iu
575 913 786 949 misericordia
824 912 984 958 copiosus,
1008 910 1159 953 liberalis,

409 967 438 999 in
461 965 578 1011 gratiis,
602 973 631 997 et
655 964 683 996 in
723 961 928 996 retributione.
965 960 1136 994 munificus
1152 986 1159 997 ,

407 1016 446 1049 dc
485 1013 641 1060 supremis
676 1011 836 1046 coelorum
874 1010 910 1043 ad
953 1010 1011 1043 iuia
1052 1008 1160 1043 tnundi

408 1064 517 1098 oeulos
542 1074 618 1097 suae
647 1060 819 1095 maiestatis
842 1060 1018 1097 inflectens,
1046 1068 1076 1092 et
1105 1058 1160 1093 bc-

409 1114 503 1159 uigua
532 1110 785 1146 consideratione
807 1110 993 1147 discutiens,
1026 1108 1060 1142 B.
1100 1107 1163 1141 Luss

408 1163 510 1196 dorici
533 1160 691 1209 quondam
730 1172 815 1205 regis
851 1157 1002 1192 Franciae
1045 1157 1161 1204 inclyti,

407 1213 520 1258 suique
567 1209 786 1256 gloriosissimi
828 1207 1018 1242 confessoris
1054 1207 1160 1240 merita

407 1260 547 1308 grandia,
569 1271 727 1305 operaque
751 1256 1022 1304 mii·ilica,quibus
1042 1257 1071 1290 in
1089 1264 1161 1289 tem-

410 1323 485 1357 pore
510 1310 714 1351 constitutus,
739 1308 767 1341 iu
796 1308 923 1341 sacculo
951 1319 1008 1341 ceu
1033 1306 1161 1339 lucerua

409 1360 563 1393 luminosa
591 1357 798 1404 resplenduit,
820 1368 918 1402 eaque
943 1355 1025 1389 velut
1062 1355 1162 1389 iustus

410 1410 503 1443 index
527 1418 555 1442 et
577 1406 747 1441 retributor
782 1405 961 1443 laudabilis,
997 1404 1163 1450 dignanter

411 1458 576 1493 intendens
598 1455 764 1501 condignis
786 1466 1027 1501 recompensare
1049 1465 1163 1487 mune-

411 1508 508 1550 ribus,
531 1518 602 1541 eum
632 1514 791 1550 tamquam
816 1503 981 1538 emeritum
1005 1511 1035 1537 et
1068 1503 1162 1537 retri-

411 1558 542 1591 butione
580 1554 820 1601 dignissimum,
856 1561 925 1598 post
965 1553 1044 1586 vitae
1073 1564 1163 1598 prae-

410 1607 509 1640 sentis
546 1603 741 1649 ergastulum
785 1611 815 1636 et
862 1602 1016 1637 laboriosa
1053 1601 1161 1635 mundi

411 1655 595 1697 certamina,
617 1665 697 1700 quac
725 1653 850 1687 fervens
875 1652 905 1686 in
929 1651 1044 1685 divinis
1066 1650 1162 1685 obse-

411 1705 495 1751 quiis
524 1711 666 1750 potenter
688 1710 718 1737 et
747 1710 888 1747 patenter
917 1700 1069 1744 exercuit,
1109 1712 1163 1735 ae-

412 1754 527 1788 thereis
549 1752 680 1787 sedibus
708 1751 882 1791 collocavit,
908 1759 940 1784 ut
961 1750 1068 1784 sedeat
1091 1762 1161 1784 cum

411 1802 622 1849 principibus,
651 1810 680 1835 et
723 1801 837 1835 solium
876 1799 994 1847 gloriae
1035 1807 1163 1843 teneat,

412 1853 566 1887 felicitatis
605 1859 750 1885 aeternae
782 1849 967 1884 dulcoribus
995 1848 1163 1895 potiturus.

412 1902 537 1936 Exultet
580 1900 675 1945 igitur
722 1899 820 1933 Mater
868 1898 1008 1933 Ecclesia
1045 1907 1074 1932 et
1112 1910 1164 1931 so-

412 1952 526 1985 lemnia
567 1950 673 1984 festiva
712 1947 909 1983 concelebret
952 1948 1163 1993 gaudiorum.

412 2001 495 2047 quod
521 2008 639 2034 tantum
664 2007 691 2032 et
722 1999 813 2033 talem
832 1997 931 2031 silium
954 1998 1074 2043 genuit,
1091 2009 1164 2043 pro-

412 2050 501 2084 duxit
524 2058 644 2089 uatum,
672 2048 816 2083 educavit
843 2047 1007 2081 alumnum
1038 2047 1096 2080 iam
1122 2047 1166 2080 in-

414 2109 459 2133 ter
494 2111 601 2144 regum
643 2098 778 2143 gloriosa
822 2096 1007 2130 coelestium
1039 2097 1163 2141 agmina

413 2150 604 2183 rutilantem.
633 2147 794 2190 Laetetur,
823 2146 962 2193 inquam,
985 2154 1014 2180 et
1044 2145 1165 2189 iubilet,

413 2211 448 2232 ac
479 2198 509 2232 in
558 2197 669 2232 laudes
703 2196 857 2231 Altissimi
893 2207 983 2229 voces
1019 2203 1165 2241 promat,

414 2248 496 2294 qnod
525 2247 644 2281 sobolis
668 2255 728 2280 tam
754 2245 943 2293 praecelsae,
982 2253 1044 2279 tam
1080 2245 1163 2279 cele-

415 2297 479 2331 bris
508 2297 657 2331 illustrata
681 2295 867 2342 fulgoribus,
891 2294 1038 2340 insigniis
1071 2294 1166 2328 deco-

417 2355 478 2381 rata
502 2347 711 2393 conspicitur,
735 2357 815 2392 quae
839 2345 963 2379 sonoris
996 2342 1165 2378 attollenda

417 2397 604 2443 praeconiis,
619 2407 826 2441 summaeque
849 2394 1055 2428 venerationis
1077 2392 1167 2428 exhi-

416 2447 533 2480 bitione
572 2445 703 2480 colenda
726 2444 925 2479 enucleatius
951 2443 1060 2489 aperit,
1100 2442 1166 2477 eri-

415 2497 540 2530 dentius
562 2495 709 2541 explicat,
733 2494 802 2529 illos
824 2493 863 2528 ad
888 2494 1032 2539 perennis
1060 2491 1166 2526 beati-

417 2545 534 2579 tudinis
556 2545 667 2591 gaudia
712 2553 740 2578 et
778 2544 980 2578 haereditatis
1020 2550 1164 2576 aeternae

417 2594 615 2640 participium
639 2593 845 2632 admittendo,
881 2593 934 2639 qui
973 2591 1163 2638 praedictam

415 2642 602 2686 Ecclesiam,
635 2643 765 2678 Matrem
811 2642 971 2682 tideliuiu,
1007 2640 1162 2688 Sponsam

1200 416 1275 450 triae
1298 415 1443 461 gloriam,
1468 414 1526 447 nisi
1557 425 1611 459 per
1632 413 1712 453 eius,
1751 420 1859 459 utpote
1881 424 1952 448 coe-

1201 464 1301 499 lorum
1332 463 1490 508 clavigeri,
1512 461 1722 496 ministerium
1764 462 1950 502 virtuosum,

1200 514 1288 548 ostiis
1317 513 1460 547 reseratis
1487 511 1660 551 altissimis,
1696 510 1835 545 introire.
1863 509 1951 546 Gau—

1201 562 1295 597 deant
1335 561 1508 596 incolarum
1549 561 1656 596 turbae
1694 559 1880 595 coelestium
1913 559 1951 594 de

1202 621 1262 645 tam
1285 610 1443 651 sublimis,
1466 618 1527 644 tani
1552 609 1647 645 lucidi
1672 609 1855 644 habitatoris
1889 609 1952 644 ad-

1203 669 1308 703 ventu,
1330 660 1480 707 quodque
1516 659 1591 706 ipsis
1613 666 1762 706 expertus
1792 658 1953 706 probatus-

1202 722 1264 756 que
1291 709 1363 743 fidei
1393 709 1583 744 christianae
1619 709 1751 743 colonus
1786 707 1953 754 cultorque

1203 759 1394 805 praecipuus
1416 767 1614 804 aggregatur.
1639 758 1792 792 Personet
1818 757 1953 792 laetitiae

1203 807 1334 841 iubilntn
1358 807 1472 841 civium
1497 820 1647 852 generosa
1676 807 1823 842 nobilitas
1845 818 1955 854 supet·-

1204 868 1329 899 norum,
1352 855 1437 903 qnod
1468 856 1542 890 tanti
1566 856 1698 903 talisque
1724 856 1861 892 concivis
1900 868 1953 890 sn-

1202 906 1342 952 scepisse
1369 905 1570 951 dignoscitur
1596 905 1797 946 adiectivum,
1825 918 1860 940 ac
1901 917 1954 939 ve-

1204 954 1351 989 nerabilis
1382 954 1571 988 Sanctorum
1619 963 1730 990 coetus
1768 954 1884 1001 gaudio
1923 963 1951 988 et

1203 1004 1397 1038 exultatione
1436 1002 1580 1037 refloreat
1602 1003 1640 1037 de
1668 1016 1746 1038 nova
1775 1004 1952 1050 dignissimi

1203 1052 1396 1088 adhibitione
1419 1052 1584 1087 consortis.
1608 1051 1734 1098 Exurge
1757 1054 1861 1100 itaque
1884 1065 1956 1087 con-

1204 1103 1251 1137 cio
1275 1102 1413 1136 lidelium
1439 1113 1619 1145 numerosa,
1642 1101 1784 1148 exurgite
1807 1101 1879 1136 fidei
1903 1114 1955 1136 ze-

1204 1152 1329 1192 latores,
1369 1159 1400 1185 et
1449 1163 1510 1185 una
1551 1162 1621 1184 curn
1665 1151 1774 1185 eadem
1811 1150 1954 1185 Ecclesia

1205 1201 1305 1235 laudis
1333 1200 1438 1235 uberis
1460 1200 1614 1247 hymnum
1634 1200 1804 1234 concinite:
1834 1199 1957 1247 perfun-

1204 1250 1318 1284 dantur
1360 1249 1460 1283 imbre
1503 1249 1632 1296 copioso
1679 1249 1814 1284 laetitiae
1856 1257 1955 1284 vestra

1205 1299 1402 1346 praecordia,
1425 1308 1454 1333 et
1482 1297 1641 1333 foecundo
1678 1312 1747 1333 rore
1774 1298 1955 1333 dulcedinis

1204 1361 1313 1383 areana
1344 1349 1482 1396 pectoris
1509 1347 1702 1394 repleantur,
1737 1349 1776 1383 de
1809 1355 1892 1383 tanta
1927 1356 1956 1382 et

1207 1407 1266 1432 tam
1288 1397 1426 1445 potentis
1448 1405 1478 1432 et
1500 1397 1616 1443 egregii
1653 1397 1806 1445 principis
1844 1396 1956 1432 exalta·

1206 1448 1290 1482 tione
1323 1446 1459 1488 terreni,
1496 1447 1563 1493 spei
1604 1446 1780 1481 tutissimae
1817 1446 1957 1493 plenitu-

1205 1496 1277 1531 dine
1301 1504 1540 1543 praeconcepta,
1567 1494 1653 1542 quod
1677 1495 1770 1530 uobis
1806 1496 1845 1530 de
1877 1507 1957 1530 con-

1205 1545 1319 1592 digena
1368 1554 1566 1580 terrenorum
1602 1545 1808 1592 compatriota
1850 1545 1956 1580 coele-

1205 1596 1299 1629 stium
1324 1595 1382 1629 iam
1406 1594 1548 1634 effectus,
1583 1593 1668 1641 apud
1702 1593 1820 1630 aeterni
1856 1593 1958 1629 Patris

1207 1643 1319 1678 Filium
1343 1643 1452 1679 efficax
1480 1652 1632 1691 patronus
1649 1644 1797 1688 accrevit,
1824 1644 1877 1690 qui
1902 1656 1958 1689 pro

1205 1694 1317 1728 salutis
1344 1702 1469 1729 nostrae
1498 1693 1690 1740 profectibus
1726 1693 1785 1728 iam
1822 1692 1852 1727 iu
1888 1693 1958 1727 eius

1207 1743 1381 1790 praesentia
1395 1744 1527 1790 positus,
1541 1743 1666 1777 solertis
1679 1751 1802 1777 exercet
1819 1741 1955 1776 officium

1206 1793 1349 1827 oratoris.
1367 1792 1466 1828 Porro
1489 1792 1559 1839 quis
1581 1801 1685 1839 posset
1707 1791 1813 1839 amplo
1843 1791 1957 1826 famine

1208 1850 1408 1889 praepotens,
1436 1842 1507 1889 quis
1539 1842 1675 1876 disertus
1714 1840 1956 1889 quamtumlibet

1207 1900 1260 1926 aut
1286 1892 1483 1938 eloquentiae
1522 1891 1622 1926 nitore
1660 1903 1842 1935 coruscans,
1876 1890 1960 1925 suffi—

1207 1942 1326 1976 cienter
1372 1941 1548 1988 exprimere
1597 1941 1755 1988 praecelsa
1786 1939 1959 1975 sanctitatis

1208 1990 1353 2038 insignia,
1367 1999 1398 2025 et
1425 1991 1636 2037 multiplicum
1659 1990 1873 2025 excellentiam
1897 2001 1960 2024 me-

1209 2041 1352 2081 ritorum,
1376 2040 1494 2087 quibus
1520 2040 1557 2074 B.
1582 2039 1762 2075 Ludovicus
1784 2039 1960 2087 praedictus

1208 2090 1238 2124 in
1262 2091 1353 2125 terris
1372 2090 1565 2124 constitutus
1583 2089 1710 2131 effulsit,
1733 2101 1803 2123 cun·
1821 2101 1858 2123 eo
1872 2088 1960 2135 plura

1208 2139 1246 2174 de
1270 2140 1368 2187 ipsius
1396 2139 1607 2174 laudabilibus
1634 2139 1758 2174 actibus
1796 2137 1959 2173 referenda

1208 2201 1241 2223 se
1270 2189 1412 2233 offerant,
1440 2201 1503 2236 quo
1528 2189 1615 2236 plura
1638 2188 1779 2224 calamus
1801 2187 1960 2234 exprimit,

1209 2238 1353 2286 pandunt
1390 2238 1481 2283 labia,
1509 2238 1614 2284 lingua
1653 2237 1791 2286 pangit?
1829 2236 1892 2273 Sed
1921 2249 1959 2271 ne

1209 2291 1349 2336 ipsorum
1372 2295 1499 2323 actuum
1523 2288 1648 2323 claritas
1669 2287 1730 2323 suh
1770 2287 1881 2322 nubilo
1919 2285 1962 2321 la-

1210 2347 1283 2379 teat,
1311 2345 1341 2373 et
1364 2338 1504 2373 tenebris
1526 2337 1714 2382 obducatur,
1736 2337 1868 2384 dignum
1901 2335 1960 2370 du-

1208 2388 1325 2429 ximus,
1349 2397 1382 2423 ut
1404 2388 1443 2422 de
1472 2388 1533 2423 illis
1571 2387 1675 2435 aliqua
1719 2399 1825 2422 sermo
1855 2394 1961 2421 noster

1208 2438 1323 2485 aperiat
1361 2446 1391 2472 et
1423 2437 1556 2474 deducat
1603 2436 1632 2471 iu
1668 2436 1826 2485 publicam
1863 2437 1962 2471 notio-

1208 2500 1294 2522 nem.

1257 2539 1277 2585 g
1307 2541 1336 2571 t.
1366 2536 1425 2571 Hic
1450 2538 1590 2585 profecto
1619 2537 1813 2572 clarissimus
1835 2547 1961 2582 genere,

1207 2588 1352 2623 sublimis
1375 2588 1525 2633 potentia,
1549 2587 1750 2622 facultatibus
1778 2586 1962 2633 opulentus,

1208 2638 1388 2685 praecelsus
1419 2637 1600 2680 virtutibus,
1641 2637 1781 2671 moribus
1813 2636 1961 2684 elegans,

1966 258 2014 284 An.
2034 257 2062 283 C.
2078 257 2144 283 ¹297

1990 2558 2093 2580 Nona-itta
2135 2558 2160 2578 do

1977 2594 2023 2613 eius
2049 2589 2161 2611 vtruutbus
2273 2605 2274 2619 χ

1977 2622 2062 2644 delibat.
2273 2623 2274 2630 ¹
