2274 3265
251 240 293 266 -Κιι,

278 300 289 313 a.

314 240 340 265 C.
361 240 425 266 1356

258 2477 286 2497 De
327 2483 405 2504 expetis
397 2480 424 2498 ις

244 2509 370 2529 tridentium
384 2511 425 2529 εῖι

246 2544 250 2559 ι
260 2541 320 2560 .ndl.

493 229 561 259 wo

440 305 547 326 eorum
571 291 785 325 consuluerint
808 291 853 325 eis
885 291 968 325 dari:
1008 291 1084 338 ipsis
1116 303 1187 324 vero

439 341 611 385 guardiano
634 348 663 373 ct
689 340 809 380 lectori,
839 352 874 375 ac
900 341 969 375 aliis
983 340 1128 375 fratribus
1149 340 1187 373 de

440 390 570 425 consilio
607 391 636 424 in
676 390 787 424 virtute
828 398 951 424 sanctae
990 389 1187 424 obedientiae

441 440 645 486 iniungimus,
673 448 704 473 ut
728 439 910 486 perhibeant
933 439 1023 473 lidele
1046 439 1186 473 testimo-

441 490 526 523 nium
562 488 679 524 veritati
716 489 754 523 dc
782 488 962 523 huiusmodi
991 489 1184 522 studentium

439 539 687 579 conversatione,
716 539 853 585 prosectu
878 547 907 573 ct
935 538 1068 575 ‹lt-fectu,
1091 546 1120 570 et
1147 537 1185 570 dc

439 588 571 622 assiduis
607 587 653 621 vel
690 600 750 622 non
789 588 924 623 assiduis
958 587 1134 621 scholarum
1158 594 1186 621 et

439 646 567 672 actuum
590 637 849 672 scholasticorum
872 637 1018 672 exercitio
1044 649 1098 671 seu
1134 647 1186 670 se-

439 687 548 734 quela:
563 687 696 722 ministri
710 695 811 722 autem
828 700 936 722 eorum
952 687 1036 733 ipsos
1054 686 1186 720 lectores

440 750 500 772 non
520 737 692 778 instituant,
716 737 773 771 nisi
797 736 949 771 laudabile
972 735 1184 769 testimonium

439 799 495 833 per
534 786 662 821 modum
696 786 921 833 praescriptum
962 785 1111 832 recipiant
1148 784 1186 818 de

438 835 568 870 eisdem.
589 835 634 870 Ne
656 843 758 870 autem
779 848 856 870 nova
879 835 1016 869 cuiusvis
1038 834 1186 869 doctrinm

438 897 531 932 opera
560 897 615 932 per
642 884 749 919 fratres
782 885 882 931 ipsius
917 883 1036 918 ordinis
1063 884 1185 918 incaute

440 934 485 967 ul
510 934 688 989 periculose
707 934 929 968 communicari
963 941 1015 967 aut
1032 932 1184 980 publicari

437 984 610 1029 contingat,
654 982 794 1018 districte
832 983 1057 1030 praecipimus,
1101 983 1185 1029 qnod

438 1045 552 1067 novum
580 1044 659 1079 opus
686 1032 908 1078 theologicum,
943 1032 1109 1066 iuridicnm
1140 1032 1185 1066 vel

439 1081 705 1129 philosophicum,
714 1081 953 1116 scilicetlibtum
969 1081 1186 1125 senlibellum,

439 1144 609 1175 summam,
627 1131 863 1178 compendium,
879 1131 1047 1178 postillam,
1064 1132 1187 1177 exposi-

439 1182 552 1226 tiones,
567 1181 698 1227 glossas,
708 1189 883 1219 tractatum,
901 1181 948 1215 vel
967 1180 1185 1215 collectionem

437 1243 492 1265 seu
514 1229 770 1278 compilationem
805 1231 1024 1278 quaestionum
1050 1231 1094 1265 vel
1127 1243 1188 1264 sei-

439 1292 568 1314 monum
604 1293 619 1315 a
648 1292 850 1327 quocumque
885 1280 974 1314 fuerit
1005 1280 1107 1315 editus
1141 1280 1185 1314 vel

438 1329 520 1364 edita
547 1342 602 1364 seu
629 1330 759 1369 editum,
782 1329 887 1364 nullus
910 1329 1002 1364 frater
1027 1329 1095 1364 sine
1117 1329 1188 1363 sub-

438 1379 554 1426 scripto
575 1379 732 1423 examine,
759 1391 793 1413 ac
828 1379 960 1413 ministri
997 1388 1026 1413 et
1058 1378 1185 1426 capituli

438 1428 593 1483 generalis
632 1429 719 1475 prius
754 1428 879 1463 obtenta
902 1428 1024 1463 licentia
1046 1428 1187 1476 speciali,

440 1478 517 1512 intra
539 1477 586 1512 vel
613 1485 696 1512 extra
720 1477 871 1512 Ordinem
905 1477 1074 1524 publicare,
1097 1490 1186 1512 com-

440 1527 598 1576 municare
632 1527 679 1562 vel
701 1527 826 1574 copiare
849 1535 1041 1574 praesumat:
1070 1527 1094 1561 si
1117 1527 1188 1574 quis

438 1585 542 1611 autem
566 1576 623 1611 hoc
642 1584 792 1611 attentare
813 1577 1068 1623 praesumpserit,
1091 1589 1189 1610 omni-

440 1627 498 1661 hus
524 1626 718 1661 scholasticis
750 1634 780 1660 et
808 1626 953 1672 legitimis
986 1626 1106 1660 artibus
1153 1638 1188 1659 ac

440 1688 496 1710 usn
520 1675 669 1710 librorum
694 1688 727 1709 se
757 1676 875 1710 noverit
911 1676 979 1722 ipso
1015 1676 1093 1710 l'acto
1124 1675 1188 1710 fore

440 1726 605 1772 privatum.
625 1724 778 1760 Praedicti
801 1733 904 1760 autem
928 1725 1032 1772 operis
1052 1737 1184 1759 examen

440 1775 488 1809 liat
513 1787 567 1822 per
592 1782 727 1822 quatuor
760 1774 868 1810 fratres
900 1774 1039 1809 eiusdem
1060 1775 1189 1810 Ordinis

439 1825 467 1858 in
491 1824 666 1871 theologica
690 1824 833 1859 lacultate
863 1824 1030 1872 magistros
1056 1824 1093 1859 ad
1130 1825 1188 1859 hoc

440 1886 534 1920 per„
516 1874 660 1909 trenerale
683 1873 856 1920 capitulum
880 1874 1057 1922 specialiter
1084 1874 1122 1908 de
1112 1887 1189 1922 pn-

439 1931 528 1963 tatos,
557 1924 610 1971 qui
632 1923 670 1958 ad
699 1922 867 1969 diligenter
889 1924 1122 1971 inspiciendum
1158 1931 1186 1958 et

438 1973 685 2008 examinandum
709 1985 787 2007 nova
810 1973 992 2008 huiusmodi
1013 1986 1105 2020 opera
1122 1986 1190 2008 exa-

439 2024 515 2056 mini
540 2035 650 2058 eorum
673 2023 852 2062 commissa,
875 2031 905 2057 et
931 2023 968 2057 ad
990 2023 1123 2057 fideliter
1146 2035 1190 2057 re-

438 2072 598 2107 ferendum
629 2085 683 2119 per
714 2071 922 2107 obedientiam
958 2072 1187 2118 astringantur,

437 2123 555 2169 quique
577 2122 732 2169 completo
749 2123 902 2163 examine,
926 2134 981 2169 per
1003 2134 1047 2162 se,
1064 2122 1109 2156 vel
1136 2134 1190 2168 per

437 2171 541 2206 literas
562 2172 697 2218 generali
723 2172 867 2207 ministro
908 2181 939 2206 et
960 2171 1097 2218 generali
1131 2183 1189 2206 ca—

438 2221 537 2268 pitulo
565 2221 692 2265 referre,
715 2233 796 2268 qnae
823 2221 1048 2269 approbatione
1072 2220 1117 2255 vel
1135 2222 1190 2255 im·

438 2271 621 2318 probatione
656 2271 749 2318 digna
786 2271 970 2319 repererint,
1002 2278 1187 2306 teneantur:

437 2333 569 2368 quorum
599 2321 708 2356 relatio
735 2329 764 2355 et
795 2320 977 2368 approbatio
1000 2320 1046 2355 vel
1070 2320 1188 2368 impro-

439 2371 521 2405 batio
549 2370 578 2405 in
606 2370 694 2405 libris
719 2370 849 2406 Ordinis
876 2371 1090 2417 registrentnr.

487 2420 586 2466 515.
626 2420 819 2455 Ordinamus
853 2420 971 2465 etiam,
1007 2419 1091 2467 quod
1135 2432 1188 2474 pro

441 2470 602 2517 principiis
641 2470 862 2517 magistrorum
895 2470 969 2505 dicti
1001 2469 1129 2504 Ordinis
1158 2481 1188 2503 in

440 2519 604 2565 theologia,
633 2520 678 2555 vel
697 2520 938 2555 baccalariorum
951 2519 1151 2554 Sententias
1146 2532 1189 2553 ιιι-

441 2568 632 2613 choantium,
669 2581 722 2603 sen
752 2570 916 2604 occasione
937 2582 1044 2604 eorum
1069 2569 1189 2616 princi-

442 2617 579 2663 piorum,
603 2630 663 2652 non
687 2619 865 2665 expendant
890 2620 920 2653 in
944 2619 1022 2653 cibis
1045 2618 1090 2653 vel
1114 2618 1190 2665 poti-

1036 236 1218 258 inminutum
1249 234 1408 256 thANtiat

1228 290 1297 331 bns,
1323 288 1380 322 nisi
1398 288 1492 322 semel
1505 288 1663 322 dumtaxat
1675 296 1825 335 quantum
1842 289 1974 324 sufficiat

1229 351 1283 383 pro
1320 350 1380 371 nna
1409 337 1565 371 moderata
1599 337 1768 372 refectione
1803 347 1974 373 conventus

1228 387 1297 425 loci,
1326 387 1355 420 in
1392 399 1454 433 quo
1490 386 1563 420 lient
1588 386 1768 421 huiusmodi
1800 388 1973 435 principia;

1227 437 1340 471 caeteri
1355 449 1426 470 vero
1442 436 1616 475 baccalarii,
1646 436 1778 471 lectores
1798 443 1851 470 ant
1866 449 1975 473 cursus

1228 488 1256 519 in
1274 486 1372 520 Biblia
1387 486 1547 530 facientes,
1565 498 1618 519 seu
1637 486 1738 531 quivis
1751 485 1976 521 aliistndentes

1227 544 1286 570 tam
1311 536 1439 569 Parisiis
1454 548 1547 582 quam
1567 536 1596 569 in
1614 534 1683 569 aliis
1710 535 1910 581 generalibus
1929 537 1975 570 vel

1227 585 1468 632 particularibus
1486 585 1599 619 studiis
1622 598 1678 632 pro
1711 585 1797 619 nullo
1820 586 1976 632 principio

1228 634 1272 669 vel
1296 643 1366 669 actu
1389 635 1576 669 scholastico
1611 647 1668 669 suo
1698 635 1742 669 vel
1762 634 1864 669 alieno
1886 635 1977 682 quic-

1226 697 1319 731 quam
1347 684 1538 731 expendant.

1274 734 1294 780 ἓ
1317 736 1373 767 lli.
1390 734 1497 774 Porro,
1516 734 1585 781 quia
1604 733 1743 769 nonnulli
1760 734 1976 770 diction-dinis

1228 783 1367 817 habitum
1392 783 1553 830 religionis
1568 783 1709 819 eiusdem
1725 793 1885 830 gestantes
1898 813 1906 825 ,
1922 785 1975 819 sed

1227 846 1240 866 a
1266 834 1399 879 puritate
1422 846 1456 868 ac
1472 834 1698 868 communitate
1715 834 1813 881 ipsius
1832 835 1978 869 receden-

1228 890 1284 927 tes,
1301 892 1486 929 procurante
1508 892 1609 918 satore
1623 883 1789 924 malorum,
1805 884 1864 918 sub
1877 885 1977 919 simu-

1228 931 1285 966 lata
1313 932 1445 979 quadam
1474 933 1647 967 sanctitatis
1686 933 1790 980 specie
1817 934 1978 968 damnatas

1229 992 1282 1026 per
1317 990 1547 1017 sacrosanctam
1580 982 1754 1017 Romanam
1806 982 1976 1018 Ecclesiam

1228 1030 1372 1066 haereses
1389 1031 1609 1078 dogmatizare,
1620 1031 1979 1078 praedicare,defendere

1227 1089 1254 1114 et
1270 1081 1445 1128 approbare
1461 1088 1679 1128 praesumunt,
1694 1093 1813 1128 suaque
1826 1081 1978 1125 doctrina,

1226 1136 1254 1164 et
1293 1131 1525 1177 praedicatione
1568 1130 1719 1176 sacrilega
1755 1138 1785 1165 et
1833 1142 1978 1177 perversa

1227 1180 1322 1214 corda
1349 1180 1542 1227 simplicium
1579 1179 1801 1214 damnabiliter
1836 1192 1979 1215 corrum-

1227 1241 1301 1275 pere
1317 1237 1345 1263 et
1360 1230 1529 1277 depravare
1547 1237 1714 1268 conantur
1737 1229 1878 1264 districte
1905 1242 1979 1276 prte-

1227 1291 1374 1324 cipimus,
1411 1287 1442 1313 ut
1469 1287 1574 1313 contr-i
1604 1279 1679 1313 tales
1702 1287 1732 1313 et
1758 1291 1978 1334 quoscumque

1227 1328 1303 1361 alios
1330 1327 1403 1362 dicti
1425 1328 1556 1363 Ordinis
1579 1328 1699 1369 fratres,
1716 1329 1767 1375 qni
1792 1329 1861 1363 talia
1885 1328 1979 1364 verbo

1229 1377 1274 1411 vel
1302 1377 1418 1424 scripto
1454 1379 1734 1425 praesumpserint,
1767 1379 1850 1412 sicut
1871 1386 1978 1412 contra

1228 1426 1401 1461 haereticos
1445 1427 1550 1461 debite
1586 1427 1795 1474 procedatur,
1836 1435 1866 1461 et
1896 1440 1979 1462 con—

1228 1484 1270 1510 tra
1300 1476 1454 1515 fautores,
1483 1476 1662 1511 defensores
1698 1485 1727 1511 et
1770 1484 1979 1524 receptatores

1228 1538 1335 1559 eorum
1378 1525 1503 1572 procedi
1545 1526 1657 1560 debeat
1693 1526 1776 1560 iuxta
1812 1527 1979 1561 canonicas

1228 1575 1424 1609 sanctiones:
1455 1576 1527 1609 illos
1553 1576 1658 1614 etiam,
1685 1576 1737 1622 qui
1765 1576 1831 1610 ausi
1862 1576 1979 1610 fuerint

1228 1624 1415 1664 doctrinam,
1444 1624 1630 1670 positionem
1648 1625 1692 1659 vel
1716 1625 1898 1671 opinionem
1923 1637 1979 1672 per

1228 1674 1341 1708 dictam
1351 1674 1525 1708 Ecclesiam
1542 1674 1739 1721 reprobatam
1755 1673 1881 1719 docere,
1896 1687 1978 1722 prae-

1228 1723 1345 1767 dicare,
1373 1723 1542 1758 defendere
1569 1724 1614 1758 vel
1638 1723 1824 1770 approbare,
1847 1732 1899 1758 aut
1924 1737 1978 1772 per

1228 1773 1371 1807 eamdem
1392 1773 1565 1808 Ecclesiam
1584 1773 1785 1820 approbatam
1802 1775 1978 1820 reprobare,

1228 1822 1499 1857 animadversione
1522 1824 1670 1857 canonica
1695 1823 1897 1858 decernimus
1920 1836 1979 1871 pu-

1230 1873 1373 1907 niendos.
1404 1872 1584 1908 Districtius
1611 1872 1702 1907 etiam
1728 1873 1919 1912 inhibemus,
1941 1886 1978 1907 ne

1228 1922 1300 1968 quis
1325 1922 1451 1956 fratrum
1485 1922 1559 1957 dicti
1580 1922 1710 1957 Ordinis
1734 1923 1916 1969 opinionem
1940 1923 1979 1956 de

1231 1972 1289 2006 lide
1313 1972 1357 2006 vel
1377 1972 1518 2006 moribus
1545 1980 1737 2019 suspectam,
1760 1980 1812 2006 aut
1835 1985 1889 2019 per
1910 1984 1979 2006 ma-

1228 2022 1343 2067 gistros
1362 2033 1468 2055 sacrae
1497 2022 1670 2067 theologiae
1693 2022 1906 2056 communiter
1930 2034 1978 2056 re-

1230 2071 1390 2117 probatam
1414 2071 1635 2117 dogmatizare,
1660 2072 1849 2117 praedicare,
1868 2071 1978 2105 desen-

1229 2121 1302 2155 dere
1333 2120 1378 2154 vel
1413 2121 1587 2167 approbare
1616 2129 1811 2167 praesumat,
1846 2120 1978 2168 quibus-

1228 2182 1364 2216 cumque
1381 2170 1527 2204 fratribus
1538 2170 1610 2204 dicti
1625 2170 1765 2211 Ordinis,
1777 2170 1830 2218 qui
1841 2171 1975 2218 aliquem

1229 2219 1369 2253 eiusdem
1393 2219 1523 2254 Ordinis
1549 2220 1699 2254 sciverint
1726 2220 1772 2254 vel
1801 2220 1977 2254 audiverint

1229 2269 1297 2303 talia
1315 2269 1491 2313 facientem,
1509 2270 1538 2303 in
1563 2269 1674 2303 virtute
1689 2279 1814 2304 sanctae
1830 2269 1977 2304 obedien-

1229 2319 1287 2353 tiae
1316 2319 1525 2364 iniungentes,
1557 2328 1588 2353 ut
1619 2319 1778 2366 quamcito
1811 2319 1974 2354 commode

1230 2375 1388 2414 poterunt,
1412 2376 1502 2415 prout
1530 2381 1563 2403 ea
1593 2369 1801 2416 perceperint,
1824 2369 1975 2416 superiori

1230 2418 1329 2473 ipsius
1351 2418 1487 2452 debeant
1510 2418 1665 2474 intimare,
1688 2420 1741 2465 qni
1772 2427 1843 2454 aute
1870 2419 1974 2454 omnia

1228 2469 1255 2501 ei
1279 2468 1420 2503 districte
1445 2469 1624 2524 piaecipiat,
1648 2481 1685 2503 ne
1703 2469 1772 2503 talia
1797 2469 1904 2503 recitet
1929 2469 1973 2502 vel

1229 2526 1370 2557 attentet,
1398 2518 1526 2551 donec
1522 2530 1649 2564 insuper
1675 2519 1719 2552 eis
1749 2519 1840 2566 plene
1863 2518 1976 2553 veritas

1229 2569 1267 2601 sit
1289 2568 1450 2602 discussa:
1481 2580 1536 2614 pro
1563 2568 1653 2602 cuius
1680 2568 1876 2603 discussione
1891 2568 1973 2602 idem

1229 2618 1369 2664 superior
1391 2616 1428 2651 ad
1443 2617 1567 2663 aliquod
1584 2617 1621 2651 de
1638 2617 1839 2653 ticinioribns
1853 2617 1975 2652 Studiis

1991 235 2029 261 Αιι
2063 236 2090 262 C.
2108 237 2172 263 1356

2004 744 2113 764 Decretum
2125 751 2173 764 enn—

1991 780 2023 796 tra
2050 775 2174 796 francono-

1991 813 2034 827 rum
2063 811 2173 832 sequaces.
