2274 3265
109 265 157 291 An.
177 265 204 291 C.
223 266 287 291 1310

119 571 236 592 Estensmm
253 573 282 591 vis

139 2156 266 2175 Venetorum

149 2188 258 2207 violentia*

934 257 1077 279 (affinitas
1106 257 1120 277 V
1152 256 1197 277 PP-

305 318 383 363 legia
414 325 444 350 et
484 326 619 362 regestra
656 325 685 349 et
721 314 833 348 librum
867 311 1047 347 censualem

305 367 445 401 eiusdem
471 365 629 401 Romanae
653 363 825 405 Ecclesiae,
847 371 876 397 et
900 375 947 404 ea,
967 373 1048 407 quae

306 416 480 459 continent,
504 428 572 450 vera
595 427 662 449 esse
681 421 711 447 et
734 412 925 450 indubitata;
948 420 976 443 et
992 410 1049 453 eis,

306 473 457 512 quantum
486 465 523 499 ad
553 477 609 499 nos
635 463 755 501 attinet,
790 461 894 500 fidem,
923 459 1049 494 nomine

306 527 368 562 quo
395 527 504 561 supra,
538 513 707 561 plenariam
740 510 937 545 adhibemus.
972 508 1047 543 ltcm

308 564 490 612 profitemur
516 571 546 599 et
577 561 788 608 agnoscimus,
818 559 901 607 quod
926 572 980 605 pro
1013 571 1050 593 eo

307 623 458 660 tempore,
486 625 547 660 quo
574 612 654 646 dicta
682 610 802 653 civitas,
829 609 997 643 comitatus
1021 617 1051 643 et

305 664 463 698 districtus
485 662 582 709 ipsius
605 660 732 695 suerunt
758 659 818 694 sub
840 671 932 694 manu
952 670 1051 706 quon-

304 713 374 748 dam
398 712 614 747 marchionum
637 710 745 744 Esten.
761 737 769 747 ,
792 721 853 744 non
878 708 1050 756 voluntarie

303 763 501 808 subfuerunt,
523 760 642 796 eisdem
671 759 894 801 obediverunt,
915 766 969 792 aut
996 771 1050 792 eo-

304 825 372 847 rum
395 812 570 846 dominium
593 810 633 844 de
659 809 739 843 sacto
761 817 967 855 agnoverunt,
994 808 1048 842 sed

303 875 361 909 per
387 861 565 896 violentiam
593 868 623 894 et
651 869 770 894 metum
794 858 903 893 mortis
925 867 955 893 ct
977 870 1049 892 cru-

302 912 402 946 ciatus
435 922 619 957 corporum,
653 909 770 955 (cluilius
805 908 949 942 resistere
989 921 1048 941 non

304 969 473 1008 potuerunt
493 968 620 1007 propter
638 959 768 993 {niniam
791 958 951 992 saevitiam
972 957 1051 1004 ipso-

303 1024 372 1046 rum
400 1019 431 1045 et
458 1010 660 1057 tyramnieam
681 1016 881 1055 potestatem:
912 1007 966 1041 sed
995 1020 1050 1041 su-

302 1060 463 1106 spirabant
485 1068 514 1093 et
536 1058 705 1105 gemebant
728 1057 786 1091 sul)
809 1057 965 1091 indebitae
988 1069 1050 1091 ser-

304 1111 408 1144 vitutis
443 1109 543 1153 mole,
577 1109 751 1155 aspirantes
778 1115 808 1141 et
834 1106 1049 1141 desiderantes

303 1172 374 1193 cum
411 1158 519 1193 multis
546 1157 716 1203 gemitibus
749 1156 852 1190 videre
889 1165 1074 1208 tempora,'

303 1222 382 1256 quae
405 1221 489 1243 nunc
511 1208 628 1247 vident,
659 1206 803 1241 videlicet
826 1205 910 1252 quod
933 1205 971 1238 ad
1001 1218 1052 1238 na-

305 1259 403 1293 turale
424 1257 599 1292 dominium
628 1257 764 1291 Sanctae
798 1255 959 1289 Romanae
995 1255 1051 1289 Ec-

303 1308 416 1343 clesiae
438 1308 586 1350 redirent,
608 1306 667 1340 sub
690 1317 762 1339 vero
789 1304 932 1339 dominio
955 1305 1051 1350 ipsius

303 1368 333 1392 et
360 1358 513 1403 regimine
535 1364 720 1401 regerentur
741 1363 770 1388 et
792 1353 1050 1392 defenderentur,

303 1421 318 1442 a
335 1415 548 1454 tyramnorum
574 1405 804 1452 impressionis,
822 1404 1052 1451 persecutionis

303 1465 332 1492 et
361 1456 574 1504 usurpationis
597 1456 738 1490 molestia
766 1454 899 1488 liberati:
928 1454 980 1501 qni
1005 1462 1051 1502 ty-

304 1506 403 1541 ramni
446 1518 549 1553 neque
587 1506 764 1540 centenaria
806 1504 1052 1551 praescriptione

303 1556 475 1603 quidquam
498 1555 537 1590 de
561 1555 628 1590 iure
650 1555 783 1590 Sanctae
811 1553 972 1588 Romanae
996 1553 1053 1588 Ec-

304 1606 417 1641 clesiae
449 1605 627 1642 diminuere
664 1612 855 1652 potuerunt,
897 1616 934 1637 eo
967 1604 1050 1650 quod

305 1656 471 1704 tyramnica
487 1664 517 1690 et
540 1655 671 1690 violenta
691 1654 848 1702 possessio
870 1662 954 1689 caret
971 1653 1052 1688 bono

306 1706 462 1753 principio
489 1714 519 1740 et
553 1705 669 1745 medio,
698 1718 752 1751 per
773 1704 856 1751 quod
888 1703 1053 1738 concludi-

305 1764 356 1790 tur
382 1754 466 1803 quod
489 1764 519 1790 et
547 1755 625 1793 line;
653 1754 724 1789 licet
747 1766 806 1789 nec
829 1762 954 1801 tempus
976 1766 1053 1788 cen-

306 1814 371 1840 tum
387 1817 553 1845 annorum,
568 1807 665 1839 imino
680 1805 771 1839 etiam
788 1816 844 1838 uec
859 1804 1052 1850 septuaginta

305 1855 495 1895 defluxerit,
533 1867 588 1902 per
621 1854 705 1902 quod
741 1854 790 1888 ius
816 1862 846 1888 et
879 1853 1053 1887 dominium

305 1906 439 1941 Sanctae
465 1905 627 1940 Romanae
655 1904 816 1939 Ecclesiae
839 1904 990 1938 intactum
1009 1912 1056 1938 est

307 1964 337 1990 et
368 1955 468 1990 extitit
500 1967 536 1989 ac
564 1954 721 1997 illaesum,
749 1963 781 1988 ut
808 1962 882 1988 tunc
915 1962 944 1987 et
972 1966 1056 1987 nunc

307 2015 337 2040 et
377 2005 479 2039 medio
514 2013 654 2052 tempore
693 2004 867 2039 dominium
904 2003 1054 2037 illibatum

308 2055 407 2102 ipsius
429 2054 590 2089 Ecclesiae
616 2062 664 2089 est
691 2062 720 2088 et
743 2053 810 2088 fuit.

356 2104 376 2152 g
411 2107 442 2138 7.
480 2103 596 2139 Verum
633 2104 834 2150 omnipotens
871 2102 973 2146 Deus,
1005 2103 1056 2149 qui

309 2167 367 2189 suo
393 2154 454 2189 alto
481 2154 611 2188 consilio
640 2154 679 2188 de
703 2153 784 2187 malo
818 2153 933 2187 bonum
962 2152 1058 2196 elicit,

310 2216 365 2251 pro
386 2216 442 2239 sua
464 2202 579 2238 Sancta
602 2203 742 2238 Romana
772 2202 923 2240 Ecclesia,
945 2211 975 2235 et
1004 2215 1059 2249 pro

311 2253 418 2291 nobis,
451 2254 613 2288 communi
650 2262 680 2288 et
708 2253 825 2300 populo
858 2251 1059 2291 Ferrarium,

310 2304 348 2338 iis
380 2302 492 2337 diebus
523 2313 670 2349 operatus
705 2312 752 2336 est
778 2302 929 2348 magnalia
965 2301 1060 2335 hene-

310 2353 415 2387 dictus
454 2351 542 2398 lpse,
581 2365 651 2386 nam
696 2352 884 2386 Venetorum
926 2351 1061 2398 populus

310 2409 513 2450 quaerentes,
536 2414 616 2448 quae
643 2414 699 2436 sua
727 2414 787 2435 non
817 2411 892 2435 sunt
920 2413 977 2434 nee
1001 2400 1062 2435 sue-

311 2460 384 2486 runt
417 2464 474 2486 nec
501 2460 609 2495 erunt,
637 2451 733 2485 moliti
758 2458 832 2485 sunt
854 2451 891 2485 iis
905 2450 1017 2485 diebus
1032 2451 1060 2483 in

313 2501 464 2548 populum
499 2500 750 2544 Ferrariensem,
772 2501 924 2535 civitatem
953 2508 982 2534 et
1013 2500 1064 2533 di-

311 2551 467 2591 strictum,
491 2558 523 2584 ut
545 2551 647 2597 ipsum
673 2550 719 2584 vel
748 2550 812 2597 ipsa
840 2550 972 2584 Sanctae
996 2549 1062 2584 Ro-

312 2613 422 2635 manae
450 2600 609 2635 Ecclesiae
643 2600 862 2635 subtraherent
896 2599 1063 2643 dominio,

312 2651 404 2686 cuius
433 2659 507 2686 sunt
532 2658 562 2686 et
590 2650 715 2685 suerunt
737 2657 767 2685 et
793 2660 920 2696 semper
950 2656 1063 2690 erunt,

1718 239 1786 270 2¹03

1094 310 1229 344 Domino
1244 309 1455 346 concedente,
1478 322 1512 341 ac
1534 319 1568 341 ea
1593 318 1646 353 per
1671 304 1836 339 turbulen-

1092 367 1152 393 tam
1183 358 1297 392 rabiem
1346 366 1374 391 (·.t
1410 357 1551 391 hostilem
1581 357 1743 390 incursum
1780 366 1836 388 suo

1093 409 1175 455 iugo,
1200 409 1282 454 igne,
1304 407 1417 452 gladio,
1441 406 1534 440 caede
1557 418 1591 439 ac
1626 404 1772 439 incendio
1795 404 1836 437 iu-

1092 457 1226 492 serentes
1250 456 1351 494 nohis,
1379 464 1409 488 et
1431 455 1532 490 eidem
1562 454 1679 502 populo
1703 466 1757 500 per
1774 462 1837 487 ter—

1093 520 1156 541 ram
1185 515 1214 541 et
1252 518 1364 552 aquam
1406 505 1484 547 vim,
1521 504 1668 551 vivaeque
1706 514 1835 549 guerrae

1093 557 1278 595 molestiam,
1323 555 1558 601 manciparent,
1596 553 1649 587 sed
1691 560 1836 586 conatum

1094 607 1233 653 ipsorum
1263 604 1470 639 execrabilem
1501 603 1570 650 pius
1600 611 1630 636 et
1663 603 1839 636 misericors

1093 655 1178 691 Deus
1211 655 1248 690 ad
1273 655 1422 689 bonorem
1460 661 1610 695 vestrum,
1643 651 1839 686 sanctissime

1092 705 1196 746 Pater,
1220 714 1249 739 et
1275 705 1410 739 Sanctae
1433 702 1592 736 Romanae
1621 700 1780 736 Ecclesiae
1805 713 1840 735 ac

1094 755 1348 803 tranquillitatem
1386 761 1416 788 et
1452 764 1559 800 pacem
1599 751 1695 785 nostri
1734 751 1838 797 populi

1092 805 1286 849 Fet-rarien„
1314 804 1416 838 modis
1438 809 1467 836 et
1495 802 1551 835 viis
1573 801 1722 835 divinitus
1744 800 1841 846 inspi-

1094 855 1178 898 ratis,
1194 854 1356 889 convertit.
1384 853 1460 888 Nam
1491 852 1571 886 idem
1602 849 1736 896 populus
1763 848 1841 883 Fer-

1094 906 1218 949 rarien.,
1247 905 1299 951 qui
1324 904 1422 937 multo
1446 910 1587 949 tempore
1615 900 1674 934 sub
1701 900 1842 947 tyrannis

1093 956 1195 1002 ipsum
1224 953 1429 988 tondentibus
1456 952 1666 988 obmutuerat,
1702 949 1772 996 quia
1806 960 1841 983 os

1092 1005 1212 1051 aperire
1236 1017 1296 1038 non
1321 1011 1451 1050 poterat,
1476 1014 1532 1036 nec
1554 1000 1706 1039 andebat3
1736 1007 1840 1046 tyran-

1093 1055 1141 1088 nis
1169 1055 1244 1100 ipsis
1276 1053 1439 1087 subductis
1461 1052 1500 1085 (le
1525 1050 1644 1092 medio,
1666 1049 1768 1082 statim
1792 1061 1842 1082 su-

1094 1104 1235 1150 pervenit
1265 1102 1455 1136 Venetorum
1493 1100 1641 1146 superbia
1683 1110 1754 1131 eum
1791 1097 1841 1131 fu-

1094 1165 1175 1193 rore,
1194 1152 1349 1187 adducere
1367 1151 1501 1185 moliens
1522 1149 1728 1184 calamitatem
1747 1159 1842 1192 super

1092 1203 1191 1248 capita
1229 1201 1335 1248 populi
1371 1200 1563 1243 Fei·i·arien.,
1591 1207 1621 1232 et
1647 1207 1709 1232 tam
1746 1196 1842 1230 vehe-

1094 1251 1206 1285 mentis
1232 1251 1391 1285 servitutis
1427 1249 1559 1288 molem,
1587 1247 1669 1295 quod
1707 1246 1843 1294 populus

1095 1301 1312 1340 Ferrariensis,
1342 1309 1374 1334 ut
1397 1298 1577 1334 huiusmodi
1607 1297 1731 1331 conatui
1756 1296 1843 1330 obsi-

1093 1359 1206 1395 steret,
1238 1359 1266 1385 et
1297 1351 1396 1397 ipsius
1432 1350 1570 1383 obviaret
1599 1346 1775 1394 principiis,
1808 1358 1843 1379 os

1095 1401 1198 1447 ipsum
1231 1402 1370 1448 oportuit
1399 1400 1536 1445 aperire,
1567 1406 1596 1431 et
1624 1397 1661 1431 ad
1690 1409 1743 1430 ros
1770 1408 1844 1430 san-

1093 1452 1267 1486 ctissimum
1285 1451 1421 1489 Patrem,
1438 1461 1543 1484 verum
1559 1448 1722 1482 dominum
1739 1459 1844 1489 suum,

1094 1513 1254 1536 recurrere
1276 1513 1312 1535 ac
1339 1501 1490 1535 clamare:
1510 1498 1609 1537 Abba,
1624 1498 1728 1536 Pater,
1751 1505 1783 1531 ut
1806 1497 1844 1530 de

1095 1552 1189 1587 tantis
1216 1550 1458 1586 necessitatibus
1481 1557 1511 1584 et
1533 1547 1788 1582 tribulationibus
1812 1546 1844 1580 li-

1096 1602 1216 1636 beraret
1243 1601 1384 1641 eosdem,
1407 1608 1436 1635 et
1458 1600 1497 1633 al)
1518 1611 1555 1632 eo
1584 1597 1740 1645 postulare
1767 1610 1845 1631 con-

1095 1660 1139 1686 tra
1162 1651 1353 1686 saevientem
1384 1650 1499 1685 rabiem
1522 1649 1712 1683 Venetorum
1736 1648 1846 1682 defen-

1095 1702 1193 1736 sionis
1208 1702 1365 1749 clypeum,
1382 1709 1412 1734 ut
1429 1707 1593 1745 exurgeret
1608 1699 1637 1733 in
1653 1698 1844 1733 adiutorium

1095 1760 1202 1787 contra
1225 1763 1369 1798 guerram
1394 1750 1584 1784 Venetorum
1615 1749 1751 1787 illatam,·
1773 1749 1845 1796 quia

1099 1803 1235 1849 populus
1269 1801 1480 1836 Ferrariensis
1519 1812 1573 1846 per
1610 1812 1642 1833 se
1679 1800 1771 1833 etiam
1808 1799 1845 1833 ad

1098 1852 1259 1887 modicum
1294 1860 1418 1897 tempus
1445 1849 1586 1885 sufficere
1619 1862 1678 1883 non
1715 1849 1845 1883 valebat.

1098 1902 1162 1937 Vos
1196 1910 1322 1944 autem,
1356 1901 1449 1935 Pater
1488 1900 1706 1943 sanctissime,
1741 1899 1847 1946 populi

1099 1953 1190 1987 vestri
1213 1951 1388 1986 Ferrarien.
1417 1963 1512 1998 super
1534 1949 1728 1984 exhibitione
1757 1961 1848 1995 prae—

1099 2002 1172 2036 sidii
1196 2014 1232 2037 ac
1254 2013 1425 2036 succursus
1447 2008 1553 2035 eontra
1577 1998 1727 2043 Venetos,
1744 1999 1847 2033 statim

1101 2052 1199 2086 misso
1222 2052 1324 2095 legato
1347 2051 1386 2085 de
1415 2050 1526 2093 latere,
1553 2057 1581 2084 et
1610 2061 1671 2083 non
1700 2061 1851 2096 quocum-

1100 2114 1174 2148 que,
1209 2101 1265 2136 sed
1301 2101 1339 2135 de
1367 2101 1461 2135 latere
1500 2112 1534 2134 ac
1561 2106 1663 2133 vestro
1697 2099 1850 2145 sangnine

1101 2151 1287 2190 benedicto,
1320 2150 1492 2185 reverendo
1522 2149 1640 2183 scilicet
1678 2157 1763 2195 patre
1792 2148 1851 2181 do—

1103 2202 1188 2235 mino
1218 2200 1356 2235 Arnaldo
1394 2200 1451 2234 Dei
1484 2198 1678 2246 providentia
1718 2198 1851 2232 Sanctae

1102 2251 1217 2285 Mariae
1247 2251 1276 2284 in
1301 2250 1426 2284 Porticu
1451 2249 1583 2283 diacono
1610 2248 1772 2287 cardinali,
1795 2259 1853 2293 pa-

1104 2309 1149 2335 tre
1174 2301 1321 2334 videlicet
1345 2312 1476 2345 magnae
1503 2298 1652 2332 scientiae
1674 2310 1709 2331 ac
1732 2297 1851 2343 sapien-

1104 2351 1176 2390 tiae,
1202 2362 1333 2396 magnae
1360 2348 1556 2383 discretionis
1577 2356 1606 2380 et
1629 2347 1851 2393 experientiae,

1104 2412 1234 2446 magnae
1276 2398 1447 2432 honestatis
1478 2405 1508 2431 et
1536 2397 1724 2434 munditiae,
1763 2396 1853 2431 cuius

1106 2450 1240 2483 virtuosa
1263 2460 1355 2494 opera
1381 2456 1408 2482 et
1433 2448 1511 2482 sama
1536 2447 1691 2493 praeclara
1716 2447 1774 2479 iam
1799 2458 1854 2492 per

1105 2511 1216 2533 omnes
1250 2499 1328 2532 lines
1366 2497 1470 2531 ltaliae
1504 2496 1694 2538 dilatantur,
1727 2503 1853 2530 extento

1107 2548 1234 2583 brachio
1268 2547 1392 2581 virtutis
1423 2555 1453 2580 et
1488 2545 1684 2580 fortitudinis
1727 2553 1852 2580 sanctae

1107 2598 1266 2633 Romanae
1297 2596 1457 2631 Ecclesiae
1491 2595 1647 2641 spirituali
1677 2603 1708 2629 et
1730 2603 1853 2641 tempo-

1108 2648 1177 2689 rali,
1210 2646 1430 2682 exsurrexistis
1460 2645 1575 2680 nedum
1604 2646 1633 2680 in
1660 2645 1852 2680 adiutorium

1853 244 1891 272 An
1920 245 2032 269 (iti-⁷1¹0
