2274 3265
237 267 285 291 Αιι.
303 264 330 289 C.
353 263 418 290 tuto

263 2621 290 2641 Po

308 2628 381 2640 llss¹l'0
501 2635 505 2636 ν

250 2628 403 2673 insnioduiutes.
447 2642 621 2689 praedictos
653 2657 668 2677 a
693 2645 758 2678 iure
795 2644 840 2677 vel
864 2644 901 2678 ab
924 2644 1071 2681 homine,
1097 2644 1191 2677 etiam

385 2624 430 2640 ntra

484 251 554 284 65ss

433 328 542 350 eorum
578 315 684 349 literas
713 327 812 362 usqne
840 315 876 350 ad
901 315 1026 350 totalem
1052 316 1182 362 expedi-

434 369 549 403 tionem
577 380 612 403 ac
631 369 843 416 receptionem
867 369 1050 404 earumdem
1078 370 1183 403 litera-

434 436 502 457 rum
528 422 683 457 inclusive,
706 422 846 470 expediri
875 423 1029 458 hactenus
1053 436 1113 457 uon
1138 423 1184 457 se-

433 477 560 517 cisseut‚
587 477 646 511 sub
681 489 779 524 poena
808 477 989 525 privationis
1025 477 1183 512 Ecclesia-

434 544 515 572 rum,
538 532 803 566 monasteriorum
832 540 862 566 et
896 532 1089 578 prioratuum
1118 531 1182 565 liu-

435 585 582 624 iusmodi,
604 594 635 619 et
657 586 761 620 omnis
782 585 857 620 iuris
878 585 923 619 eis
941 597 977 619 ex
1002 584 1185 632 provisioni-

435 640 493 673 bus
529 639 696 686 praedictis
739 638 976 686 quomodolibet
1019 638 1184 685 acquisiti,

433 706 527 741 quam
566 693 741 741 quemlibet
780 693 990 739 negligentem
1026 694 1185 727 incurrere

435 748 579 782 volumus
600 760 638 782 eo
666 749 744 794 ipso,
766 755 796 781 et
818 758 898 793 quae
922 746 1093 786 Ecclesias,
1117 758 1185 780 mo-

434 802 568 836 nasteria
596 814 631 836 ac
654 802 808 848 prioratus
836 800 1063 847 negligentium
1095 812 1183 846 prae-

434 856 527 889 missa
555 855 591 889 ad
615 856 758 890 effectum
799 854 984 901 perducere,
1011 866 1047 888 ex
1079 866 1184 896 nunc,

434 918 525 955 prout
559 921 595 943 ex
624 917 710 947 tuuc.
741 908 875 956 praefata
904 907 1101 946 auctoritate,
1132 920 1185 940 va-

432 975 503 997 care
525 971 554 997 et
568 962 768 1009 Apostolieae
785 961 877 996 Sedis
896 961 1096 1009 dispositioni
1117 974 1186 1008 spe-

432 1018 552 1051 cialiter
579 1025 731 1051 reservata
759 1016 957 1051 declaramus
984 1024 1014 1050 et
1041 1015 1186 1050 decerni-

434 1083 514 1111 mus,
537 1078 703 1106 teneantur
724 1079 755 1105 et
777 1070 912 1105 debeant
940 1069 1045 1104 literas
1072 1069 1186 1104 liuius-

433 1124 518 1159 modi
552 1137 649 1172 super
681 1123 914 1172 provisionibus
946 1123 1043 1171 ipsis,
1072 1136 1127 1172 per
1154 1137 1186 1158 se

434 1179 480 1213 vel
502 1178 593 1224 alios,
617 1191 716 1226 nsque
743 1179 780 1214 ad
810 1178 978 1226 praefatam
1002 1178 1185 1213 earumdem

433 1233 558 1268 totalem
582 1233 814 1281 expeditionem
843 1245 880 1267 ac
906 1232 1133 1280 receptionem,
1154 1241 1187 1268 ut

435 1287 667 1334 praemittitur.
704 1287 857 1322 inclusive
895 1286 1036 1334 expediri
1076 1286 1186 1322 fecisse

436 1342 513 1376 infra
536 1353 655 1376 annum
670 1353 684 1375 a
701 1341 770 1375 data
789 1341 972 1375 huiusmodi
1000 1340 1188 1387 provisionis

435 1395 533 1429 factae
560 1395 708 1430 continue
731 1394 993 1442 computandum.
1024 1395 1069 1429 llli
1099 1407 1186 1434 vero,

436 1448 475 1482 de
498 1449 615 1496 quibus
637 1449 792 1497 provideri
821 1449 985 1495 eontigerit
1013 1449 1188 1496 quomodo-

435 1503 508 1536 libet
532 1503 561 1537 in
580 1503 719 1537 futurum
734 1502 897 1547 Ecclesiis,
913 1503 1111 1537 monasteriis
1134 1511 1187 1537 aut

435 1557 625 1604 prioratibus
648 1557 828 1592 huiusmodi
857 1569 912 1591 seu
941 1556 1032 1591 alicui
1063 1569 1185 1601 eorum,

434 1612 543 1646 eadem
573 1624 672 1660 poena
699 1612 808 1656 simili,
842 1620 871 1646 et
898 1624 1005 1659 quam,
1035 1620 1066 1645 ut
1094 1624 1186 1658 prae-

434 1666 554 1709 fertur,
588 1667 750 1701 incurrant
781 1666 875 1700 etiam
912 1665 988 1700 infra
1024 1678 1142 1700 annum
1170 1679 1186 1700 a

434 1721 484 1754 die
514 1721 700 1768 provisionis
735 1720 895 1755 faciendae
922 1720 1074 1754 continue
1097 1733 1187 1754 com-

436 1775 623 1821 pntandum,
645 1775 790 1810 similiter
816 1783 980 1809 teneantur
1002 1783 1033 1809 et
1051 1774 1185 1809 debeant

436 1830 540 1864 literas
563 1830 656 1876 ipsas,
680 1843 780 1877 usque
794 1829 830 1863 ad
849 1829 1038 1876 praedictam
1058 1830 1185 1864 totalem

435 1884 665 1930 expeditionem
707 1894 737 1918 et
780 1884 994 1930 receptionem
1037 1883 1188 1918 inclusive

435 1938 572 1985 expediri
601 1938 730 1972 secisse:
759 1946 786 1971 et
818 1938 962 1979 interim,
990 1937 1051 1972 sub
1077 1938 1185 1972 eadent

438 2005 535 2039 poena
553 2020 561 2032 ,
589 2005 643 2040 per
675 2005 709 2026 se
738 1992 782 2026 vel
806 1992 907 2030 alios,
935 1992 1054 2038 absque
1091 1991 1189 2026 literis

438 2047 651 2093 provisionum
681 2047 710 2080 iu
740 2046 838 2081 forma
870 2047 908 2079 de
937 2046 1101 2091 regimine,
1128 2059 1188 2092 gu-

439 2101 619 2135 bernatione
647 2113 701 2134 seu
725 2100 1010 2143 administratione,
1035 2100 1079 2133 vel
1101 2101 1188 2147 quasi

438 2154 664 2199 Erclesiaruin,
692 2155 969 2192 monasteriorum,
993 2155 1187 2201 prioratuum

440 2209 670 2256 praedictorum
708 2210 752 2244 vel
788 2209 921 2244 alicuius
958 2221 1093 2251 eorum,
1126 2210 1190 2244 sive

441 2265 594 2299 bonorum
628 2264 808 2298 eorumdem
838 2264 867 2298 in
892 2263 1111 2310 spiritualibus
1144 2264 1188 2297 vel

440 2319 664 2366 temporalibus
700 2319 878 2353 uullatenus
907 2331 939 2353 se
968 2319 1108 2364 ingerere,
1143 2318 1189 2353 vel

441 2373 528 2407 aliter
551 2373 741 2415 immiscere,
756 2381 808 2407 aut
830 2386 925 2420 super
948 2373 995 2407 liis
1013 2373 1059 2407 vel
1078 2386 1188 2407 eorum

442 2428 562 2474 aliquo,
586 2440 639 2462 seu
664 2428 921 2474 dependentibus
955 2427 1000 2461 vel
1028 2428 1190 2466 connexis,

443 2482 687 2516 iurisdictionem
700 2483 836 2528 aliquam
852 2481 1087 2529 quomodolibet
1106 2495 1189 2515 exer-

442 2549 513 2570 cere
538 2546 749 2583 praesumant.

493 2590 571 2634 §3
604 2589 744 2624 Caeteris
775 2603 902 2637 quoque
938 2590 1049 2637 poenis
1084 2597 1191 2623 contra

1019 262 1118 285 nouat
1124 262 1205 284 tttttttt
1235 261 1395 284 ttomauttivt

1227 316 1343 349 ratione
1373 314 1581 360 negligentiae
1616 316 1772 356 innueris,
1805 329 1974 353 consecra-

1226 369 1318 403 tionis
1338 381 1398 402 uon
1422 377 1597 414 susceptae,
1620 370 1742 404 statutis
1767 379 1822 406 aut
1849 372 1975 407 inflictis

1226 432 1256 457 et
1278 423 1347 457 aliis
1371 423 1399 456 in
1423 435 1481 457 suo
1505 422 1617 457 robore
1640 427 1866 470 permansuris.

1274 478 1293 523 g
1321 481 1353 510 4.
1382 476 1507 511 lrritum
1544 484 1574 511 ct
1608 477 1700 512 inane
1736 488 1902 515 censentes
1941 493 1977 515 ex

1227 544 1321 571 nunc,
1344 531 1368 564 si
1393 543 1484 564 secus
1513 530 1558 564 vel
1582 532 1669 567 aliter
1688 546 1784 581 super
1800 534 1879 568 liisa
1897 547 1978 581 quo-

1226 597 1319 631 quam
1348 592 1378 618 et
1413 584 1523 630 quavis
1549 587 1736 621 auctoritate
1763 588 1898 622 scienter
1933 588 1978 622 vel

1228 639 1408 683 ignoranter
1431 639 1633 686 imposterum
1656 641 1824 687 contigerit
1845 654 1980 689 quomo-

1227 691 1343 726 dolibet
1365 693 1521 727 attentari.

1277 745 1360 780 Nulli
1399 759 1474 793 ergo
1509 749 1640 784 omuino
1685 749 1849 784 hominum
1891 749 1982 783 liceat

1227 799 1307 834 lianc
1331 801 1475 847 paginam
1500 811 1677 838 nostrorum
1706 805 1826 844 statuti,
1849 803 1981 847 decreti,

1227 853 1460 895 declarationis,
1484 858 1708 892 reservationis
1731 867 1760 893 et
1778 858 1982 893 constitutio-

1229 907 1276 941 nis
1304 908 1486 955 insriugere,
1508 919 1560 945 etc.

1277 962 1394 997 Datum
1419 963 1580 999 Bononiae
1602 975 1712 1012 quarto
1741 979 1840 1001 nonas
1864 966 1982 1013 apriliS,

1230 1017 1430 1063 pontificatus
1454 1020 1550 1054 nostri
1575 1032 1659 1055 anno
1688 1021 1801 1067 primo.

1406 1080 1467 1110 Dat.
1491 1082 1538 1112 die
1560 1082 1578 1111 Ξ
1597 1082 1700 1121 aprilis
1721 1083 1806 1113 1410.

1444 1291 1625 1340 lOANNES
1659 1291 1769 1340 XXlll

1501 1388 1593 1418 PAPA
1614 1389 1705 1419 tlcvtl

1379 1460 1469 1492 Anno
1495 1460 1624 1493 Domini
1647 1461 1831 1495 MCCCCX.

1233 1538 1333 1617 Post
1356 1579 1524 1614 Alexandri
1541 1580 1568 1614 V
1582 1589 1713 1615 mortem
1730 1581 1918 1623 cardinales,
1932 1583 1985 1629 qui

1229 1637 1392 1672 Bononiae
1405 1650 1475 1673 cum
1489 1652 1526 1672 eo
1543 1648 1643 1680 erant,
1665 1640 1813 1674 conclave
1839 1641 1987 1687 ingressi,

1229 1695 1279 1729 die
1309 1699 1351 1729 17
1375 1697 1448 1731 maii
1480 1701 1573 1733 1410
1610 1699 1638 1732 in
1663 1698 1849 1732 Pontificem
1879 1699 1987 1745 elege-

1231 1764 1300 1790 runt
1324 1756 1539 1792 Baltliasarem
1565 1757 1710 1796 Cossam,
1729 1758 1824 1804 patria
1844 1757 1988 1805 Neapoli-

1231 1824 1350 1855 tanum,
1367 1816 1536 1851 diaconum
1551 1817 1741 1852 cardinalem
1758 1817 1792 1851 S.
1815 1816 1986 1856 Eustachii,

1230 1876 1282 1920 qui
1298 1874 1424 1910 loannis
1448 1875 1550 1910 XXlll
1569 1877 1695 1911 nomine
1709 1885 1850 1923 sumpto,
1869 1876 1988 1909 solem—

1232 1934 1312 1968 niter
1343 1944 1545 1969 consecratur
1579 1944 1609 1969 et
1644 1943 1814 1969 coronatur
1847 1934 1899 1968 die
1940 1935 1987 1967 25

1232 1993 1351 2026 mensis
1393 1994 1549 2027 eiusdem.
1582 1993 1738 2028 Perlatam
1780 1993 1988 2039 depositionis

1232 2064 1306 2086 suae
1335 2052 1364 2086 in
1399 2052 1525 2087 concilii
1561 2051 1815 2086 Constantieusis
1845 2051 1987 2085 sessione

1233 2122 1292 2151 xit,
1316 2110 1418 2144 babitu
1434 2110 1483 2144 die
1505 2112 1550 2144 29
1578 2111 1648 2144 maii
1669 2112 1774 2149 1415,
1797 2111 1985 2144 senteutiam

1234 2170 1365 2216 ipsemet
1392 2169 1620 2216 comprobavit,
1648 2169 1870 2216 quinquennio
1894 2178 1987 2216 post-

1233 2242 1326 2276 quam
1355 2228 1439 2275 Papa
1472 2229 1591 2262 electus
1626 2228 1737 2263 fuerat.
1773 2228 1926 2263 Martinus
1961 2228 1987 2262 V

1234 2287 1447 2322 Baltliasarem
1474 2288 1724 2335 resipiscentem,
1740 2288 1892 2335 humique
1918 2300 1985 2334 pro-

1236 2348 1375 2381 volutum
1407 2347 1440 2381 S.
1470 2347 1508 2381 R.
1538 2348 1573 2382 E.
1597 2347 1803 2381 cardinalium
1830 2347 1985 2381 decanum

1234 2414 1264 2440 et
1291 2406 1498 2440 Portuensem
1522 2407 1708 2454 episcopum
1731 2419 1800 2440 esse
1820 2406 1912 2441 voluit
1937 2406 1987 2440 die

1236 2469 1280 2498 ⁶25
1306 2465 1382 2499 iunii
1407 2479 1489 2500 atino
1515 2468 1618 2500 1419.
1648 2466 1702 2500 Ille.
1731 2479 1803 2501 vero
1830 2478 1884 2500 sex
1919 2475 1986 2512 post

1237 2536 1360 2558 meuses
1375 2524 1565 2564 Florentiae,
1579 2525 1681 2572 Papae
1696 2526 1812 2560 curiam
1836 2536 1985 2571 sequens,

1237 2591 1379 2617 mortuus
1411 2592 1474 2621 est,
1502 2592 1531 2617 et
1564 2584 1708 2631 sepultus
1740 2585 1768 2617 in
1805 2583 1986 2630 baptisterio

1235 2640 1268 2674 S.
1299 2641 1435 2676 loannis.

1991 262 2040 287 An.
2059 261 2089 287 C.
2109 261 2176 288 11110

2007 493 2113 514 ssesctseiu
2140 500 2179 514 st·-

1993 530 2029 545 cus
2046 529 2138 545 uotorum

2030 762 2148 782 ettiusutue,
