2274 3265
223 279 272 305 An.
292 280 319 305 C.
338 280 403 305 1335

236 730 347 750 Pecuniam
380 735 404 749 «ι

230 762 352 781 alia-nationi
372 767 395 780 is

315 793 404 817 emendi

280 824 403 843 conservari

220 854 302 872 mandat

221 792 300 811 utiliter

251 2298 375 2318 [σελιιοηεε

223 2331 306 2349 nonnisi
317 2331 340 2350 ad
349 2337 373 2356 qu
378 2331 407 2349 i-n

223 2367 334 2386 qriunnium
375 2361 405 2380 ta-

224 2391 311 2411 eie-ulae

471 267 539 299 552

421 334 475 367 bas
520 331 566 365 vel
605 331 748 377 regimini
789 331 994 377 praesidens,
1031 332 1166 366 alienare

420 382 678 429 praesumpserit,
706 388 766 414 tam
797 382 875 426 ipsc,
898 393 990 427 quain
1020 382 1167 415 ol'licialcs

420 433 519 478 ipsius
542 431 723 464 monasterii
753 442 807 464 sou
836 430 897 465 loci
926 431 1165 469 conventualisx

421 483 450 515 in
475 481 532 514 liac
569 487 653 526 parte
692 480 928 514 consentientes
959 480 1086 522 eidem,
1129 480 1168 513 ab

420 528 746 565 administrationibus
768 529 834 563 suis
865 541 918 575 per
945 530 1088 564 abbatem
1112 530 1168 563 dc-

422 587 580 626 ponantnr
611 589 732 615 eornm,
762 586 789 612 ct
814 578 961 612 alienatio
985 578 1167 612 huiusmodi

422 635 635 675 praesumpta,
658 628 694 662 sit
720 628 788 674 ipso
813 628 879 662 iure
899 628 981 661 irrita
1001 637 1030 662 ct
1055 628 1166 660 inanis.

470 678 489 724 S
524 679 555 711 5.
591 676 786 715 Caeterum,
814 677 837 709 si
877 685 1003 723 propter
1037 676 1169 709 alicuius

421 726 602 760 monasterii
631 737 684 759 seu
718 725 777 759 loci
813 725 1031 759 conventualis
1066 725 1168 758 debita

420 775 620 818 exsolvenda,
643 774 735 808 velut
753 774 870 821 aliquid
894 773 990 812 alind,
1018 773 1102 820 qnod
1125 774 1170 807 ei-

419 824 489 858 dem
520 823 711 858 monasterio
734 835 787 856 sen
816 822 1014 856 conventuali
1040 823 1109 856 loco
1130 823 1171 856 sit

421 873 552 911 utilius,
586 873 789 918 acquiratur,
818 872 934 918 aliquid
971 871 1169 905 alienandum

418 923 570 959 extiterit,
596 922 726 967 pecunia
745 948 753 963 ‚
775 932 855 967 quae
886 920 958 953 inde
981 920 1147 955 habebitur
1163 948 1170 959 ,

419 971 456 1003 ad
486 970 589 1004 nullos
613 981 687 1003 usus
714 970 814 1008 alios,
844 982 938 1016 quam
970 970 998 1002 in
1034 969 1171 1016 acquisi-

419 1021 534 1053 tionem
563 1031 618 1052 seu
647 1018 825 1052 debitorum
850 1019 1041 1052 solutionem
1064 1018 1172 1052 liuius-

418 1068 502 1102 modi
518 1075 726 1102 convertatur.
744 1067 822 1101 Etsi
839 1080 931 1102 secus
947 1076 1049 1101 actum
1067 1068 1171 1111 suerit,

418 1117 512 1152 abbas
557 1117 738 1150 monasterii
786 1117 834 1149 vel
874 1117 953 1150 alius
990 1117 1172 1163 praesidens

418 1166 615 1201 conventuali
640 1166 718 1207 loco,
743 1167 908 1212 pecuniam
937 1165 1170 1200 liuiusmodiad

420 1228 494 1249 usus
516 1215 615 1257 alios,
640 1222 671 1248 ut
694 1215 892 1260 praefertur,
915 1224 1101 1249 convertens
1124 1215 1170 1248 vcl

419 1265 618 1299 conversioni
654 1263 836 1298 huiusmodi
879 1264 1105 1303 consentiens,
1133 1264 1172 1298 ab

419 1314 690 1347 administratione
718 1325 773 1346 sua
803 1326 856 1359 per
887 1313 1031 1347 abbatem
1067 1313 1171 1359 depo-

420 1371 512 1397 natur
535 1363 641 1408 ipsius.
660 1361 784 1396 Caeteri
810 1374 880 1396 vero
905 1362 1050 1396 monachi
1075 1363 1172 1409 parti-

418 1413 505 1457 cipes
528 1411 573 1445 vel
598 1411 834 1445 consentientes
865 1412 894 1445 in
919 1411 1056 1457 idipsum
1075 1439 1082 1448 ,
1109 1412 1172 1445 sint

419 1461 456 1494 ad
480 1460 708 1507 quodcumque
730 1459 868 1493 officium
897 1472 953 1494 seu
970 1460 1171 1494 administra-

420 1512 537 1544 tionem
572 1509 715 1542 eiusdem
752 1509 873 1543 ordinis
914 1509 1068 1543 inliabiles
1104 1510 1171 1555 ipso

420 1558 511 1593 sacto
537 1558 601 1591 Nec
626 1558 757 1604 pecunia
786 1559 853 1604 ipsa
877 1559 905 1591 in
934 1558 1034 1592 solius
1049 1557 1171 1592 abbatis

419 1619 473 1642 seu
502 1607 630 1641 alterius
649 1607 794 1651 regimini
812 1607 1019 1653 praesidentis
1035 1614 1088 1640 aut
1104 1606 1171 1641 bur-

419 1657 490 1690 sarii
519 1655 652 1689 alicuius
674 1668 784 1689 cotum
809 1663 967 1689 remaneat
997 1663 1169 1702 potestate:

419 1704 472 1739 sed
497 1713 668 1751 reponatur
698 1704 727 1737 in
751 1704 855 1750 aliquo
878 1716 990 1739 securo
1014 1705 1082 1739 loco
1111 1705 1171 1739 sub

419 1761 554 1800 quatuor
567 1753 773 1787 serraturisct
787 1753 1005 1788 diversificatis
1017 1753 1171 1797 clavibus,

418 1815 551 1850 quarum
576 1803 707 1848 primam
738 1811 841 1837 teneat
863 1802 960 1836 abbas
987 1803 1170 1838 monasterii

419 1864 472 1886 seu
497 1852 556 1885 loci
577 1852 795 1886 conventualis
811 1852 956 1898 regimini
974 1852 1170 1899 praesidens,

419 1901 590 1936 secundam
620 1901 801 1943 bursarius,
827 1902 948 1935 tertiam
974 1902 1058 1948 prior
1083 1902 1172 1936 clau-

419 1950 521 1984 stralis
544 1958 573 1984 et
595 1958 737 1996 quartam
767 1951 847 1985 alins
871 1952 1046 1986 monachus
1073 1953 1172 1999 ipsius

419 2003 615 2043 monasterii,
638 2014 692 2035 seu
722 2001 779 2035 loci
809 2002 1039 2046 conventualis,
1053 2002 1171 2050 (111ἶ11110

419 2052 560 2087 eiusdem
589 2053 766 2087 monasterii
794 2065 848 2086 seu
875 2052 930 2085 loci
958 2054 1172 2087 conventualis

419 2103 587 2137 conventui
612 2115 667 2136 seu
692 2102 799 2135 maiori
821 2110 851 2136 et
864 2101 978 2135 saniori
997 2103 1073 2148 parti
1091 2103 1173 2137 eius-

419 2152 491 2186 dem
515 2152 665 2198 expedire
688 2151 858 2194 videbitur,
887 2150 1020 2185 fideliter
1047 2164 1172 2186 conser-

421 2201 564 2235 vandam

469 2250 489 2297 g
512 2252 544 2283 6.
573 2250 728 2285 Volumus
750 2251 857 2293 etiam,
885 2250 969 2296 quod
994 2250 1075 2284 circi
1096 2263 1173 2284 con-

420 2300 581 2334 cessiones
605 2300 719 2334 iurinm
743 2309 793 2334 aut
819 2300 998 2333 reddituum
1025 2299 1116 2334 alicui
1134 2300 1170 2333 ad

422 2350 514 2383 vitam
543 2351 612 2384 eius
646 2349 692 2383 vel
728 2350 810 2383 aliud
840 2358 960 2384 curtum
984 2357 1109 2395 tompus
1143 2358 1173 2383 et

421 2400 502 2432 circa
532 2400 703 2433 locationes
726 2400 770 2434 vel
799 2401 892 2434 etiam
918 2399 1095 2433 reddituum
1119 2406 1173 2433 ant

421 2451 580 2483 fructuum
610 2449 827 2487 venditiones,
866 2450 943 2484 ultra
985 2450 1172 2496 quinquen—

423 2500 510 2533 nium
549 2499 726 2536 saciendas,
770 2500 939 2545 praemissa
985 2499 1081 2533 forma
1117 2511 1172 2545 per

422 2548 525 2582 omnia
539 2549 740 2587 observetur;
764 2549 945 2583 huiusmodi
975 2556 1076 2583 tamen
1096 2561 1173 2583 con-

422 2598 587 2632 sultatione
623 2610 659 2633 ac
686 2599 810 2632 licentia
843 2598 977 2633 Romani
1011 2598 1173 2632 Pontificis

423 2654 452 2680 ct
479 2647 570 2681 etiam
596 2648 717 2682 licentia
754 2648 829 2682 dicti
857 2648 1014 2694 generalis
1046 2647 1171 2694 capituli

998 278 1120 300 urnam
1127 279 1134 300 1
1141 278 1185 301 [ΙΜ
1213 277 1374 300 noanNUM

1209 340 1237 366 ct
1262 332 1411 365 relatione
1440 331 1468 364 in
1492 343 1529 365 eo
1552 331 1693 365 facienda
1717 331 1866 377 exceptis.
1883 331 1962 366 Per-

1211 381 1363 415 mittimus
1386 388 1501 419 tamen,
1523 380 1607 426 quod
1630 391 1752 426 parvae,
1774 381 1897 416 steriles
1916 382 1961 415 vel

1211 431 1337 464 inutiles
1362 430 1580 476 possessiones
1602 428 1732 463 concedi
1763 429 1882 476 possint
1903 430 1962 464 sub
1977 428 2094 472 ,22:21¹ssss
2066 456 2104 477 w,
2099 426 2140 476 “ms

1977 485 2086 504 sessiones

1210 492 1316 513 annuo
1349 491 1445 513 censu
1486 478 1669 525 pecuniario
1706 478 1751 512 vel
1780 478 1840 513 sub
1879 487 1961 513 certa

1213 529 1356 576 portione
1378 541 1433 562 seu
1462 535 1555 574 quota
1581 535 1807 574 proventuum,
1836 528 1872 561 ad
1894 536 1963 562 tan-

1212 587 1275 612 tum
1302 586 1425 623 tempus
1447 585 1599 624 quantum
1624 577 1722 611 visum
1746 576 1839 611 fuerit
1860 576 1961 611 abbati

1213 627 1392 661 monasterii
1417 627 1516 672 ipsius
1539 634 1568 660 et
1595 626 1681 660 alteri
1705 625 1807 660 abbati
1831 625 1963 660 alicuius

1214 675 1392 710 monasterii
1423 676 1469 709 vel
1499 675 1688 722 praesidenti
1727 675 1870 718 regimini
1904 674 1962 709 loci

1212 724 1430 758 conventualis
1442 724 1585 758 eiusdem
1599 724 1733 758 ordinis.
1749 724 1964 758 Praecedente

1213 781 1316 807 tamen
1340 782 1462 808 maturo
1483 785 1519 807 ac
1541 773 1681 819 diligenti
1706 780 1836 807 tractatu
1857 772 1963 807 habito

1213 835 1283 856 cuin
1312 834 1369 856 suo
1386 830 1556 865 conventu,
1583 822 1667 857 etde
1690 835 1846 857 consensu
1865 822 1964 868 ipsius

1214 872 1260 905 vel
1293 871 1418 905 maioris
1450 880 1479 905 et
1512 871 1646 904 sanioris
1682 872 1778 917 partis
1803 871 1963 910 eiusdem,

1216 920 1428 967 praestitoque
1454 920 1600 966 primitus
1624 920 1800 954 iuramento
1829 933 1883 966 per
1896 933 1965 954 am-

1215 969 1271 1004 bos
1298 969 1427 1003 abbates
1450 969 1638 1015 praedictos,
1669 969 1781 1004 eodem
1804 978 1963 1004 conventu

1216 1026 1389 1064 praesente,
1411 1018 1495 1064 quod
1519 1018 1758 1052 concessionem
1782 1018 1964 1053 huiusmodi

1214 1067 1315 1102 facere
1338 1067 1506 1102 intendunt
1535 1079 1590 1113 pro
1627 1067 1758 1101 utilitate
1786 1068 1965 1102 monasterii

1214 1129 1268 1150 seu
1294 1116 1352 1151 loci
1379 1116 1608 1155 conventualis,
1642 1116 1733 1150 cuius
1759 1124 1851 1150 erunt
1885 1128 1963 1162 pos-

1214 1166 1372 1200 sessiones
1403 1165 1590 1212 praedictae.
1627 1165 1666 1199 Et
1693 1166 1718 1199 si
1741 1165 1832 1199 aliter
1855 1165 1966 1199 huius-

1216 1215 1298 1248 modi
1327 1214 1489 1249 concessio
1513 1214 1589 1248 facta
1619 1214 1731 1254 fuerit,
1766 1227 1803 1249 eo
1831 1214 1898 1260 ipso
1928 1215 1967 1248 sit

1216 1264 1298 1297 irrita
1327 1272 1356 1298 et
1390 1264 1500 1297 inanis.
1528 1263 1561 1297 Si
1589 1272 1694 1298 autem
1719 1263 1888 1297 multitudo
1915 1263 1967 1297 di-

1214 1321 1333 1346 ctarum
1374 1313 1632 1359 possessionum,
1671 1312 1815 1359 quamvis
1857 1324 1966 1359 parva-

1216 1375 1295 1401 rum,
1319 1362 1474 1396 sterilium
1499 1361 1544 1395 vel
1559 1361 1714 1396 inutilium
1734 1362 1880 1396 existeret
1895 1373 1968 1395 con-

1215 1411 1366 1450 cedenda,
1395 1419 1468 1445 tunc
1490 1419 1560 1445 ante
1583 1410 1765 1445 huiusmodi
1785 1411 1967 1445 concessio—

1216 1472 1284 1494 nem
1313 1473 1420 1494 earum
1458 1460 1641 1494 consulatur
1675 1460 1756 1494 idem
1792 1459 1964 1506 capitulum

1213 1510 1371 1554 generale,
1399 1522 1434 1543 ac
1469 1509 1568 1556 ipsius
1590 1522 1685 1555 super
1719 1509 1779 1543 lioc
1816 1508 1967 1543 habeatur

1215 1558 1355 1598 licentia,
1390 1565 1483 1605 prout
1508 1559 1654 1604 superius
1689 1566 1736 1592 est
1771 1557 1964 1592 distinctum.

1215 1606 1320 1641 Abbas
1343 1619 1433 1650 vero,
1461 1607 1506 1641 vel
1531 1606 1715 1653 praesidens
1734 1606 1876 1653 regimini
1906 1606 1965 1640 loci

1214 1656 1450 1699 conventualis,
1469 1656 1495 1690 si
1509 1656 1701 1690 contrarium
1713 1663 1866 1690 attentare
1883 1667 1968 1701 prae-

1214 1705 1395 1751 sumpserit,
1418 1717 1455 1739 ac
1477 1705 1626 1740 officiales
1653 1704 1751 1751 ipsius
1785 1704 1965 1739 monasterii

1214 1766 1268 1787 seu
1291 1755 1347 1788 loci
1372 1754 1605 1798 conventualis,
1633 1766 1729 1801 super
1752 1754 1811 1788 hoc
1837 1754 1865 1788 ei
1890 1765 1968 1788 eon-

1214 1803 1408 1846 sentientes,
1448 1815 1502 1850 per
1528 1816 1637 1838 eorum
1675 1802 1820 1837 abbatem
1856 1814 1871 1836 a
1900 1803 1967 1837 suis

1214 1851 1541 1887 administtationibus
1564 1852 1776 1900 deponantur.

1264 1902 1290 1956 §—
1309 1904 1340 1935 7.
1365 1901 1498 1948 Insuper
1525 1902 1597 1949 quia
1630 1902 1817 1949 plerumque
1840 1900 1966 1936 contin-

1214 1951 1258 1997 git
1285 1952 1448 1986 imminere
1487 1951 1683 1986 necessitatis
1717 1950 1905 1992 articulum,
1934 1950 1965 1984 in

1214 2013 1277 2047 quo
1304 2013 1340 2035 ex
1367 2001 1500 2036 diversis
1529 2001 1631 2036 causis
1653 2001 1780 2048 expedit
1801 1977 1967 2035 abbatibus

1215 2060 1244 2086 et
1267 2051 1520 2098 praesidentibus
1557 2051 1775 2098 principaliter
1803 2050 1967 2096 regimini·
2017 2054 2020 2057 '

1216 2102 1275 2136 bus
1297 2102 1428 2136 aliorum
1449 2100 1590 2135 locorum
1609 2100 1865 2136 conventualium
1894 2112 1966 2135 con-

1214 2151 1338 2185 trahere
1361 2158 1521 2188 mutunm,
1556 2150 1637 2185 lianc
1673 2149 1864 2197 provisionis
1886 2161 1966 2184 cau-

1215 2200 1308 2235 telam
1333 2200 1542 2234 modificatam
1573 2200 1603 2234 in
1633 2200 1690 2234 bac
1714 2207 1799 2246 parte
1823 2199 1967 2233 volumus

1215 2249 1368 2292 adbiberi,
1403 2249 1487 2295 quod
1526 2249 1633 2283 nullus
1673 2249 1770 2283 abbas
1809 2249 1854 2282 vel
1888 2248 1967 2282 alius

1216 2299 1274 2333 loci
1299 2299 1517 2333 conventualis
1541 2298 1684 2344 regimini
1712 2297 1898 2345 praesidens
1918 2298 1965 2344 ip-

1215 2350 1281 2383 sius
1309 2348 1438 2387 ordinis,
1466 2349 1534 2383 sine
1562 2360 1721 2382 consensu
1746 2347 1861 2395 proprii
1886 2359 1966 2381 con—

1216 2407 1339 2437 ventus,
1356 2407 1504 2433 mutuum
1523 2399 1664 2445 recipcre
1687 2397 1802 2438 valeam
1830 2405 1859 2431 et
1881 2397 1964 2444 quod

1217 2448 1245 2482 in
1269 2449 1448 2483 authentica
1477 2449 1632 2495 scriptura
1661 2447 1863 2493 obligationis
1893 2445 1966 2481 inde

1216 2498 1377 2533 faciendae
1404 2506 1605 2545 apponantur
1637 2496 1821 2531 eorumdem
1845 2496 1966 2532 abbatis

1216 2549 1262 2581 vol
1304 2548 1510 2593 praesidentis
1545 2547 1688 2593 regimini
1723 2555 1752 2581 et
1791 2553 1966 2580 conventus

1215 2597 1326 2643 sigilla.
1363 2597 1425 2631 Sed
1456 2597 1480 2632 si
1509 2597 1604 2631 abbas
1632 2609 1646 2630 a
1679 2609 1736 2631 suo
1760 2596 1964 2632 monasterio,

1216 2648 1263 2681 vel
1293 2647 1438 2693 regimini
1463 2646 1646 2694 praesidens
1667 2646 1707 2680 ab
1728 2645 1798 2680 eius
1820 2656 1966 2680 conven—

1981 275 2030 301 Λη.
2049 275 2077 301 C.
2095 274 2161 300 ¹335

2000 390 2026 410 15¹
2018 391 2108 438 cipiuu
2088 392 2134 408 11111

1995 1911 2058 1932 Mutui
2075 1912 2166 1932 nonnul-

1981 1941 2006 1962 lis
2022 1942 2056 1962 tue
2075 1948 2166 1969 expret-

1981 1976 2010 1995 εἰς
2039 1976 2063 1995 de
2094 1976 2164 1995 cau-ts

1980 2006 2100 2032 accipiundi
2113 2011 2165 2026 nor—
