2274 3265
241 265 290 291 An.
307 265 337 291 C.
357 265 421 291 t3t7

255 770 335 790 Pristin*
348 773 420 791 eontra

260 2012 398 2033 tnsotvuniur
416 2016 426 2029 a

247 2045 377 2064 ἒ-ιΕῙΒΕἾΘΠὶΓι
395 2044 427 2060 za-

248 2075 298 2094 libiia
316 2073 426 2093 obstricti.

268 2558 289 2579 Ει
310 2564 342 2579 ies
335 2558 434 2578 :Mindon

271 2597 287 2609 ii·
327 2590 435 2616 pactione!
466 2604 471 2607 .

291 2626 328 2640 ns!

258 2627 295 2671 liin«
312 2658 323 2671 i
320 2655 360 2672 itt
365 2657 382 2671 9

375 2624 436 2646 uper

485 255 554 286 256

438 334 524 364 rios,
552 319 669 354 iudices
703 326 754 354 aut
791 319 873 353 iiees
899 330 1009 354 eoruin
1035 327 1179 364 gerentes

436 381 639 416 quocumque
660 368 765 403 colore
788 369 930 423 quaesito
960 368 1110 423 recipiant
1133 368 1177 403 vel

435 419 617 458 admittant,
641 431 697 452 nec
722 426 753 452 υι
777 419 899 452 νιιιιιιι5
918 431 972 452 seu
997 419 1111 452 vicaiio
1125 425 1178 452 aiit

435 467 619 504 officialibus
642 468 763 514 iinpeiii
788 476 913 513 pareant
937 467 981 501 vel
1005 467 1178 505 intendam

435 526 489 553 aut
511 530 610 565 pareri
634 517 681 551 vel
706 516 824 551 intendi
848 517 959 552 saciant
982 517 1027 552 vel
1050 517 1178 563 permit-

436 577 516 605 tant;
545 567 644 602 necin
669 567 708 601 iis
729 568 785 609 eis,
808 566 854 600 vel
882 566 908 601 ei
943 565 1178 613 quomodolibet

436 625 593 664 praestent
620 616 791 655 auxilium,
834 615 999 650 consilium
1044 615 1089 649 vel
1133 615 1178 649 sa-

438 679 553 702 vorem.

484 716 504 763 g
532 718 562 750 4.
592 715 738 762 Alioquin
768 715 798 748 iii
832 726 942 748 omnes
976 721 1006 746 ct
1040 713 1180 758 singulos

438 765 639 812 patriaiQelias
679 764 833 812 praelatos
870 764 963 798 etiam
1000 762 1180 808 superioies

436 824 466 849 et
492 815 676 857 inferiores,
698 822 727 848 et
754 822 893 847 caeteros
923 812 1180 846 denominatione

437 864 613 910 praedicta,
641 871 674 897 iit
696 863 901 909 praemissum
925 869 982 901 est,
998 861 1179 900 retinentes

435 922 632 948 assumentes
672 925 726 947 seu
766 918 979 946 resumentes
1021 923 1055 944 ac
1097 910 1181 945 illius

437 971 596 1009 piaetextu
620 969 801 997 exercentes
822 972 1041 1006 quaecumque
1068 959 1180 1014 officia,

436 1020 606 1066 potestates
631 1024 685 1046 scu
715 1010 956 1049 iurisdictiones,
983 1018 1064 1043 etin
1100 1009 1180 1043 ieci-

438 1063 557 1115 pientes
583 1074 637 1095 eos
673 1068 706 1094 ut
733 1060 864 1094 vicarios
888 1059 932 1092 vel
961 1058 1133 1093 officiales
1130 1072 1181 1092 iin

437 1124 511 1157 perti
534 1118 587 1145 aut
613 1109 846 1145 commissarios
869 1120 975 1142 eorum
1006 1116 1036 1142 iit
1061 1107 1180 1147 talium,

436 1170 466 1195 et
494 1160 522 1194 in
548 1168 692 1206 parentes
719 1171 774 1193 seu
803 1157 987 1192 obedientes
1009 1158 1054 1192 eis
1078 1165 1110 1192 ut
1129 1165 1181 1191 ta-

436 1209 535 1253 libus,
562 1217 616 1244 aut
652 1216 846 1255 praestantes
869 1207 898 1241 in
927 1206 986 1241 lioc
1009 1207 1068 1241 sibi
1090 1207 1181 1241 auxi-

436 1258 531 1299 lium,
562 1259 728 1293 consilium
758 1257 803 1292 vel
832 1256 990 1297 savorem,
1018 1257 1077 1291 nisi
1105 1256 1181 1291 inl‘ra

437 1308 570 1343 duorum
595 1309 750 1342 mensium
786 1306 936 1353 spatium,
964 1319 978 1340 a
1015 1305 1066 1341 die
1093 1307 1182 1340 datae

439 1359 647 1404 praesentium
672 1356 923 1394 numerandum,
952 1355 1076 1402 penitus
1105 1356 1183 1390 resi-

438 1408 584 1453 piverint,
608 1407 652 1440 vel
675 1420 707 1441 se
725 1406 848 1441 licentia
870 1404 962 1440 Sedis·
984 1405 1183 1452 Apostolieae

438 1469 532 1503 super
566 1457 625 1491 hoe
647 1456 838 1491 ostenderint
866 1455 1089 1494 communitos,
1123 1468 1183 1489 ex-

438 1506 734 1541 communicationis
761 1506 791 1539 in
814 1504 990 1550 singulares
1018 1516 1183 1551 personas,

438 1565 466 1590 et
494 1557 526 1590 in
549 1564 646 1590 terras
672 1563 701 1590 et
724 1555 788 1589 loca
813 1554 953 1600 ipsorum
975 1562 1006 1588 et
1027 1553 1185 1600 quaslibet

439 1613 706 1647 communitates,
753 1610 995 1643 universnatcs,
1046 1610 1185 1638 civitates

438 1664 491 1689 aut
514 1654 602 1689 villas
625 1653 780 1688 interdicti
805 1652 979 1687 sententias
996 1652 1035 1686 de
1055 1652 1183 1687 fratrum

441 1714 616 1739 nostrorum
636 1702 768 1738 consilio
791 1701 916 1749 publice
936 1701 1184 1748 promulganius3

440 1762 547 1788 contra
582 1766 636 1788 eos
672 1751 876 1787 nibilominus
918 1751 1123 1806 spiritualiter
1156 1760 1185 1785 et

441 1803 652 1850 temporaliter
698 1802 824 1849 gravius
860 1801 1056 1847 processuri,
1093 1809 1186 1848 piout

441 1852 654 1888 inobedientia
683 1864 791 1887 eorum
828 1850 978 1896 exegerit,
1001 1859 1031 1885 et
1053 1850 1186 1897 qualitas

442 1902 512 1938 sacti
540 1902 684 1946 suaserit,
702 1909 734 1936 et
755 1900 926 1935 viderimus
953 1900 1110 1947 expedire.

489 1952 509 1999 ἓ
532 1956 563 1986 5.
586 1951 626 1987 Et
650 1960 682 1986 iit
704 1950 898 1998 quibuslibet
922 1950 1050 1996 parendi
1072 1950 1187 1985 talibus

443 2001 567 2038 tollatur
594 2002 735 2040 occasio,
758 2013 868 2035 omnes
890 2010 918 2034 et
941 2000 1100 2046 singulos,
1133 2000 1186 2046 qui

443 2052 625 2088 huiusmodi
648 2052 811 2087 vicariatus
834 2062 949 2085 nomen
967 2050 1187 2090 retinentibus,

443 2102 675 2138 assumentibus
721 2114 775 2136 sen
818 2099 1053 2135 resumentibus
1106 2100 1189 2134 iura-

445 2161 549 2188 mento
577 2151 734 2187 fidelitatis
766 2159 910 2185 tenentur
935 2149 1069 2188 astricti,
1097 2162 1112 2184 a
1142 2150 1188 2184 iu-

445 2211 585 2238 ramento
609 2200 803 2243 liiiiusinodi,
826 2207 978 2246 quantum
1002 2199 1039 2233 ad
1063 2199 1134 2239 lioc,
1151 2199 1189 2233 de

446 2253 604 2299 potestatis
632 2228 827 2298 plenitudine
849 2249 1056 2287 absolventes
1087 2256 1191 2283 aucto-

446 2303 534 2338 ritate
566 2300 733 2348 apostolica
762 2300 890 2334 sirmitei
914 2298 1095 2333 inhibemus
1129 2298 1190 2333 eis-

446 2353 530 2392 dem,
559 2361 596 2386 ne
625 2350 737 2386 talibus
766 2359 797 2384 ut
820 2349 944 2384 vicaiiis
975 2349 1019 2383 iel
1051 2348 1191 2383 officiali-

447 2403 505 2438 bus
533 2402 654 2449 imperii
684 2399 882 2447 aliquatenus
919 2407 1046 2447 pareant
1074 2398 1120 2433 vel
1144 2399 1191 2431 in-

448 2453 585 2487 tendant

496 2502 574 2550 §6
619 2502 657 2537 Et
694 2513 822 2547 insupei
865 2513 974 2535 omnes
1011 2499 1191 2546 pactiones

450 2553 666 2598 obligationes,
688 2550 980 2587 confoederationes
1007 2558 1036 2584 et
1059 2548 1193 2594 colliga-

453 2612 566 2641 tiones
591 2616 606 2636 a
628 2601 884 2648 quibuscumque
907 2612 1002 2646 super
1024 2599 1083 2634 lioc
1111 2611 1194 2645 quo-

453 2652 526 2685 libet
563 2653 653 2686 initiis
698 2652 869 2685 iuramento
905 2650 950 2683 rel
994 2660 1196 2696 quacumque

1024 263 1208 287 BULLAniUM
1236 263 1394 285 Romnum

1222 319 1365 353 tiriiiitate
1402 317 1549 357 vallatas,
1588 316 1718 351 omnino
1747 316 1963 361 (ιιεειοινιιιιυ)7

1222 367 1341 402 iuribus
1380 378 1564 410 vacuamus,
1600 365 1774 405 irritamus,
1803 375 1833 400 et
1858 376 1964 414 quate-

1221 430 1280 452 nus
1307 417 1345 452 de
1378 417 1457 451 facto
1494 416 1720 462 processerint,
1760 427 1964 456 revocamus,

1220 479 1255 501 ac
1282 466 1481 505 huiusmodi,
1518 478 1556 500 ac
1590 464 1750 512 quaelibet
1786 465 1845 500 alia
1882 466 1965 501 iura-

1221 524 1324 551 menta
1346 529 1362 551 a
1384 514 1578 563 quibuslibet
1604 527 1699 561 snper
1735 514 1773 549 iis
1800 517 1963 561 praestita,

1222 578 1277 611 per
1298 578 1378 612 quae
1401 572 1507 613 posset
1539 564 1569 599 in
1599 563 1764 611 praedictis
1800 565 1914 599 nostris
1935 574 1962 599 et

1220 614 1380 649 Ecclesiae
1425 613 1600 661 praedictae
1642 613 1764 648 iuribus
1801 613 1965 660 derogari,

1222 664 1401 710 praesertim
1442 676 1513 698 cum
1555 663 1762 698 iuramentum
1803 663 1963 698 vinculum

1221 713 1391 759 iniquitatis
1416 725 1485 748 esse
1512 725 1575 748 non
1603 712 1726 756 debeat,
1754 712 1939 748 relaxamus.

1981 263 2031 289 Αη.
2050 263 2079 288 t2.
2096 263 2161 289 ¹517

1269 763 1289 809 g
1313 766 1344 796 7.
1367 761 1548 802 Caeterum,
1584 771 1616 797 υι
1641 761 1822 797 huiusmodi
1861 771 1966 797 noster
1982 778 2112 799 trahimus
2130 778 2167 797 im-

1222 860 1294 894 tiam
1323 859 1513 901 deducatur,
1541 868 1641 896 cartas
1667 874 1722 895 seu
1750 860 1967 901 membranas,

1223 922 1403 955 processum
1436 910 1632 944 continentes
1661 910 1822 953 eumdem,
1850 911 1881 944 in
1902 910 1968 945 Ec-

1222 958 1314 993 clesia
1336 957 1548 994 Avenionensi
1571 959 1705 1005 appendi
1721 960 1765 994 vel
1779 959 1862 1006 affigi
1878 961 1968 995 ostiis

1222 1020 1276 1043 seu
1300 1007 1596 1054 superliminaribus
1618 1007 1781 1048 faciemus,
1804 1021 1884 1055 quae
1901 1022 1970 1056 pro-

1223 1070 1346 1092 cessum
1372 1070 1474 1104 ipsum
1503 1071 1559 1093 5υο
1583 1057 1672 1104 quasi
1694 1069 1811 1092 sonoro
1840 1071 1969 1104 praeco-

1224 1108 1275 1141 nio
1321 1115 1351 1141 et
1386 1108 1491 1154 patulo
1520 1107 1628 1141 inditio
1663 1106 1893 1153 publicabunt,
1929 1108 1969 1142 ita

1223 1156 1306 1204 quod
1334 1169 1445 1191 ornnes
1479 1166 1509 1191 et
1535 1156 1664 1203 singuli,
1691 1168 1770 1203 quos
1804 1169 1972 1203 processus

1224 1206 1289 1252 ipse
1311 1206 1467 1252 contingit
1489 1214 1519 1241 et
1541 1206 1724 1251 contingere
1748 1214 1867 1252 potest,
1900 1206 1973 1241 nul-

1224 1257 1283 1290 lam
1314 1264 1420 1302 postea
1457 1256 1580 1303 possint
1605 1255 1838 1290 excusationem
1876 1268 1972 1301 prae-

1225 1305 1364 1346 tendere,
1386 1306 1469 1352 quod
1492 1305 1529 1340 ad
1553 1318 1607 1340 eos
1630 1304 1700 1339 talis
1726 1316 1896 1359 processus
1910 1318 1972 1340 non

1225 1355 1401 1401 pervenerit
1417 1355 1463 1389 vel
1479 1355 1563 1402 quod
1582 1354 1793 1400 ignoraverint
1808 1354 1971 1395 eumdem,

1223 1417 1295 1439 cuni
1323 1417 1384 1439 non
1407 1404 1449 1439 sit
1483 1404 1651 1439 verisimile
1687 1416 1847 1438 ienianere
1869 1406 1971 1451 quoad

1225 1454 1310 1501 ipsos
1345 1454 1538 1500 incognitum
1575 1453 1621 1488 vel
1662 1453 1819 1488 occultum
1835 1480 1844 1497 ,
1888 1455 1973 1500 quod

1226 1511 1286 1537 tam
1312 1511 1451 1550 patenter
1473 1503 1620 1538 omnibus
1639 1502 1824 1550 publicatur.

1273 1552 1387 1587 Datum
1416 1553 1571 1588 Avenioni
1594 1553 1623 1587 iu
1660 1552 1754 1587 domo
1781 1552 1974 1600 episcopali,

1225 1602 1365 1637 secundo
1388 1602 1537 1637 kalendas
1555 1601 1676 1649 aprilis,
1701 1602 1902 1648 pontificatus
1921 1614 1976 1637 no-

1225 1652 1279 1686 stri
1299 1664 1382 1686 anno
1405 1652 1518 1699 primo.

1276 1714 1336 1743 Dat.
1355 1714 1402 1743 die
1418 1714 1457 1744 30
1471 1714 1568 1743 iiiartii
1588 1714 1671 1750 13¹7,
1691 1714 1792 1753 pontis.
1809 1723 1885 1743 anno
1904 1722 1922 1743 1.

1581 1873 1618 1907 ll.

1232 1949 1433 1983 Canonizatio
1456 1949 1494 1983 B.
1526 1948 1681 1986 Ludovi'ci',
1708 1948 1815 1982 Caroli
1832 1948 1909 1992 regis
1931 1948 1979 1982 Si-

1277 2000 1364 2032 ciliae
1397 2000 1466 2044 filii,
1493 2005 1519 2031 et
1549 1999 1680 2043 episcopi
1710 1998 1868 2035 Tolosam,
1897 1998 1979 2031 eius-

1279 2061 1335 2094 que
1361 2050 1527 2093 adscriptio
1554 2049 1587 2082 in
1616 2059 1777 2082 numerum
1803 2054 1978 2081 sanctorum

1278 2100 1493 2145 consessorum,
1521 2111 1588 2132 cum
1609 2097 1782 2141 festivitatis
1809 2097 1978 2131 institutio-

1279 2162 1315 2183 ne
1344 2160 1401 2193 pro
1439 2150 1488 2182 die
1517 2150 1559 2181 19
1593 2148 1717 2192 augusti
1741 2148 1907 2191 quotannis
1932 2158 1980 2179 ce-

1279 2199 1453 2233 lebrandae.

1499 2276 1712 2307 SUMMARIUM

1232 2341 1418 2372 Prooemium.
1442 2359 1479 2363 —
1512 2340 1534 2370 l.
1553 2340 1672 2370 Laetitia
1697 2339 1843 2378 spirituali
1873 2339 1982 2370 exultet

1272 2386 1400 2416 Ecclesia
1420 2386 1560 2416 militans.
1579 2402 1617 2407 —-
1631 2385 1658 2414 9..
1677 2384 1704 2414 b'.
1722 2384 1861 2415 Ludovici
1878 2393 1979 2423 genus.

1272 2450 1307 2453 —
1327 2432 1354 2462 3.
1372 2431 1511 2463 Eiusdem
1528 2431 1697 2471 primordia,
1717 2435 1744 2459 et
1763 2430 1858 2460 studia
1878 2429 1979 2458 litera-

1274 2486 1346 2506 rum.
1364 2494 1400 2498 —
1418 2477 1446 2506 t.
1470 2475 1597 2506 Fervens
1616 2476 1644 2504 in
1664 2476 1804 2505 oratione.
1824 2492 1862 2497 -
1879 2475 1905 2504 5.
1922 2474 1979 2503 De-

1275 2526 1356 2551 votus
1376 2523 1404 2551 in
1428 2521 1593 2560 sumptione
1616 2524 1878 2550 sacramentorum.
1899 2536 1936 2541 -
1951 2520 1979 2549 6.

1276 2567 1408 2596 Attentos
1428 2566 1456 2595 in
1487 2566 1612 2596 lectione
1626 2564 1671 2595 Ss.
1692 2565 1921 2603 Scripturaruni.
1945 2581 1983 2586 —

1276 2612 1301 2640 7.
1326 2611 1482 2641 Stiidiosus
1509 2611 1661 2640 castitatis.
1689 2627 1729 2632 —
1755 2609 1782 2639 8.
1808 2608 1933 2639 Severus
1953 2609 1980 2637 in

1275 2657 1417 2695 seipsum.
1436 2672 1472 2677 —
1491 2655 1518 2685 9.
1536 2654 1674 2686 Ordinem
1699 2654 1819 2683 fratrum
1840 2653 1982 2683 Minoruni

1223 823 1390 857 plocessus
1417 811 1455 846 ad
1481 823 1681 846 communem
1715 812 1855 846 oninium
1884 812 1966 846 noti·
1982 810 2166 860 ’ζωθὼᾚθκ
