<?xml version="1.0" encoding="UTF-8"?>
<!DOCTYPE html PUBLIC "-//W3C//DTD XHTML 1.0 Transitional//EN"
    "http://www.w3.org/TR/xhtml1/DTD/xhtml1-transitional.dtd">
<html xmlns="http://www.w3.org/1999/xhtml" xml:lang="en" lang="en">
 <head>
  <title>
</title>
<meta http-equiv="Content-Type" content="text/html;charset=utf-8" />
  <meta name='ocr-system' content='tesseract 3.04.00' />
  <meta name='ocr-capabilities' content='ocr_page ocr_carea ocr_par ocr_line ocrx_word'/>
</head>
<body>
  <div class='ocr_page' id='page_1' title='image "./bullarumdiplomat04cath_0100.png"; bbox 0 0 2274 3265; ppageno 0'>
   <div class='ocr_carea' id='block_1_1' title="bbox 213 278 387 304">
    <p class='ocr_par' dir='ltr' id='par_1_1' title="bbox 213 278 387 304">
     <span class='ocr_line' id='line_1_1' title="bbox 213 278 387 304; baseline 0.011 -2"><span class='ocrx_word' id='word_1_1' title='bbox 213 278 256 302; x_wconf 61' lang='lat' dir='ltr'>³th</span> <span class='ocrx_word' id='word_1_2' title='bbox 277 279 294 304; x_wconf 79' lang='lat' dir='ltr'>C</span> <span class='ocrx_word' id='word_1_3' title='bbox 322 279 387 304; x_wconf 58' lang='lat'><strong>¹⁹28«)</strong></span> 
     </span>
    </p>
   </div>
   <div class='ocr_carea' id='block_1_2' title="bbox 454 267 498 299">
    <p class='ocr_par' dir='ltr' id='par_1_2' title="bbox 454 267 498 299">
     <span class='ocr_line' id='line_1_2' title="bbox 454 267 498 299; baseline 0.045 -2"><span class='ocrx_word' id='word_1_4' title='bbox 454 267 498 299; x_wconf 67' lang='lat'>,0⁶2</span> 
     </span>
    </p>
   </div>
   <div class='ocr_carea' id='block_1_3' title="bbox 403 329 1161 1605">
    <p class='ocr_par' dir='ltr' id='par_1_3' title="bbox 403 329 1161 1605">
     <span class='ocr_line' id='line_1_3' title="bbox 403 329 1153 377; baseline -0.003 -12"><span class='ocrx_word' id='word_1_5' title='bbox 403 341 488 368; x_wconf 67' lang='lat' dir='ltr'>sexta</span> <span class='ocrx_word' id='word_1_6' title='bbox 509 331 593 371; x_wconf 85' lang='lat' dir='ltr'>seria,</span> <span class='ocrx_word' id='word_1_7' title='bbox 608 330 720 377; x_wconf 80' lang='lat' dir='ltr'>dieque</span> <span class='ocrx_word' id='word_1_8' title='bbox 736 330 866 371; x_wconf 85' lang='lat' dir='ltr'>sabbati,</span> <span class='ocrx_word' id='word_1_9' title='bbox 888 329 1065 365; x_wconf 85' lang='lat' dir='ltr'>abstineant</span> <span class='ocrx_word' id='word_1_10' title='bbox 1091 329 1153 364; x_wconf 88' lang='lat' dir='ltr'>uni-</span> 
     </span>
     <span class='ocr_line' id='line_1_4' title="bbox 405 379 1155 425; baseline -0.003 -9"><span class='ocrx_word' id='word_1_11' title='bbox 405 381 495 425; x_wconf 74' lang='lat' dir='ltr'>versi,</span> <span class='ocrx_word' id='word_1_12' title='bbox 520 380 578 414; x_wconf 90' lang='lat' dir='ltr'>nisi</span> <span class='ocrx_word' id='word_1_13' title='bbox 601 379 684 414; x_wconf 91' lang='lat' dir='ltr'>aliud</span> <span class='ocrx_word' id='word_1_14' title='bbox 710 379 898 413; x_wconf 88' lang='lat' dir='ltr'>inlirmitatis</span> <span class='ocrx_word' id='word_1_15' title='bbox 922 379 1067 414; x_wconf 88' lang='lat' dir='ltr'>instantia</span> <span class='ocrx_word' id='word_1_16' title='bbox 1087 392 1155 414; x_wconf 90' lang='lat' dir='ltr'>sua-</span> 
     </span>
     <span class='ocr_line' id='line_1_5' title="bbox 403 429 1154 475; baseline -0.003 -9"><span class='ocrx_word' id='word_1_17' title='bbox 403 432 501 466; x_wconf 78' lang='lat' dir='ltr'>deret.</span> <span class='ocrx_word' id='word_1_18' title='bbox 532 429 662 463; x_wconf 86' lang='lat' dir='ltr'>Minutis</span> <span class='ocrx_word' id='word_1_19' title='bbox 694 441 766 463; x_wconf 80' lang='lat' dir='ltr'>vero</span> <span class='ocrx_word' id='word_1_20' title='bbox 794 441 848 475; x_wconf 78' lang='lat' dir='ltr'>per</span> <span class='ocrx_word' id='word_1_21' title='bbox 876 429 1015 464; x_wconf 87' lang='lat' dir='ltr'>triduum</span> <span class='ocrx_word' id='word_1_22' title='bbox 1044 441 1154 464; x_wconf 86' lang='lat' dir='ltr'>carnes</span> 
     </span>
     <span class='ocr_line' id='line_1_6' title="bbox 403 478 1155 523; baseline -0.003 -9"><span class='ocrx_word' id='word_1_23' title='bbox 403 481 530 523; x_wconf 82' lang='lat' dir='ltr'>deutur,</span> <span class='ocrx_word' id='word_1_24' title='bbox 559 490 616 513; x_wconf 89' lang='lat' dir='ltr'>nec</span> <span class='ocrx_word' id='word_1_25' title='bbox 643 478 869 512; x_wconf 88' lang='lat' dir='ltr'>subtrahantur</span> <span class='ocrx_word' id='word_1_26' title='bbox 892 478 921 512; x_wconf 93' lang='lat' dir='ltr'>in</span> <span class='ocrx_word' id='word_1_27' title='bbox 947 479 1058 513; x_wconf 85' lang='lat' dir='ltr'>itinere</span> <span class='ocrx_word' id='word_1_28' title='bbox 1077 491 1155 513; x_wconf 89' lang='lat' dir='ltr'>con-</span> 
     </span>
     <span class='ocr_line' id='line_1_7' title="bbox 403 527 1153 575; baseline -0.004 -11"><span class='ocrx_word' id='word_1_29' title='bbox 403 530 529 568; x_wconf 69' lang='lat' dir='ltr'>sunnis,</span> <span class='ocrx_word' id='word_1_30' title='bbox 557 529 595 562; x_wconf 84' lang='lat' dir='ltr'>sit</span> <span class='ocrx_word' id='word_1_31' title='bbox 622 539 749 575; x_wconf 86' lang='lat' dir='ltr'>quoque</span> <span class='ocrx_word' id='word_1_32' title='bbox 772 527 909 574; x_wconf 89' lang='lat' dir='ltr'>ipsarum</span> <span class='ocrx_word' id='word_1_33' title='bbox 933 528 1086 562; x_wconf 75' lang='lat' dir='ltr'><strong>comestio</strong></span> <span class='ocrx_word' id='word_1_34' title='bbox 1116 527 1153 561; x_wconf 92' lang='lat' dir='ltr'>li—</span> 
     </span>
     <span class='ocr_line' id='line_1_8' title="bbox 403 577 1155 625; baseline -0.004 -11"><span class='ocrx_word' id='word_1_35' title='bbox 403 580 461 614; x_wconf 90' lang='lat' dir='ltr'>cita</span> <span class='ocrx_word' id='word_1_36' title='bbox 484 577 620 625; x_wconf 83' lang='lat' dir='ltr'>singulis</span> <span class='ocrx_word' id='word_1_37' title='bbox 653 589 725 611; x_wconf 88' lang='lat' dir='ltr'>cum</span> <span class='ocrx_word' id='word_1_38' title='bbox 763 577 995 611; x_wconf 83' lang='lat' dir='ltr'>solemnitatem</span> <span class='ocrx_word' id='word_1_39' title='bbox 1029 577 1155 623; x_wconf 85' lang='lat' dir='ltr'>praeci—</span> 
     </span>
     <span class='ocr_line' id='line_1_9' title="bbox 404 626 1156 676; baseline -0.003 -14"><span class='ocrx_word' id='word_1_40' title='bbox 404 641 495 676; x_wconf 89' lang='lat' dir='ltr'>puam</span> <span class='ocrx_word' id='word_1_41' title='bbox 521 626 708 661; x_wconf 80' lang='lat' dir='ltr'>intervenire</span> <span class='ocrx_word' id='word_1_42' title='bbox 735 626 913 672; x_wconf 72' lang='lat' dir='ltr'>coritigerit,</span> <span class='ocrx_word' id='word_1_43' title='bbox 943 626 971 659; x_wconf 91' lang='lat' dir='ltr'>in</span> <span class='ocrx_word' id='word_1_44' title='bbox 996 639 1056 673; x_wconf 89' lang='lat' dir='ltr'>qua</span> <span class='ocrx_word' id='word_1_45' title='bbox 1083 638 1156 660; x_wconf 83' lang='lat' dir='ltr'>cae-</span> 
     </span>
     <span class='ocr_line' id='line_1_10' title="bbox 404 675 1156 722; baseline -0.004 -10"><span class='ocrx_word' id='word_1_46' title='bbox 404 679 460 713; x_wconf 67' lang='lat' dir='ltr'>teri</span> <span class='ocrx_word' id='word_1_47' title='bbox 484 676 646 711; x_wconf 85' lang='lat' dir='ltr'>christiani</span> <span class='ocrx_word' id='word_1_48' title='bbox 670 675 708 709; x_wconf 93' lang='lat' dir='ltr'>ab</span> <span class='ocrx_word' id='word_1_49' title='bbox 739 676 869 722; x_wconf 79' lang='lat' dir='ltr'>antiquo</span> <span class='ocrx_word' id='word_1_50' title='bbox 904 675 1005 722; x_wconf 86' lang='lat' dir='ltr'>epulis</span> <span class='ocrx_word' id='word_1_51' title='bbox 1033 676 1156 709; x_wconf 85' lang='lat' dir='ltr'>carneis</span> 
     </span>
     <span class='ocr_line' id='line_1_11' title="bbox 405 723 1156 771; baseline -0.005 -10"><span class='ocrx_word' id='word_1_52' title='bbox 405 728 484 761; x_wconf 79' lang='lat' dir='ltr'>vesci</span> <span class='ocrx_word' id='word_1_53' title='bbox 509 726 620 761; x_wconf 86' lang='lat' dir='ltr'>solent.</span> <span class='ocrx_word' id='word_1_54' title='bbox 645 724 723 759; x_wconf 66' lang='lat' dir='ltr'>Aliis</span> <span class='ocrx_word' id='word_1_55' title='bbox 750 732 854 759; x_wconf 83' lang='lat' dir='ltr'>autem</span> <span class='ocrx_word' id='word_1_56' title='bbox 879 723 1009 765; x_wconf 75' lang='lat' dir='ltr'>diebuS,</span> <span class='ocrx_word' id='word_1_57' title='bbox 1034 724 1062 758; x_wconf 92' lang='lat' dir='ltr'>in</span> <span class='ocrx_word' id='word_1_58' title='bbox 1083 724 1156 771; x_wconf 87' lang='lat' dir='ltr'>qui-</span> 
     </span>
     <span class='ocr_line' id='line_1_12' title="bbox 405 775 1156 813; baseline -0.007 -2"><span class='ocrx_word' id='word_1_59' title='bbox 405 777 463 811; x_wconf 89' lang='lat' dir='ltr'>bus</span> <span class='ocrx_word' id='word_1_60' title='bbox 485 775 637 810; x_wconf 87' lang='lat' dir='ltr'>ieiunium</span> <span class='ocrx_word' id='word_1_61' title='bbox 665 787 727 808; x_wconf 93' lang='lat' dir='ltr'>non</span> <span class='ocrx_word' id='word_1_62' title='bbox 756 783 915 813; x_wconf 72' lang='lat' dir='ltr'>seri-atur,</span> <span class='ocrx_word' id='word_1_63' title='bbox 943 785 998 807; x_wconf 81' lang='lat' dir='ltr'>ova</span> <span class='ocrx_word' id='word_1_64' title='bbox 1033 781 1062 807; x_wconf 86' lang='lat' dir='ltr'>et</span> <span class='ocrx_word' id='word_1_65' title='bbox 1098 786 1156 807; x_wconf 85' lang='lat' dir='ltr'>ca·-</span> 
     </span>
     <span class='ocr_line' id='line_1_13' title="bbox 403 822 1157 870; baseline -0.008 -9"><span class='ocrx_word' id='word_1_66' title='bbox 403 838 477 861; x_wconf 87' lang='lat' dir='ltr'>seus</span> <span class='ocrx_word' id='word_1_67' title='bbox 501 837 562 859; x_wconf 92' lang='lat' dir='ltr'>non</span> <span class='ocrx_word' id='word_1_68' title='bbox 587 831 750 870; x_wconf 74' lang='lat' dir='ltr'>negentur.</span> <span class='ocrx_word' id='word_1_69' title='bbox 775 823 883 857; x_wconf 78' lang='lat' dir='ltr'>Sedet</span> <span class='ocrx_word' id='word_1_70' title='bbox 907 834 978 857; x_wconf 90' lang='lat' dir='ltr'>cum</span> <span class='ocrx_word' id='word_1_71' title='bbox 1004 822 1157 867; x_wconf 74' lang='lat' dir='ltr'>religiosis</span> 
     </span>
     <span class='ocr_line' id='line_1_14' title="bbox 404 871 1157 909; baseline -0.005 0"><span class='ocrx_word' id='word_1_72' title='bbox 404 875 535 909; x_wconf 70' lang='lat' dir='ltr'>caeteris</span> <span class='ocrx_word' id='word_1_73' title='bbox 564 873 593 907; x_wconf 92' lang='lat' dir='ltr'>in</span> <span class='ocrx_word' id='word_1_74' title='bbox 623 885 732 907; x_wconf 90' lang='lat' dir='ltr'>eorum</span> <span class='ocrx_word' id='word_1_75' title='bbox 761 871 1023 907; x_wconf 67' lang='lat' dir='ltr'>conventualibus</span> <span class='ocrx_word' id='word_1_76' title='bbox 1052 871 1157 905; x_wconf 89' lang='lat' dir='ltr'>domi-</span> 
     </span>
     <span class='ocr_line' id='line_1_15' title="bbox 405 920 1157 967; baseline -0.005 -9"><span class='ocrx_word' id='word_1_77' title='bbox 405 924 464 958; x_wconf 90' lang='lat' dir='ltr'>bus</span> <span class='ocrx_word' id='word_1_78' title='bbox 486 923 568 957; x_wconf 87' lang='lat' dir='ltr'>licite</span> <span class='ocrx_word' id='word_1_79' title='bbox 595 934 719 956; x_wconf 89' lang='lat' dir='ltr'>sumere</span> <span class='ocrx_word' id='word_1_80' title='bbox 744 921 863 955; x_wconf 75' lang='lat' dir='ltr'>valeant</span> <span class='ocrx_word' id='word_1_81' title='bbox 885 920 924 953; x_wconf 89' lang='lat' dir='ltr'>de</span> <span class='ocrx_word' id='word_1_82' title='bbox 948 920 1101 967; x_wconf 88' lang='lat' dir='ltr'>appositis</span> <span class='ocrx_word' id='word_1_83' title='bbox 1119 920 1157 954; x_wconf 92' lang='lat' dir='ltr'>ab</span> 
     </span>
     <span class='ocr_line' id='line_1_16' title="bbox 405 970 1158 1018; baseline -0.005 -10"><span class='ocrx_word' id='word_1_84' title='bbox 405 972 535 1008; x_wconf 87' lang='lat' dir='ltr'>eisdem.</span> <span class='ocrx_word' id='word_1_85' title='bbox 564 971 697 1018; x_wconf 78' lang='lat' dir='ltr'>Simque</span> <span class='ocrx_word' id='word_1_86' title='bbox 724 970 856 1016; x_wconf 77' lang='lat' dir='ltr'>prandii,</span> <span class='ocrx_word' id='word_1_87' title='bbox 893 981 1073 1015; x_wconf 86' lang='lat' dir='ltr'>coenaeque</span> <span class='ocrx_word' id='word_1_88' title='bbox 1101 981 1158 1004; x_wconf 87' lang='lat' dir='ltr'>re—</span> 
     </span>
     <span class='ocr_line' id='line_1_17' title="bbox 406 1017 1158 1066; baseline -0.005 -10"><span class='ocrx_word' id='word_1_89' title='bbox 406 1022 539 1057; x_wconf 82' lang='lat' dir='ltr'>fectione</span> <span class='ocrx_word' id='word_1_90' title='bbox 567 1020 725 1059; x_wconf 76' lang='lat' dir='ltr'>contenti,</span> <span class='ocrx_word' id='word_1_91' title='bbox 754 1019 894 1066; x_wconf 84' lang='lat' dir='ltr'>exceptis</span> <span class='ocrx_word' id='word_1_92' title='bbox 923 1017 1095 1064; x_wconf 78' lang='lat' dir='ltr'>languidis,</span> <span class='ocrx_word' id='word_1_93' title='bbox 1128 1026 1158 1052; x_wconf 90' lang='lat' dir='ltr'>et</span> 
     </span>
     <span class='ocr_line' id='line_1_18' title="bbox 406 1067 1158 1105; baseline -0.005 0"><span class='ocrx_word' id='word_1_94' title='bbox 406 1069 576 1105; x_wconf 84' lang='lat' dir='ltr'>viatoribus</span> <span class='ocrx_word' id='word_1_95' title='bbox 615 1077 644 1103; x_wconf 88' lang='lat' dir='ltr'>et</span> <span class='ocrx_word' id='word_1_96' title='bbox 683 1068 827 1102; x_wconf 81' lang='lat' dir='ltr'>infirmis.</span> <span class='ocrx_word' id='word_1_97' title='bbox 868 1067 916 1102; x_wconf 84' lang='lat' dir='ltr'>Sit</span> <span class='ocrx_word' id='word_1_98' title='bbox 950 1067 1034 1102; x_wconf 86' lang='lat' dir='ltr'>sanis</span> <span class='ocrx_word' id='word_1_99' title='bbox 1069 1067 1158 1102; x_wconf 86' lang='lat' dir='ltr'>cibus</span> 
     </span>
     <span class='ocr_line' id='line_1_19' title="bbox 406 1119 1159 1164; baseline -0.004 -10"><span class='ocrx_word' id='word_1_100' title='bbox 406 1119 586 1154; x_wconf 88' lang='lat' dir='ltr'>moderatus</span> <span class='ocrx_word' id='word_1_101' title='bbox 620 1126 649 1152; x_wconf 87' lang='lat' dir='ltr'>et</span> <span class='ocrx_word' id='word_1_102' title='bbox 679 1126 784 1164; x_wconf 77' lang='lat' dir='ltr'>potus,</span> <span class='ocrx_word' id='word_1_103' title='bbox 820 1129 892 1151; x_wconf 87' lang='lat' dir='ltr'>cum</span> <span class='ocrx_word' id='word_1_104' title='bbox 929 1124 1031 1151; x_wconf 80' lang='lat' dir='ltr'>textus</span> <span class='ocrx_word' id='word_1_105' title='bbox 1062 1129 1159 1151; x_wconf 87' lang='lat' dir='ltr'>evan-</span> 
     </span>
     <span class='ocr_line' id='line_1_20' title="bbox 405 1165 1158 1216; baseline -0.004 -13"><span class='ocrx_word' id='word_1_106' title='bbox 405 1168 524 1216; x_wconf 81' lang='lat' dir='ltr'>gelicus</span> <span class='ocrx_word' id='word_1_107' title='bbox 548 1167 673 1202; x_wconf 79' lang='lat' dir='ltr'>habeat:</span> <span class='ocrx_word' id='word_1_108' title='bbox 701 1166 859 1201; x_wconf 73' lang='lat' dir='ltr'>Attendite</span> <span class='ocrx_word' id='word_1_109' title='bbox 876 1178 914 1200; x_wconf 91' lang='lat' dir='ltr'>ne</span> <span class='ocrx_word' id='word_1_110' title='bbox 941 1165 1035 1200; x_wconf 86' lang='lat' dir='ltr'>corda</span> <span class='ocrx_word' id='word_1_111' title='bbox 1060 1174 1158 1201; x_wconf 80' lang='lat' dir='ltr'>vestra</span> 
     </span>
     <span class='ocr_line' id='line_1_21' title="bbox 405 1215 1158 1265; baseline -0.004 -13"><span class='ocrx_word' id='word_1_112' title='bbox 405 1218 531 1265; x_wconf 83' lang='lat' dir='ltr'>crapula</span> <span class='ocrx_word' id='word_1_113' title='bbox 554 1225 583 1251; x_wconf 90' lang='lat' dir='ltr'>et</span> <span class='ocrx_word' id='word_1_114' title='bbox 606 1216 754 1251; x_wconf 84' lang='lat' dir='ltr'>ebrietate</span> <span class='ocrx_word' id='word_1_115' title='bbox 781 1224 960 1262; x_wconf 74' lang='lat' dir='ltr'>graventur.</span> <span class='ocrx_word' id='word_1_116' title='bbox 987 1215 1158 1250; x_wconf 78' lang='lat' dir='ltr'>Prandium</span> 
     </span>
     <span class='ocr_line' id='line_1_22' title="bbox 405 1263 1158 1312; baseline -0.005 -10"><span class='ocrx_word' id='word_1_117' title='bbox 405 1276 508 1302; x_wconf 87' lang='lat' dir='ltr'>autem</span> <span class='ocrx_word' id='word_1_118' title='bbox 545 1266 590 1300; x_wconf 88' lang='lat' dir='ltr'>vel</span> <span class='ocrx_word' id='word_1_119' title='bbox 625 1277 742 1309; x_wconf 79' lang='lat' dir='ltr'>coena,</span> <span class='ocrx_word' id='word_1_120' title='bbox 771 1265 827 1299; x_wconf 84' lang='lat' dir='ltr'>nisi</span> <span class='ocrx_word' id='word_1_121' title='bbox 864 1263 1034 1312; x_wconf 84' lang='lat' dir='ltr'>praemissa</span> <span class='ocrx_word' id='word_1_122' title='bbox 1062 1265 1158 1299; x_wconf 88' lang='lat' dir='ltr'>semel</span> 
     </span>
     <span class='ocr_line' id='line_1_23' title="bbox 406 1315 1161 1361; baseline -0.004 -10"><span class='ocrx_word' id='word_1_123' title='bbox 406 1316 563 1351; x_wconf 89' lang='lat' dir='ltr'>dominica</span> <span class='ocrx_word' id='word_1_124' title='bbox 607 1315 763 1354; x_wconf 87' lang='lat' dir='ltr'>oratione,</span> <span class='ocrx_word' id='word_1_125' title='bbox 787 1326 848 1348; x_wconf 89' lang='lat' dir='ltr'>non</span> <span class='ocrx_word' id='word_1_126' title='bbox 884 1322 1040 1349; x_wconf 81' lang='lat' dir='ltr'>sumatur:</span> <span class='ocrx_word' id='word_1_127' title='bbox 1092 1322 1161 1361; x_wconf 80' lang='lat' dir='ltr'>post</span> 
     </span>
     <span class='ocr_line' id='line_1_24' title="bbox 406 1363 1156 1412; baseline -0.004 -12"><span class='ocrx_word' id='word_1_128' title='bbox 406 1365 620 1412; x_wconf 74' lang='lat' dir='ltr'>sumptionem</span> <span class='ocrx_word' id='word_1_129' title='bbox 660 1363 788 1398; x_wconf 82' lang='lat' dir='ltr'>cuilibet</span> <span class='ocrx_word' id='word_1_130' title='bbox 826 1375 897 1397; x_wconf 91' lang='lat' dir='ltr'>cum</span> <span class='ocrx_word' id='word_1_131' title='bbox 928 1364 993 1397; x_wconf 85' lang='lat' dir='ltr'>Deo</span> <span class='ocrx_word' id='word_1_132' title='bbox 1019 1366 1156 1408; x_wconf 77' lang='lat' dir='ltr'>9ratias,</span> 
     </span>
     <span class='ocr_line' id='line_1_25' title="bbox 408 1412 1161 1460; baseline -0.003 -12"><span class='ocrx_word' id='word_1_133' title='bbox 408 1413 565 1458; x_wconf 78' lang='lat' dir='ltr'>iteranda,</span> <span class='ocrx_word' id='word_1_134' title='bbox 592 1413 676 1460; x_wconf 91' lang='lat' dir='ltr'>quod</span> <span class='ocrx_word' id='word_1_135' title='bbox 706 1413 730 1446; x_wconf 87' lang='lat' dir='ltr'>si</span> <span class='ocrx_word' id='word_1_136' title='bbox 766 1413 865 1447; x_wconf 88' lang='lat' dir='ltr'>omitti</span> <span class='ocrx_word' id='word_1_137' title='bbox 889 1412 1077 1459; x_wconf 75' lang='lat' dir='ltr'>cornigerit,</span> <span class='ocrx_word' id='word_1_138' title='bbox 1112 1413 1161 1446; x_wconf 89' lang='lat' dir='ltr'>di—</span> 
     </span>
     <span class='ocr_line' id='line_1_26' title="bbox 407 1461 1161 1503; baseline -0.003 -5"><span class='ocrx_word' id='word_1_139' title='bbox 407 1472 495 1498; x_wconf 87' lang='lat' dir='ltr'>catur</span> <span class='ocrx_word' id='word_1_140' title='bbox 518 1462 617 1497; x_wconf 89' lang='lat' dir='ltr'>tribus</span> <span class='ocrx_word' id='word_1_141' title='bbox 648 1461 771 1496; x_wconf 77' lang='lat' dir='ltr'>vicibus</span> <span class='ocrx_word' id='word_1_142' title='bbox 809 1463 901 1496; x_wconf 81' lang='lat' dir='ltr'>Pater</span> <span class='ocrx_word' id='word_1_143' title='bbox 934 1469 1044 1495; x_wconf 81' lang='lat' dir='ltr'>noster.</span> <span class='ocrx_word' id='word_1_144' title='bbox 1073 1461 1161 1503; x_wconf 82' lang='lat' dir='ltr'>Qua-</span> 
     </span>
     <span class='ocr_line' id='line_1_27' title="bbox 408 1511 1160 1547; baseline -0.004 0"><span class='ocrx_word' id='word_1_145' title='bbox 408 1512 483 1547; x_wconf 86' lang='lat' dir='ltr'>libet</span> <span class='ocrx_word' id='word_1_146' title='bbox 499 1524 570 1547; x_wconf 87' lang='lat' dir='ltr'>vero</span> <span class='ocrx_word' id='word_1_147' title='bbox 593 1519 680 1546; x_wconf 79' lang='lat' dir='ltr'>sexta</span> <span class='ocrx_word' id='word_1_148' title='bbox 700 1511 774 1546; x_wconf 79' lang='lat' dir='ltr'>seria</span> <span class='ocrx_word' id='word_1_149' title='bbox 794 1511 890 1545; x_wconf 84' lang='lat' dir='ltr'>totius</span> <span class='ocrx_word' id='word_1_150' title='bbox 912 1511 984 1544; x_wconf 89' lang='lat' dir='ltr'>anni</span> <span class='ocrx_word' id='word_1_151' title='bbox 1009 1511 1160 1545; x_wconf 82' lang='lat' dir='ltr'>ieiunium</span> 
     </span>
     <span class='ocr_line' id='line_1_28' title="bbox 407 1560 1161 1605; baseline -0.003 -9"><span class='ocrx_word' id='word_1_152' title='bbox 407 1561 603 1605; x_wconf 80' lang='lat' dir='ltr'>celebretur,</span> <span class='ocrx_word' id='word_1_153' title='bbox 632 1560 691 1595; x_wconf 76' lang='lat' dir='ltr'>nisi</span> <span class='ocrx_word' id='word_1_154' title='bbox 715 1560 792 1594; x_wconf 80' lang='lat' dir='ltr'>torte</span> <span class='ocrx_word' id='word_1_155' title='bbox 816 1560 1005 1594; x_wconf 85' lang='lat' dir='ltr'>infirmitatis</span> <span class='ocrx_word' id='word_1_156' title='bbox 1034 1560 1082 1594; x_wconf 77' lang='lat' dir='ltr'>vel</span> <span class='ocrx_word' id='word_1_157' title='bbox 1105 1561 1161 1594; x_wconf 88' lang='lat' dir='ltr'>alia</span> 
     </span>
    </p>
   </div>
   <div class='ocr_carea' id='block_1_4' title="bbox 407 1609 1185 1657">
    <p class='ocr_par' dir='ltr' id='par_1_4' title="bbox 407 1609 1185 1657">
     <span class='ocr_line' id='line_1_29' title="bbox 407 1609 1185 1657; baseline -0.004 -11"><span class='ocrx_word' id='word_1_158' title='bbox 407 1623 517 1646; x_wconf 82' lang='lat' dir='ltr'>caussa</span> <span class='ocrx_word' id='word_1_159' title='bbox 549 1610 686 1656; x_wconf 85' lang='lat' dir='ltr'>legitima</span> <span class='ocrx_word' id='word_1_160' title='bbox 721 1617 923 1653; x_wconf 75' lang='lat' dir='ltr'>excusentur,</span> <span class='ocrx_word' id='word_1_161' title='bbox 959 1609 1017 1643; x_wconf 92' lang='lat' dir='ltr'>nisi</span> <span class='ocrx_word' id='word_1_162' title='bbox 1048 1610 1185 1657; x_wconf 49' lang='lat' dir='ltr'>festum,</span> 
     </span>
    </p>
   </div>
   <div class='ocr_carea' id='block_1_5' title="bbox 408 1659 1168 2703">
    <p class='ocr_par' dir='ltr' id='par_1_5' title="bbox 408 1659 1168 2703">
     <span class='ocr_line' id='line_1_30' title="bbox 408 1659 1163 1705; baseline -0.001 -11"><span class='ocrx_word' id='word_1_163' title='bbox 408 1660 524 1694; x_wconf 83' lang='lat' dir='ltr'>Natalis</span> <span class='ocrx_word' id='word_1_164' title='bbox 552 1659 679 1694; x_wconf 88' lang='lat' dir='ltr'>Domini</span> <span class='ocrx_word' id='word_1_165' title='bbox 713 1659 786 1693; x_wconf 83' lang='lat' dir='ltr'>seria</span> <span class='ocrx_word' id='word_1_166' title='bbox 811 1659 875 1705; x_wconf 91' lang='lat' dir='ltr'>ipsa</span> <span class='ocrx_word' id='word_1_167' title='bbox 899 1666 1078 1693; x_wconf 78' lang='lat' dir='ltr'>occurreret</span> <span class='ocrx_word' id='word_1_168' title='bbox 1107 1659 1163 1693; x_wconf 89' lang='lat' dir='ltr'>ob-</span> 
     </span>
     <span class='ocr_line' id='line_1_31' title="bbox 408 1706 1164 1744; baseline 0 -1"><span class='ocrx_word' id='word_1_169' title='bbox 408 1709 609 1744; x_wconf 87' lang='lat' dir='ltr'>servandum.</span> <span class='ocrx_word' id='word_1_170' title='bbox 636 1707 699 1743; x_wconf 87' lang='lat' dir='ltr'>Sed</span> <span class='ocrx_word' id='word_1_171' title='bbox 719 1720 734 1742; x_wconf 88' lang='lat' dir='ltr'>a</span> <span class='ocrx_word' id='word_1_172' title='bbox 750 1708 828 1742; x_wconf 82' lang='lat' dir='ltr'>sesto</span> <span class='ocrx_word' id='word_1_173' title='bbox 850 1707 1004 1742; x_wconf 88' lang='lat' dir='ltr'>Omnium</span> <span class='ocrx_word' id='word_1_174' title='bbox 1027 1706 1164 1743; x_wconf 89' lang='lat' dir='ltr'>Sancto-</span> 
     </span>
     <span class='ocr_line' id='line_1_32' title="bbox 409 1757 1163 1806; baseline -0.001 -13"><span class='ocrx_word' id='word_1_175' title='bbox 409 1771 477 1793; x_wconf 90' lang='lat' dir='ltr'>rum</span> <span class='ocrx_word' id='word_1_176' title='bbox 506 1770 605 1806; x_wconf 82' lang='lat' dir='ltr'>usque.</span> <span class='ocrx_word' id='word_1_177' title='bbox 640 1757 677 1792; x_wconf 85' lang='lat' dir='ltr'>ad</span> <span class='ocrx_word' id='word_1_178' title='bbox 715 1757 853 1797; x_wconf 82' lang='lat' dir='ltr'>Pascha,</span> <span class='ocrx_word' id='word_1_179' title='bbox 888 1764 996 1804; x_wconf 80' lang='lat' dir='ltr'>quarta</span> <span class='ocrx_word' id='word_1_180' title='bbox 1024 1767 1054 1792; x_wconf 89' lang='lat' dir='ltr'>et</span> <span class='ocrx_word' id='word_1_181' title='bbox 1077 1765 1163 1792; x_wconf 83' lang='lat' dir='ltr'>sexta</span> 
     </span>
     <span class='ocr_line' id='line_1_33' title="bbox 408 1806 1164 1853; baseline 0.001 -12"><span class='ocrx_word' id='word_1_182' title='bbox 408 1807 481 1842; x_wconf 86' lang='lat' dir='ltr'>feria</span> <span class='ocrx_word' id='word_1_183' title='bbox 505 1807 706 1847; x_wconf 81' lang='lat' dir='ltr'>ieiunabunt;</span> <span class='ocrx_word' id='word_1_184' title='bbox 741 1807 818 1848; x_wconf 89' lang='lat' dir='ltr'>alia,</span> <span class='ocrx_word' id='word_1_185' title='bbox 853 1818 934 1853; x_wconf 86' lang='lat' dir='ltr'>quae</span> <span class='ocrx_word' id='word_1_186' title='bbox 956 1806 994 1841; x_wconf 91' lang='lat' dir='ltr'>ab</span> <span class='ocrx_word' id='word_1_187' title='bbox 1023 1806 1164 1842; x_wconf 82' lang='lat' dir='ltr'>Ecclesia</span> 
     </span>
     <span class='ocr_line' id='line_1_34' title="bbox 408 1855 1164 1897; baseline 0.001 -6"><span class='ocrx_word' id='word_1_188' title='bbox 408 1865 482 1891; x_wconf 88' lang='lat' dir='ltr'>sunt</span> <span class='ocrx_word' id='word_1_189' title='bbox 517 1864 654 1897; x_wconf 87' lang='lat' dir='ltr'>statuta,</span> <span class='ocrx_word' id='word_1_190' title='bbox 694 1856 740 1891; x_wconf 86' lang='lat' dir='ltr'>vel</span> <span class='ocrx_word' id='word_1_191' title='bbox 776 1855 942 1891; x_wconf 87' lang='lat' dir='ltr'>ordinariis</span> <span class='ocrx_word' id='word_1_192' title='bbox 977 1868 1014 1890; x_wconf 86' lang='lat' dir='ltr'>ex</span> <span class='ocrx_word' id='word_1_193' title='bbox 1054 1868 1164 1892; x_wconf 78' lang='lat' dir='ltr'>caussa</span> 
     </span>
     <span class='ocr_line' id='line_1_35' title="bbox 408 1906 1166 1945; baseline -0.001 -3"><span class='ocrx_word' id='word_1_194' title='bbox 408 1908 622 1942; x_wconf 86' lang='lat' dir='ltr'>communiter</span> <span class='ocrx_word' id='word_1_195' title='bbox 645 1906 776 1945; x_wconf 86' lang='lat' dir='ltr'>indicta,</span> <span class='ocrx_word' id='word_1_196' title='bbox 807 1906 923 1941; x_wconf 87' lang='lat' dir='ltr'>ieiunia</span> <span class='ocrx_word' id='word_1_197' title='bbox 957 1906 1166 1942; x_wconf 87' lang='lat' dir='ltr'>nihilominus</span> 
     </span>
     <span class='ocr_line' id='line_1_36' title="bbox 409 1956 1165 2004; baseline 0.001 -13"><span class='ocrx_word' id='word_1_198' title='bbox 409 1957 572 1991; x_wconf 87' lang='lat' dir='ltr'>servaturi.</span> <span class='ocrx_word' id='word_1_199' title='bbox 597 1957 629 1991; x_wconf 88' lang='lat' dir='ltr'>Iu</span> <span class='ocrx_word' id='word_1_200' title='bbox 653 1956 894 2004; x_wconf 83' lang='lat' dir='ltr'>quadragesima</span> <span class='ocrx_word' id='word_1_201' title='bbox 923 1968 996 1990; x_wconf 85' lang='lat' dir='ltr'>vero</span> <span class='ocrx_word' id='word_1_202' title='bbox 1023 1958 1062 1992; x_wconf 83' lang='lat' dir='ltr'>B.</span> <span class='ocrx_word' id='word_1_203' title='bbox 1082 1957 1165 1992; x_wconf 83' lang='lat' dir='ltr'>Mar-</span> 
     </span>
     <span class='ocr_line' id='line_1_37' title="bbox 411 2006 1164 2054; baseline 0.003 -12"><span class='ocrx_word' id='word_1_204' title='bbox 411 2008 464 2042; x_wconf 86' lang='lat' dir='ltr'>tiui</span> <span class='ocrx_word' id='word_1_205' title='bbox 495 2019 594 2054; x_wconf 86' lang='lat' dir='ltr'>usqne</span> <span class='ocrx_word' id='word_1_206' title='bbox 622 2006 658 2041; x_wconf 86' lang='lat' dir='ltr'>ad</span> <span class='ocrx_word' id='word_1_207' title='bbox 687 2007 770 2041; x_wconf 86' lang='lat' dir='ltr'>diem</span> <span class='ocrx_word' id='word_1_208' title='bbox 809 2006 984 2041; x_wconf 85' lang='lat' dir='ltr'>Nativitatis</span> <span class='ocrx_word' id='word_1_209' title='bbox 1015 2009 1164 2050; x_wconf 82' lang='lat' dir='ltr'>Domini,</span> 
     </span>
     <span class='ocr_line' id='line_1_38' title="bbox 410 2057 1164 2106; baseline 0.001 -13"><span class='ocrx_word' id='word_1_210' title='bbox 410 2067 439 2093; x_wconf 84' lang='lat' dir='ltr'>et</span> <span class='ocrx_word' id='word_1_211' title='bbox 462 2071 478 2092; x_wconf 92' lang='lat' dir='ltr'>a</span> <span class='ocrx_word' id='word_1_212' title='bbox 501 2057 659 2092; x_wconf 84' lang='lat' dir='ltr'>dominica</span> <span class='ocrx_word' id='word_1_213' title='bbox 686 2057 977 2104; x_wconf 78' lang='lat' dir='ltr'>Quinquagesimac</span> <span class='ocrx_word' id='word_1_214' title='bbox 1007 2071 1104 2106; x_wconf 84' lang='lat' dir='ltr'>usque</span> <span class='ocrx_word' id='word_1_215' title='bbox 1127 2061 1164 2096; x_wconf 89' lang='lat' dir='ltr'>ad</span> 
     </span>
     <span class='ocr_line' id='line_1_39' title="bbox 410 2107 1165 2156; baseline 0.003 -13"><span class='ocrx_word' id='word_1_216' title='bbox 410 2108 543 2151; x_wconf 79' lang='lat' dir='ltr'>Pascha,</span> <span class='ocrx_word' id='word_1_217' title='bbox 575 2108 687 2143; x_wconf 78' lang='lat' dir='ltr'>diebus</span> <span class='ocrx_word' id='word_1_218' title='bbox 713 2107 849 2153; x_wconf 82' lang='lat' dir='ltr'>singulis</span> <span class='ocrx_word' id='word_1_219' title='bbox 876 2110 1034 2156; x_wconf 83' lang='lat' dir='ltr'>(exceptis</span> <span class='ocrx_word' id='word_1_220' title='bbox 1061 2108 1165 2145; x_wconf 90' lang='lat' dir='ltr'>domi-</span> 
     </span>
     <span class='ocr_line' id='line_1_40' title="bbox 412 2159 1165 2205; baseline 0.001 -12"><span class='ocrx_word' id='word_1_221' title='bbox 412 2159 507 2204; x_wconf 90' lang='lat' dir='ltr'>nicis)</span> <span class='ocrx_word' id='word_1_222' title='bbox 537 2159 676 2193; x_wconf 86' lang='lat' dir='ltr'>ieiunare</span> <span class='ocrx_word' id='word_1_223' title='bbox 701 2165 883 2205; x_wconf 80' lang='lat' dir='ltr'>procurent,</span> <span class='ocrx_word' id='word_1_224' title='bbox 907 2160 964 2193; x_wconf 89' lang='lat' dir='ltr'>uisi</span> <span class='ocrx_word' id='word_1_225' title='bbox 993 2159 1076 2194; x_wconf 88' lang='lat' dir='ltr'>aliud</span> <span class='ocrx_word' id='word_1_226' title='bbox 1103 2160 1165 2195; x_wconf 83' lang='lat' dir='ltr'>sor-</span> 
     </span>
     <span class='ocr_line' id='line_1_41' title="bbox 412 2210 1166 2248; baseline -0.004 -2"><span class='ocrx_word' id='word_1_227' title='bbox 412 2221 492 2248; x_wconf 84' lang='lat' dir='ltr'>tasse</span> <span class='ocrx_word' id='word_1_228' title='bbox 521 2212 685 2247; x_wconf 82' lang='lat' dir='ltr'>infirmitas</span> <span class='ocrx_word' id='word_1_229' title='bbox 718 2211 763 2246; x_wconf 80' lang='lat' dir='ltr'>vel</span> <span class='ocrx_word' id='word_1_230' title='bbox 796 2210 967 2245; x_wconf 74' lang='lat' dir='ltr'>necessitas</span> <span class='ocrx_word' id='word_1_231' title='bbox 993 2210 1050 2244; x_wconf 89' lang='lat' dir='ltr'>alia</span> <span class='ocrx_word' id='word_1_232' title='bbox 1086 2222 1166 2244; x_wconf 88' lang='lat' dir='ltr'>sua-</span> 
     </span>
     <span class='ocr_line' id='line_1_42' title="bbox 412 2259 1166 2307; baseline -0.005 -10"><span class='ocrx_word' id='word_1_233' title='bbox 412 2263 509 2297; x_wconf 81' lang='lat' dir='ltr'>deret.</span> <span class='ocrx_word' id='word_1_234' title='bbox 546 2261 679 2297; x_wconf 80' lang='lat' dir='ltr'>Sorores</span> <span class='ocrx_word' id='word_1_235' title='bbox 705 2260 861 2307; x_wconf 65' lang='lat' dir='ltr'>gravidae,</span> <span class='ocrx_word' id='word_1_236' title='bbox 899 2272 998 2306; x_wconf 83' lang='lat' dir='ltr'>usque</span> <span class='ocrx_word' id='word_1_237' title='bbox 1029 2259 1065 2293; x_wconf 83' lang='lat' dir='ltr'>ad</span> <span class='ocrx_word' id='word_1_238' title='bbox 1093 2271 1166 2294; x_wconf 84' lang='lat' dir='ltr'>suae</span> 
     </span>
     <span class='ocr_line' id='line_1_43' title="bbox 414 2309 1167 2359; baseline -0.003 -13"><span class='ocrx_word' id='word_1_239' title='bbox 414 2311 643 2359; x_wconf 76' lang='lat' dir='ltr'>purificationis</span> <span class='ocrx_word' id='word_1_240' title='bbox 671 2311 753 2345; x_wconf 87' lang='lat' dir='ltr'>diem</span> <span class='ocrx_word' id='word_1_241' title='bbox 778 2310 816 2345; x_wconf 88' lang='lat' dir='ltr'>ab</span> <span class='ocrx_word' id='word_1_242' title='bbox 838 2309 1064 2344; x_wconf 81' lang='lat' dir='ltr'>exercitatione</span> <span class='ocrx_word' id='word_1_243' title='bbox 1087 2321 1167 2355; x_wconf 80' lang='lat' dir='ltr'>qua-</span> 
     </span>
     <span class='ocr_line' id='line_1_44' title="bbox 413 2359 1166 2410; baseline -0.005 -13"><span class='ocrx_word' id='word_1_244' title='bbox 413 2363 487 2397; x_wconf 78' lang='lat' dir='ltr'>libet</span> <span class='ocrx_word' id='word_1_245' title='bbox 510 2361 664 2410; x_wconf 84' lang='lat' dir='ltr'>corporali</span> <span class='ocrx_word' id='word_1_246' title='bbox 689 2360 897 2405; x_wconf 82' lang='lat' dir='ltr'>(orationihus</span> <span class='ocrx_word' id='word_1_247' title='bbox 924 2359 1083 2394; x_wconf 84' lang='lat' dir='ltr'>dumtaxat</span> <span class='ocrx_word' id='word_1_248' title='bbox 1110 2372 1166 2394; x_wconf 83' lang='lat' dir='ltr'>ex-</span> 
     </span>
     <span class='ocr_line' id='line_1_45' title="bbox 413 2409 1165 2459; baseline -0.007 -12"><span class='ocrx_word' id='word_1_249' title='bbox 413 2413 522 2459; x_wconf 87' lang='lat' dir='ltr'>ceptis)</span> <span class='ocrx_word' id='word_1_250' title='bbox 551 2419 716 2459; x_wconf 86' lang='lat' dir='ltr'>poterunt,</span> <span class='ocrx_word' id='word_1_251' title='bbox 750 2411 775 2445; x_wconf 87' lang='lat' dir='ltr'>si</span> <span class='ocrx_word' id='word_1_252' title='bbox 806 2410 970 2450; x_wconf 70' lang='lat' dir='ltr'>voluerint,</span> <span class='ocrx_word' id='word_1_253' title='bbox 998 2409 1165 2444; x_wconf 85' lang='lat' dir='ltr'>abstinere.</span> 
     </span>
     <span class='ocr_line' id='line_1_46' title="bbox 415 2459 1166 2507; baseline -0.007 -10"><span class='ocrx_word' id='word_1_254' title='bbox 415 2462 606 2497; x_wconf 83' lang='lat' dir='ltr'>Laborantes</span> <span class='ocrx_word' id='word_1_255' title='bbox 643 2470 748 2496; x_wconf 86' lang='lat' dir='ltr'>autem</span> <span class='ocrx_word' id='word_1_256' title='bbox 789 2468 937 2507; x_wconf 65' lang='lat' dir='ltr'>(propter</span> <span class='ocrx_word' id='word_1_257' title='bbox 976 2459 1166 2506; x_wconf 82' lang='lat' dir='ltr'>fatigationis</span> 
     </span>
     <span class='ocr_line' id='line_1_47' title="bbox 415 2509 1168 2554; baseline -0.004 -8"><span class='ocrx_word' id='word_1_258' title='bbox 415 2512 577 2547; x_wconf 81' lang='lat' dir='ltr'>afficientis</span> <span class='ocrx_word' id='word_1_259' title='bbox 606 2511 802 2554; x_wconf 83' lang='lat' dir='ltr'>instantiam)</span> <span class='ocrx_word' id='word_1_260' title='bbox 837 2523 851 2545; x_wconf 92' lang='lat' dir='ltr'>a</span> <span class='ocrx_word' id='word_1_261' title='bbox 888 2509 1069 2544; x_wconf 88' lang='lat' dir='ltr'>Dominicae</span> <span class='ocrx_word' id='word_1_262' title='bbox 1103 2509 1168 2543; x_wconf 85' lang='lat' dir='ltr'>Re-</span> 
     </span>
     <span class='ocr_line' id='line_1_48' title="bbox 416 2558 1166 2608; baseline -0.007 -11"><span class='ocrx_word' id='word_1_263' title='bbox 416 2562 619 2597; x_wconf 86' lang='lat' dir='ltr'>surrectionis</span> <span class='ocrx_word' id='word_1_264' title='bbox 648 2561 724 2595; x_wconf 81' lang='lat' dir='ltr'>sesto</span> <span class='ocrx_word' id='word_1_265' title='bbox 759 2572 857 2608; x_wconf 84' lang='lat' dir='ltr'>usque</span> <span class='ocrx_word' id='word_1_266' title='bbox 894 2559 931 2594; x_wconf 86' lang='lat' dir='ltr'>ad</span> <span class='ocrx_word' id='word_1_267' title='bbox 970 2558 1166 2594; x_wconf 82' lang='lat' dir='ltr'>festivitatem</span> 
     </span>
     <span class='ocr_line' id='line_1_49' title="bbox 418 2608 1166 2658; baseline -0.005 -12"><span class='ocrx_word' id='word_1_268' title='bbox 418 2612 452 2646; x_wconf 81' lang='grc' dir='ltr'>Β.</span> <span class='ocrx_word' id='word_1_269' title='bbox 483 2610 637 2646; x_wconf 86' lang='lat' dir='ltr'>Francisci</span> <span class='ocrx_word' id='word_1_270' title='bbox 668 2610 834 2658; x_wconf 78' lang='lat' dir='ltr'>praedicti,</span> <span class='ocrx_word' id='word_1_271' title='bbox 871 2618 915 2644; x_wconf 76' lang='lat' dir='ltr'>ter</span> <span class='ocrx_word' id='word_1_272' title='bbox 948 2609 976 2643; x_wconf 92' lang='lat' dir='ltr'>in</span> <span class='ocrx_word' id='word_1_273' title='bbox 1006 2608 1072 2650; x_wconf 89' lang='lat' dir='ltr'>die,</span> <span class='ocrx_word' id='word_1_274' title='bbox 1108 2620 1166 2655; x_wconf 83' lang='lat' dir='ltr'>qua</span> 
     </span>
     <span class='ocr_line' id='line_1_50' title="bbox 418 2659 1168 2703; baseline -0.004 -8"><span class='ocrx_word' id='word_1_275' title='bbox 418 2660 565 2695; x_wconf 68' lang='lat' dir='ltr'>exercitio</span> <span class='ocrx_word' id='word_1_276' title='bbox 583 2660 696 2693; x_wconf 78' lang='lat' dir='ltr'>laboris</span> <span class='ocrx_word' id='word_1_277' title='bbox 720 2659 915 2703; x_wconf 73' lang='lat' dir='ltr'>incumbent,</span> <span class='ocrx_word' id='word_1_278' title='bbox 938 2659 1019 2693; x_wconf 82' lang='lat' dir='ltr'>licite</span> <span class='ocrx_word' id='word_1_279' title='bbox 1042 2670 1168 2692; x_wconf 74' lang='lat' dir='ltr'>sumere</span> 
     </span>
    </p>
   </div>
   <div class='ocr_carea' id='block_1_6' title="bbox 1182 1319 1192 2635">
    <p class='ocr_par' dir='ltr' id='par_1_6' title="bbox 1182 1319 1192 2635">
     <span class='ocr_line' id='line_1_51' title="bbox 1182 1319 1192 2635; baseline 0 0"><span class='ocrx_word' id='word_1_280' title='bbox 1182 1319 1192 2635; x_wconf 95' lang='lat' dir='ltr'> </span> 
     </span>
    </p>
   </div>
   <div class='ocr_carea' id='block_1_7' title="bbox 987 275 1360 298">
    <p class='ocr_par' dir='ltr' id='par_1_7' title="bbox 987 275 1360 298">
     <span class='ocr_line' id='line_1_52' title="bbox 987 275 1360 298; baseline 0.003 -1"><span class='ocrx_word' id='word_1_281' title='bbox 987 276 1085 298; x_wconf 55' lang='lat' dir='ltr'>mmm</span> <span class='ocrx_word' id='word_1_282' title='bbox 1091 275 1171 298; x_wconf 67' lang='lat' dir='ltr'>lura}</span> <span class='ocrx_word' id='word_1_283' title='bbox 1200 275 1360 298; x_wconf 70' lang='lat' dir='ltr'>ttOMANtM</span> 
     </span>
    </p>
   </div>
   <div class='ocr_carea' id='block_1_8' title="bbox 1195 329 1953 612">
    <p class='ocr_par' dir='ltr' id='par_1_8' title="bbox 1195 329 1953 612">
     <span class='ocr_line' id='line_1_53' title="bbox 1196 329 1951 378; baseline 0.001 -13"><span class='ocrx_word' id='word_1_284' title='bbox 1196 329 1300 365; x_wconf 90' lang='lat' dir='ltr'>cibum</span> <span class='ocrx_word' id='word_1_285' title='bbox 1330 337 1471 377; x_wconf 81' lang='lat' dir='ltr'>possunt.</span> <span class='ocrx_word' id='word_1_286' title='bbox 1497 329 1579 364; x_wconf 90' lang='lat' dir='ltr'>Cum</span> <span class='ocrx_word' id='word_1_287' title='bbox 1606 342 1676 365; x_wconf 78' lang='lat' dir='ltr'>vero</span> <span class='ocrx_word' id='word_1_288' title='bbox 1700 329 1769 365; x_wconf 81' lang='lat' dir='ltr'>illos</span> <span class='ocrx_word' id='word_1_289' title='bbox 1785 331 1951 378; x_wconf 88' lang='lat' dir='ltr'>contigerit</span> 
     </span>
     <span class='ocr_line' id='line_1_54' title="bbox 1195 378 1951 420; baseline 0.001 -6"><span class='ocrx_word' id='word_1_290' title='bbox 1195 379 1328 414; x_wconf 89' lang='lat' dir='ltr'>aliorum</span> <span class='ocrx_word' id='word_1_291' title='bbox 1359 379 1523 414; x_wconf 86' lang='lat' dir='ltr'>imminere</span> <span class='ocrx_word' id='word_1_292' title='bbox 1558 378 1730 420; x_wconf 87' lang='lat' dir='ltr'>laboribus,</span> <span class='ocrx_word' id='word_1_293' title='bbox 1765 379 1804 414; x_wconf 91' lang='lat' dir='ltr'>de</span> <span class='ocrx_word' id='word_1_294' title='bbox 1824 381 1951 419; x_wconf 81' lang='lat' dir='ltr'>‚cunctis</span> 
     </span>
     <span class='ocr_line' id='line_1_55' title="bbox 1196 428 1952 477; baseline 0.003 -14"><span class='ocrx_word' id='word_1_295' title='bbox 1196 429 1357 477; x_wconf 88' lang='lat' dir='ltr'>appositis,</span> <span class='ocrx_word' id='word_1_296' title='bbox 1386 429 1436 464; x_wconf 91' lang='lat' dir='ltr'>die</span> <span class='ocrx_word' id='word_1_297' title='bbox 1458 428 1599 476; x_wconf 89' lang='lat' dir='ltr'>quolibet</span> <span class='ocrx_word' id='word_1_298' title='bbox 1622 440 1747 464; x_wconf 88' lang='lat' dir='ltr'>sumere</span> <span class='ocrx_word' id='word_1_299' title='bbox 1770 429 1874 463; x_wconf 84' lang='lat' dir='ltr'>licebit</span> <span class='ocrx_word' id='word_1_300' title='bbox 1889 431 1952 465; x_wconf 78' lang='lat' dir='ltr'>eis·-</span> 
     </span>
     <span class='ocr_line' id='line_1_56' title="bbox 1196 477 1950 519; baseline 0.001 -7"><span class='ocrx_word' id='word_1_301' title='bbox 1196 482 1280 519; x_wconf 86' lang='lat' dir='ltr'>dem,</span> <span class='ocrx_word' id='word_1_302' title='bbox 1304 478 1361 512; x_wconf 89' lang='lat' dir='ltr'>nisi</span> <span class='ocrx_word' id='word_1_303' title='bbox 1381 486 1465 513; x_wconf 90' lang='lat' dir='ltr'>sexta</span> <span class='ocrx_word' id='word_1_304' title='bbox 1485 478 1572 518; x_wconf 85' lang='lat' dir='ltr'>feria,</span> <span class='ocrx_word' id='word_1_305' title='bbox 1600 477 1646 512; x_wconf 86' lang='lat' dir='ltr'>vel</span> <span class='ocrx_word' id='word_1_306' title='bbox 1668 477 1735 512; x_wconf 89' lang='lat' dir='ltr'>dies</span> <span class='ocrx_word' id='word_1_307' title='bbox 1757 478 1795 512; x_wconf 92' lang='lat' dir='ltr'>sit</span> <span class='ocrx_word' id='word_1_308' title='bbox 1822 477 1892 519; x_wconf 87' lang='lat' dir='ltr'>alia,</span> <span class='ocrx_word' id='word_1_309' title='bbox 1921 480 1950 513; x_wconf 91' lang='lat' dir='ltr'>in</span> 
     </span>
     <span class='ocr_line' id='line_1_57' title="bbox 1196 527 1953 575; baseline 0.001 -14"><span class='ocrx_word' id='word_1_310' title='bbox 1196 539 1255 575; x_wconf 87' lang='lat' dir='ltr'>qua</span> <span class='ocrx_word' id='word_1_311' title='bbox 1283 528 1471 575; x_wconf 82' lang='lat' dir='ltr'>generaliter</span> <span class='ocrx_word' id='word_1_312' title='bbox 1492 527 1530 562; x_wconf 88' lang='lat' dir='ltr'>ab</span> <span class='ocrx_word' id='word_1_313' title='bbox 1549 527 1688 562; x_wconf 79' lang='lat' dir='ltr'>Ecclesia</span> <span class='ocrx_word' id='word_1_314' title='bbox 1717 527 1869 562; x_wconf 88' lang='lat' dir='ltr'>ieiunium</span> <span class='ocrx_word' id='word_1_315' title='bbox 1893 540 1953 563; x_wconf 91' lang='lat' dir='ltr'>no-</span> 
     </span>
     <span class='ocr_line' id='line_1_58' title="bbox 1196 584 1510 612; baseline 0 -1"><span class='ocrx_word' id='word_1_316' title='bbox 1196 584 1294 611; x_wconf 82' lang='lat' dir='ltr'>scitur</span> <span class='ocrx_word' id='word_1_317' title='bbox 1321 584 1510 612; x_wconf 83' lang='lat' dir='ltr'>institutum.</span> 
     </span>
    </p>
   </div>
   <div class='ocr_carea' id='block_1_9' title="bbox 1200 649 1953 743">
    <p class='ocr_par' dir='ltr' id='par_1_9' title="bbox 1200 649 1953 743">
     <span class='ocr_line' id='line_1_59' title="bbox 1200 649 1953 694; baseline 0 -13"><span class='ocrx_word' id='word_1_318' title='bbox 1200 649 1323 689; x_wconf 74' lang='lat' dir='ltr'>Quoties</span> <span class='ocrx_word' id='word_1_319' title='bbox 1357 650 1483 682; x_wconf 81' lang='lat' dir='ltr'>debeant</span> <span class='ocrx_word' id='word_1_320' title='bbox 1509 650 1645 694; x_wconf 75' lang='lat' dir='ltr'>confiteri</span> <span class='ocrx_word' id='word_1_321' title='bbox 1680 661 1733 693; x_wconf 85' lang='lat' dir='ltr'>per</span> <span class='ocrx_word' id='word_1_322' title='bbox 1764 660 1892 688; x_wconf 73' lang='lat' dir='ltr'>armum,</span> <span class='ocrx_word' id='word_1_323' title='bbox 1927 657 1953 681; x_wconf 80' lang='lat' dir='ltr'>ec</span> 
     </span>
     <span class='ocr_line' id='line_1_60' title="bbox 1246 696 1902 743; baseline 0.003 -12"><span class='ocrx_word' id='word_1_324' title='bbox 1246 709 1362 731; x_wconf 76' lang='lat' dir='ltr'>sumere</span> <span class='ocrx_word' id='word_1_325' title='bbox 1391 699 1507 743; x_wconf 80' lang='lat' dir='ltr'>Corpus</span> <span class='ocrx_word' id='word_1_326' title='bbox 1533 699 1656 732; x_wconf 74' lang='lat' dir='ltr'>Christi.</span> <span class='ocrx_word' id='word_1_327' title='bbox 1676 718 1723 723; x_wconf 81' lang='lat'>——</span> <span class='ocrx_word' id='word_1_328' title='bbox 1741 696 1823 732; x_wconf 61' lang='lat' dir='ltr'>Car.</span> <span class='ocrx_word' id='word_1_329' title='bbox 1849 698 1902 733; x_wconf 90' lang='lat' dir='ltr'>VI.</span> 
     </span>
    </p>
   </div>
   <div class='ocr_carea' id='block_1_10' title="bbox 1198 767 1955 1110">
    <p class='ocr_par' dir='ltr' id='par_1_10' title="bbox 1198 767 1955 1110">
     <span class='ocr_line' id='line_1_61' title="bbox 1247 767 1952 818; baseline 0.003 -17"><span class='ocrx_word' id='word_1_330' title='bbox 1247 767 1369 814; x_wconf 85' lang='lat' dir='ltr'>Singuli</span> <span class='ocrx_word' id='word_1_331' title='bbox 1399 776 1501 803; x_wconf 90' lang='lat' dir='ltr'>autem</span> <span class='ocrx_word' id='word_1_332' title='bbox 1530 768 1658 803; x_wconf 84' lang='lat' dir='ltr'>fratrum</span> <span class='ocrx_word' id='word_1_333' title='bbox 1683 777 1712 803; x_wconf 88' lang='lat' dir='ltr'>et</span> <span class='ocrx_word' id='word_1_334' title='bbox 1735 782 1879 805; x_wconf 87' lang='lat' dir='ltr'>sororum</span> <span class='ocrx_word' id='word_1_335' title='bbox 1905 770 1952 818; x_wconf 86' lang='lat' dir='ltr'>ip-</span> 
     </span>
     <span class='ocr_line' id='line_1_62' title="bbox 1198 817 1952 862; baseline 0.005 -12"><span class='ocrx_word' id='word_1_336' title='bbox 1198 829 1315 856; x_wconf 81' lang='lat' dir='ltr'>sarum,</span> <span class='ocrx_word' id='word_1_337' title='bbox 1345 826 1389 852; x_wconf 91' lang='lat' dir='ltr'>ter</span> <span class='ocrx_word' id='word_1_338' title='bbox 1418 817 1446 851; x_wconf 91' lang='lat' dir='ltr'>in</span> <span class='ocrx_word' id='word_1_339' title='bbox 1481 829 1576 862; x_wconf 77' lang='lat' dir='ltr'>anno,</span> <span class='ocrx_word' id='word_1_340' title='bbox 1605 818 1760 862; x_wconf 79' lang='lat' dir='ltr'>videlieet,</span> <span class='ocrx_word' id='word_1_341' title='bbox 1789 819 1817 853; x_wconf 91' lang='lat' dir='ltr'>in</span> <span class='ocrx_word' id='word_1_342' title='bbox 1853 819 1952 854; x_wconf 88' lang='lat' dir='ltr'>Natali</span> 
     </span>
     <span class='ocr_line' id='line_1_63' title="bbox 1199 865 1954 915; baseline 0.004 -15"><span class='ocrx_word' id='word_1_343' title='bbox 1199 866 1342 907; x_wconf 89' lang='lat' dir='ltr'>Domini,</span> <span class='ocrx_word' id='word_1_344' title='bbox 1371 866 1399 900; x_wconf 91' lang='lat' dir='ltr'>in</span> <span class='ocrx_word' id='word_1_345' title='bbox 1422 865 1667 901; x_wconf 81' lang='lat' dir='ltr'>Resurrectione</span> <span class='ocrx_word' id='word_1_346' title='bbox 1695 867 1794 915; x_wconf 88' lang='lat' dir='ltr'>ipsius</span> <span class='ocrx_word' id='word_1_347' title='bbox 1816 876 1846 903; x_wconf 90' lang='lat' dir='ltr'>et</span> <span class='ocrx_word' id='word_1_348' title='bbox 1869 868 1954 903; x_wconf 85' lang='lat' dir='ltr'>Pen-</span> 
     </span>
     <span class='ocr_line' id='line_1_64' title="bbox 1200 915 1952 965; baseline 0.004 -16"><span class='ocrx_word' id='word_1_349' title='bbox 1200 923 1334 949; x_wconf 81' lang='lat' dir='ltr'>tecostes</span> <span class='ocrx_word' id='word_1_350' title='bbox 1374 915 1611 957; x_wconf 85' lang='lat' dir='ltr'>festivitatibus,</span> <span class='ocrx_word' id='word_1_351' title='bbox 1661 924 1787 964; x_wconf 88' lang='lat' dir='ltr'>peccata</span> <span class='ocrx_word' id='word_1_352' title='bbox 1828 918 1952 965; x_wconf 88' lang='lat' dir='ltr'>propria</span> 
     </span>
     <span class='ocr_line' id='line_1_65' title="bbox 1199 964 1954 1005; baseline 0.004 -6"><span class='ocrx_word' id='word_1_353' title='bbox 1199 964 1357 1005; x_wconf 76' lang='lat' dir='ltr'>confiteri,</span> <span class='ocrx_word' id='word_1_354' title='bbox 1392 972 1422 998; x_wconf 90' lang='lat' dir='ltr'>et</span> <span class='ocrx_word' id='word_1_355' title='bbox 1446 964 1677 999; x_wconf 85' lang='lat' dir='ltr'>Eucharistiam</span> <span class='ocrx_word' id='word_1_356' title='bbox 1713 965 1824 1001; x_wconf 86' lang='lat' dir='ltr'>devote</span> <span class='ocrx_word' id='word_1_357' title='bbox 1847 968 1954 1002; x_wconf 83' lang='lat' dir='ltr'>susei-</span> 
     </span>
     <span class='ocr_line' id='line_1_66' title="bbox 1201 1015 1955 1061; baseline 0.004 -14"><span class='ocrx_word' id='word_1_358' title='bbox 1201 1025 1273 1061; x_wconf 83' lang='lat' dir='ltr'>pere</span> <span class='ocrx_word' id='word_1_359' title='bbox 1306 1025 1367 1048; x_wconf 91' lang='lat' dir='ltr'>nou</span> <span class='ocrx_word' id='word_1_360' title='bbox 1408 1022 1616 1061; x_wconf 80' lang='lat' dir='ltr'>postponant,</span> <span class='ocrx_word' id='word_1_361' title='bbox 1655 1015 1886 1050; x_wconf 85' lang='lat' dir='ltr'>reconciliando</span> <span class='ocrx_word' id='word_1_362' title='bbox 1923 1029 1955 1050; x_wconf 86' lang='lat' dir='ltr'>se</span> 
     </span>
     <span class='ocr_line' id='line_1_67' title="bbox 1201 1063 1884 1110; baseline 0.004 -14"><span class='ocrx_word' id='word_1_363' title='bbox 1201 1063 1354 1110; x_wconf 88' lang='lat' dir='ltr'>proximis</span> <span class='ocrx_word' id='word_1_364' title='bbox 1381 1071 1409 1097; x_wconf 81' lang='lat' dir='ltr'>et</span> <span class='ocrx_word' id='word_1_365' title='bbox 1435 1063 1631 1098; x_wconf 88' lang='lat' dir='ltr'>restituendo</span> <span class='ocrx_word' id='word_1_366' title='bbox 1658 1064 1749 1098; x_wconf 88' lang='lat' dir='ltr'>etiam</span> <span class='ocrx_word' id='word_1_367' title='bbox 1773 1064 1884 1099; x_wconf 88' lang='lat' dir='ltr'>aliena.</span> 
     </span>
    </p>
   </div>
   <div class='ocr_carea' id='block_1_11' title="bbox 1239 1143 1927 1189">
    <p class='ocr_par' dir='ltr' id='par_1_11' title="bbox 1239 1143 1927 1189">
     <span class='ocr_line' id='line_1_68' title="bbox 1239 1143 1927 1189; baseline 0.001 -13"><span class='ocrx_word' id='word_1_368' title='bbox 1239 1143 1330 1183; x_wconf 76' lang='lat' dir='ltr'>Quod</span> <span class='ocrx_word' id='word_1_369' title='bbox 1352 1155 1414 1176; x_wconf 80' lang='lat' dir='ltr'>non</span> <span class='ocrx_word' id='word_1_370' title='bbox 1434 1145 1536 1187; x_wconf 83' lang='lat' dir='ltr'>ferant</span> <span class='ocrx_word' id='word_1_371' title='bbox 1558 1156 1649 1177; x_wconf 83' lang='lat' dir='ltr'>arma</span> <span class='ocrx_word' id='word_1_372' title='bbox 1677 1145 1927 1189; x_wconf 68' lang='lat' dir='ltr'>impugnationis.</span> 
     </span>
    </p>
   </div>
   <div class='ocr_carea' id='block_1_12' title="bbox 1486 1192 1664 1227">
    <p class='ocr_par' dir='ltr' id='par_1_12' title="bbox 1486 1192 1664 1227">
     <span class='ocr_line' id='line_1_69' title="bbox 1486 1192 1664 1227; baseline -0.006 0"><span class='ocrx_word' id='word_1_373' title='bbox 1486 1192 1569 1227; x_wconf 68' lang='lat' dir='ltr'>Cae.</span> <span class='ocrx_word' id='word_1_374' title='bbox 1597 1192 1664 1227; x_wconf 88' lang='lat' dir='ltr'>th.</span> 
     </span>
    </p>
   </div>
   <div class='ocr_carea' id='block_1_13' title="bbox 1202 1263 1957 1495">
    <p class='ocr_par' dir='ltr' id='par_1_13' title="bbox 1202 1263 1957 1495">
     <span class='ocr_line' id='line_1_70' title="bbox 1252 1263 1954 1310; baseline 0.001 -13"><span class='ocrx_word' id='word_1_375' title='bbox 1252 1263 1504 1310; x_wconf 72' lang='lat' dir='ltr'>impugnationis</span> <span class='ocrx_word' id='word_1_376' title='bbox 1526 1276 1610 1298; x_wconf 87' lang='lat' dir='ltr'>arma</span> <span class='ocrx_word' id='word_1_377' title='bbox 1634 1276 1742 1298; x_wconf 90' lang='lat' dir='ltr'>secum</span> <span class='ocrx_word' id='word_1_378' title='bbox 1766 1263 1877 1300; x_wconf 85' lang='lat' dir='ltr'>fratres</span> <span class='ocrx_word' id='word_1_379' title='bbox 1891 1276 1954 1299; x_wconf 88' lang='lat' dir='ltr'>non</span> 
     </span>
     <span class='ocr_line' id='line_1_71' title="bbox 1202 1312 1956 1359; baseline 0.004 -13"><span class='ocrx_word' id='word_1_380' title='bbox 1202 1313 1353 1353; x_wconf 80' lang='lat' dir='ltr'>deserant,</span> <span class='ocrx_word' id='word_1_381' title='bbox 1386 1312 1444 1346; x_wconf 88' lang='lat' dir='ltr'>nisi</span> <span class='ocrx_word' id='word_1_382' title='bbox 1482 1325 1538 1359; x_wconf 89' lang='lat' dir='ltr'>pro</span> <span class='ocrx_word' id='word_1_383' title='bbox 1577 1312 1763 1349; x_wconf 80' lang='lat' dir='ltr'>defensione</span> <span class='ocrx_word' id='word_1_384' title='bbox 1793 1313 1956 1349; x_wconf 83' lang='lat' dir='ltr'>Romanae</span> 
     </span>
     <span class='ocr_line' id='line_1_72' title="bbox 1202 1361 1955 1408; baseline 0.003 -12"><span class='ocrx_word' id='word_1_385' title='bbox 1202 1362 1374 1403; x_wconf 82' lang='lat' dir='ltr'>Ecclesiae,</span> <span class='ocrx_word' id='word_1_386' title='bbox 1402 1361 1590 1397; x_wconf 86' lang='lat' dir='ltr'>christianae</span> <span class='ocrx_word' id='word_1_387' title='bbox 1614 1362 1698 1408; x_wconf 75' lang='lat' dir='ltr'>fidei,</span> <span class='ocrx_word' id='word_1_388' title='bbox 1715 1363 1762 1398; x_wconf 86' lang='lat' dir='ltr'>vel</span> <span class='ocrx_word' id='word_1_389' title='bbox 1781 1363 1875 1398; x_wconf 86' lang='lat' dir='ltr'>etiam</span> <span class='ocrx_word' id='word_1_390' title='bbox 1899 1371 1955 1398; x_wconf 90' lang='lat' dir='ltr'>ter-</span> 
     </span>
     <span class='ocr_line' id='line_1_73' title="bbox 1204 1411 1957 1458; baseline 0.001 -12"><span class='ocrx_word' id='word_1_391' title='bbox 1204 1424 1254 1446; x_wconf 83' lang='lat' dir='ltr'>rae</span> <span class='ocrx_word' id='word_1_392' title='bbox 1278 1411 1418 1458; x_wconf 53' lang='lat' dir='ltr'>{porum</span> <span class='ocrx_word' id='word_1_393' title='bbox 1447 1418 1499 1445; x_wconf 88' lang='lat' dir='ltr'>aut</span> <span class='ocrx_word' id='word_1_394' title='bbox 1522 1412 1559 1446; x_wconf 82' lang='lat' dir='ltr'>de</span> <span class='ocrx_word' id='word_1_395' title='bbox 1581 1424 1711 1447; x_wconf 87' lang='lat' dir='ltr'>suorum</span> <span class='ocrx_word' id='word_1_396' title='bbox 1738 1413 1861 1448; x_wconf 88' lang='lat' dir='ltr'>licentia</span> <span class='ocrx_word' id='word_1_397' title='bbox 1897 1414 1957 1447; x_wconf 90' lang='lat' dir='ltr'>mi-</span> 
     </span>
     <span class='ocr_line' id='line_1_74' title="bbox 1205 1469 1388 1495; baseline -0.005 0"><span class='ocrx_word' id='word_1_398' title='bbox 1205 1469 1388 1495; x_wconf 83' lang='lat' dir='ltr'>histrorum.</span> 
     </span>
    </p>
   </div>
   <div class='ocr_carea' id='block_1_14' title="bbox 1205 1538 1956 1573">
    <p class='ocr_par' dir='ltr' id='par_1_14' title="bbox 1205 1538 1956 1573">
     <span class='ocr_line' id='line_1_75' title="bbox 1205 1538 1956 1573; baseline 0.004 -3"><span class='ocrx_word' id='word_1_399' title='bbox 1205 1539 1250 1571; x_wconf 79' lang='lat' dir='ltr'>De</span> <span class='ocrx_word' id='word_1_400' title='bbox 1265 1538 1398 1571; x_wconf 76' lang='lat' dir='ltr'>dicendis</span> <span class='ocrx_word' id='word_1_401' title='bbox 1412 1538 1495 1571; x_wconf 83' lang='lat' dir='ltr'>horis</span> <span class='ocrx_word' id='word_1_402' title='bbox 1517 1539 1683 1571; x_wconf 77' lang='lat' dir='ltr'>canonicis.</span> <span class='ocrx_word' id='word_1_403' title='bbox 1707 1559 1755 1564; x_wconf 91' lang='lat'>—-</span> <span class='ocrx_word' id='word_1_404' title='bbox 1774 1538 1855 1573; x_wconf 62' lang='lat' dir='ltr'>Cn.</span> <span class='ocrx_word' id='word_1_405' title='bbox 1874 1538 1956 1573; x_wconf 91' lang='lat' dir='ltr'>thl.</span> 
     </span>
    </p>
   </div>
   <div class='ocr_carea' id='block_1_15' title="bbox 1205 1607 1962 2050">
    <p class='ocr_par' dir='ltr' id='par_1_15' title="bbox 1205 1607 1962 2050">
     <span class='ocr_line' id='line_1_76' title="bbox 1254 1607 1959 1657; baseline 0.003 -15"><span class='ocrx_word' id='word_1_406' title='bbox 1254 1607 1368 1642; x_wconf 88' lang='lat' dir='ltr'>Dicant</span> <span class='ocrx_word' id='word_1_407' title='bbox 1397 1607 1533 1642; x_wconf 90' lang='lat' dir='ltr'>universi</span> <span class='ocrx_word' id='word_1_408' title='bbox 1557 1607 1698 1654; x_wconf 89' lang='lat' dir='ltr'>quotidie</span> <span class='ocrx_word' id='word_1_409' title='bbox 1720 1616 1841 1657; x_wconf 89' lang='lat' dir='ltr'>septem</span> <span class='ocrx_word' id='word_1_410' title='bbox 1865 1609 1959 1644; x_wconf 88' lang='lat' dir='ltr'>horas</span> 
     </span>
     <span class='ocr_line' id='line_1_77' title="bbox 1205 1656 1958 1703; baseline 0.004 -13"><span class='ocrx_word' id='word_1_411' title='bbox 1205 1657 1385 1700; x_wconf 78' lang='lat' dir='ltr'>canonicas,</span> <span class='ocrx_word' id='word_1_412' title='bbox 1410 1656 1567 1702; x_wconf 80' lang='lat' dir='ltr'>videlicet,</span> <span class='ocrx_word' id='word_1_413' title='bbox 1586 1657 1789 1703; x_wconf 78' lang='lat' dir='ltr'>Matutinum,</span> <span class='ocrx_word' id='word_1_414' title='bbox 1807 1658 1958 1698; x_wconf 77' lang='lat' dir='ltr'>Primam,</span> 
     </span>
     <span class='ocr_line' id='line_1_78' title="bbox 1205 1706 1960 1755; baseline 0.004 -15"><span class='ocrx_word' id='word_1_415' title='bbox 1205 1706 1342 1740; x_wconf 88' lang='lat' dir='ltr'>Tertiam</span> <span class='ocrx_word' id='word_1_416' title='bbox 1361 1734 1368 1747; x_wconf 91' lang='lat'>‚</span> <span class='ocrx_word' id='word_1_417' title='bbox 1396 1706 1536 1747; x_wconf 86' lang='lat' dir='ltr'>Sextam,</span> <span class='ocrx_word' id='word_1_418' title='bbox 1565 1706 1710 1752; x_wconf 85' lang='lat' dir='ltr'>Nonam,</span> <span class='ocrx_word' id='word_1_419' title='bbox 1740 1707 1896 1755; x_wconf 82' lang='lat' dir='ltr'>Vesperas</span> <span class='ocrx_word' id='word_1_420' title='bbox 1929 1717 1960 1743; x_wconf 89' lang='lat' dir='ltr'>et</span> 
     </span>
     <span class='ocr_line' id='line_1_79' title="bbox 1205 1754 1960 1802; baseline 0.005 -13"><span class='ocrx_word' id='word_1_421' title='bbox 1205 1754 1468 1802; x_wconf 84' lang='lat' dir='ltr'>Completorium.</span> <span class='ocrx_word' id='word_1_422' title='bbox 1505 1755 1632 1798; x_wconf 89' lang='lat' dir='ltr'>Clerici,</span> <span class='ocrx_word' id='word_1_423' title='bbox 1657 1757 1800 1792; x_wconf 83' lang='lat' dir='ltr'>videlicet</span> <span class='ocrx_word' id='word_1_424' title='bbox 1838 1757 1960 1793; x_wconf 86' lang='lat' dir='ltr'>Psalte-</span> 
     </span>
     <span class='ocr_line' id='line_1_80' title="bbox 1207 1804 1960 1852; baseline 0.005 -14"><span class='ocrx_word' id='word_1_425' title='bbox 1207 1805 1302 1846; x_wconf 90' lang='lat' dir='ltr'>rium,</span> <span class='ocrx_word' id='word_1_426' title='bbox 1332 1817 1388 1852; x_wconf 90' lang='lat' dir='ltr'>pro</span> <span class='ocrx_word' id='word_1_427' title='bbox 1424 1804 1528 1839; x_wconf 83' lang='lat' dir='ltr'>Prima</span> <span class='ocrx_word' id='word_1_428' title='bbox 1561 1807 1639 1840; x_wconf 79' lang='lat' dir='ltr'>Deus</span> <span class='ocrx_word' id='word_1_429' title='bbox 1675 1808 1706 1841; x_wconf 84' lang='lat' dir='ltr'>in</span> <span class='ocrx_word' id='word_1_430' title='bbox 1734 1809 1854 1841; x_wconf 78' lang='lat' dir='ltr'>nomine</span> <span class='ocrx_word' id='word_1_431' title='bbox 1888 1815 1960 1849; x_wconf 85' lang='lat' dir='ltr'>tuo,</span> 
     </span>
     <span class='ocr_line' id='line_1_81' title="bbox 1211 1855 1960 1903; baseline 0.004 -15"><span class='ocrx_word' id='word_1_432' title='bbox 1211 1855 1300 1889; x_wconf 81' lang='lat' dir='ltr'>Beati</span> <span class='ocrx_word' id='word_1_433' title='bbox 1320 1856 1522 1896; x_wconf 71' lang='lat' dir='ltr'>immaculati,</span> <span class='ocrx_word' id='word_1_434' title='bbox 1546 1867 1644 1903; x_wconf 89' lang='lat' dir='ltr'>usque</span> <span class='ocrx_word' id='word_1_435' title='bbox 1672 1856 1709 1891; x_wconf 91' lang='lat' dir='ltr'>ad</span> <span class='ocrx_word' id='word_1_436' title='bbox 1735 1858 1844 1902; x_wconf 74' lang='lat' dir='ltr'>Leqem</span> <span class='ocrx_word' id='word_1_437' title='bbox 1869 1869 1960 1903; x_wconf 83' lang='lat' dir='ltr'>pone,</span> 
     </span>
     <span class='ocr_line' id='line_1_82' title="bbox 1206 1903 1962 1953; baseline 0.005 -15"><span class='ocrx_word' id='word_1_438' title='bbox 1206 1916 1242 1938; x_wconf 88' lang='lat' dir='ltr'>ac</span> <span class='ocrx_word' id='word_1_439' title='bbox 1269 1903 1347 1939; x_wconf 88' lang='lat' dir='ltr'>alios</span> <span class='ocrx_word' id='word_1_440' title='bbox 1370 1904 1519 1940; x_wconf 90' lang='lat' dir='ltr'>horarum</span> <span class='ocrx_word' id='word_1_441' title='bbox 1549 1906 1697 1953; x_wconf 88' lang='lat' dir='ltr'>psalmos,</span> <span class='ocrx_word' id='word_1_442' title='bbox 1744 1906 1826 1942; x_wconf 85' lang='lat' dir='ltr'>iuxta</span> <span class='ocrx_word' id='word_1_443' title='bbox 1869 1907 1962 1942; x_wconf 89' lang='lat' dir='ltr'>cleri-</span> 
     </span>
     <span class='ocr_line' id='line_1_83' title="bbox 1207 1956 1959 1995; baseline 0.004 -5"><span class='ocrx_word' id='word_1_444' title='bbox 1207 1968 1315 1990; x_wconf 89' lang='lat' dir='ltr'>corum</span> <span class='ocrx_word' id='word_1_445' title='bbox 1340 1956 1483 1990; x_wconf 88' lang='lat' dir='ltr'>ordinem</span> <span class='ocrx_word' id='word_1_446' title='bbox 1507 1969 1578 1992; x_wconf 88' lang='lat' dir='ltr'>cum</span> <span class='ocrx_word' id='word_1_447' title='bbox 1604 1960 1715 1994; x_wconf 82' lang='lat' dir='ltr'>Gloria</span> <span class='ocrx_word' id='word_1_448' title='bbox 1734 1961 1825 1994; x_wconf 74' lang='lat' dir='ltr'>Patri</span> <span class='ocrx_word' id='word_1_449' title='bbox 1842 1959 1959 1995; x_wconf 90' lang='lat' dir='ltr'>dicant.</span> 
     </span>
     <span class='ocr_line' id='line_1_84' title="bbox 1207 2009 1960 2050; baseline 0.001 -6"><span class='ocrx_word' id='word_1_450' title='bbox 1207 2009 1288 2044; x_wconf 88' lang='lat' dir='ltr'>Cum</span> <span class='ocrx_word' id='word_1_451' title='bbox 1318 2022 1390 2044; x_wconf 72' lang='lat' dir='ltr'>vero</span> <span class='ocrx_word' id='word_1_452' title='bbox 1418 2009 1455 2043; x_wconf 89' lang='lat' dir='ltr'>ad</span> <span class='ocrx_word' id='word_1_453' title='bbox 1486 2009 1659 2044; x_wconf 85' lang='lat' dir='ltr'>Ecclesiam</span> <span class='ocrx_word' id='word_1_454' title='bbox 1699 2022 1760 2045; x_wconf 91' lang='lat' dir='ltr'>non</span> <span class='ocrx_word' id='word_1_455' title='bbox 1797 2009 1960 2050; x_wconf 86' lang='lat' dir='ltr'>accedent,</span> 
     </span>
    </p>
   </div>
   <div class='ocr_carea' id='block_1_16' title="bbox 1186 2059 1960 2106">
    <p class='ocr_par' dir='ltr' id='par_1_16' title="bbox 1186 2059 1960 2106">
     <span class='ocr_line' id='line_1_85' title="bbox 1186 2059 1960 2106; baseline 0 -11"><span class='ocrx_word' id='word_1_456' title='bbox 1186 2072 1264 2106; x_wconf 65' lang='lat' dir='ltr'>,pro</span> <span class='ocrx_word' id='word_1_457' title='bbox 1294 2059 1449 2095; x_wconf 82' lang='lat' dir='ltr'>Matutino</span> <span class='ocrx_word' id='word_1_458' title='bbox 1484 2059 1620 2106; x_wconf 88' lang='lat' dir='ltr'>psalmos</span> <span class='ocrx_word' id='word_1_459' title='bbox 1653 2060 1758 2094; x_wconf 88' lang='lat' dir='ltr'>dicere</span> <span class='ocrx_word' id='word_1_460' title='bbox 1791 2060 1960 2098; x_wconf 63' lang='lat' dir='ltr'>studeant,</span> 
     </span>
    </p>
   </div>
   <div class='ocr_carea' id='block_1_17' title="bbox 1208 2108 1965 2704">
    <p class='ocr_par' dir='ltr' id='par_1_17' title="bbox 1208 2108 1965 2704">
     <span class='ocr_line' id='line_1_86' title="bbox 1208 2108 1962 2158; baseline 0.001 -14"><span class='ocrx_word' id='word_1_461' title='bbox 1208 2122 1289 2158; x_wconf 89' lang='lat' dir='ltr'>quos</span> <span class='ocrx_word' id='word_1_462' title='bbox 1311 2110 1420 2145; x_wconf 87' lang='lat' dir='ltr'>dicunt</span> <span class='ocrx_word' id='word_1_463' title='bbox 1448 2109 1554 2144; x_wconf 88' lang='lat' dir='ltr'>clerici</span> <span class='ocrx_word' id='word_1_464' title='bbox 1593 2109 1638 2144; x_wconf 82' lang='lat' dir='ltr'>vel</span> <span class='ocrx_word' id='word_1_465' title='bbox 1674 2108 1816 2144; x_wconf 87' lang='lat' dir='ltr'>Ecclesia</span> <span class='ocrx_word' id='word_1_466' title='bbox 1854 2110 1962 2145; x_wconf 88' lang='lat' dir='ltr'>cathe-</span> 
     </span>
     <span class='ocr_line' id='line_1_87' title="bbox 1208 2158 1962 2207; baseline 0.001 -14"><span class='ocrx_word' id='word_1_467' title='bbox 1208 2160 1313 2200; x_wconf 88' lang='lat' dir='ltr'>dralis,</span> <span class='ocrx_word' id='word_1_468' title='bbox 1343 2160 1387 2194; x_wconf 88' lang='lat' dir='ltr'>vel</span> <span class='ocrx_word' id='word_1_469' title='bbox 1411 2159 1534 2199; x_wconf 81' lang='lat' dir='ltr'>saltem,</span> <span class='ocrx_word' id='word_1_470' title='bbox 1564 2168 1596 2194; x_wconf 92' lang='lat' dir='ltr'>ut</span> <span class='ocrx_word' id='word_1_471' title='bbox 1636 2158 1771 2193; x_wconf 89' lang='lat' dir='ltr'>illiterati</span> <span class='ocrx_word' id='word_1_472' title='bbox 1814 2159 1865 2193; x_wconf 90' lang='lat' dir='ltr'>alii</span> <span class='ocrx_word' id='word_1_473' title='bbox 1907 2172 1962 2207; x_wconf 88' lang='lat' dir='ltr'>pro</span> 
     </span>
     <span class='ocr_line' id='line_1_88' title="bbox 1209 2208 1960 2257; baseline 0 -13"><span class='ocrx_word' id='word_1_474' title='bbox 1209 2210 1361 2244; x_wconf 83' lang='lat' dir='ltr'>Matutino</span> <span class='ocrx_word' id='word_1_475' title='bbox 1389 2208 1570 2249; x_wconf 89' lang='lat' dir='ltr'>duodecim,</span> <span class='ocrx_word' id='word_1_476' title='bbox 1593 2216 1623 2243; x_wconf 83' lang='lat' dir='ltr'>et</span> <span class='ocrx_word' id='word_1_477' title='bbox 1652 2221 1707 2255; x_wconf 90' lang='lat' dir='ltr'>pro</span> <span class='ocrx_word' id='word_1_478' title='bbox 1729 2208 1788 2243; x_wconf 90' lang='lat' dir='ltr'>alia</span> <span class='ocrx_word' id='word_1_479' title='bbox 1823 2209 1960 2257; x_wconf 87' lang='lat' dir='ltr'>qualibet</span> 
     </span>
     <span class='ocr_line' id='line_1_89' title="bbox 1210 2258 1960 2305; baseline 0 -12"><span class='ocrx_word' id='word_1_480' title='bbox 1210 2260 1283 2294; x_wconf 86' lang='lat' dir='ltr'>hora</span> <span class='ocrx_word' id='word_1_481' title='bbox 1306 2266 1426 2305; x_wconf 87' lang='lat' dir='ltr'>septem</span> <span class='ocrx_word' id='word_1_482' title='bbox 1460 2258 1579 2293; x_wconf 86' lang='lat' dir='ltr'>vicibus</span> <span class='ocrx_word' id='word_1_483' title='bbox 1622 2259 1714 2292; x_wconf 80' lang='lat' dir='ltr'>Pater</span> <span class='ocrx_word' id='word_1_484' title='bbox 1754 2268 1852 2293; x_wconf 80' lang='lat' dir='ltr'>noster</span> <span class='ocrx_word' id='word_1_485' title='bbox 1890 2271 1960 2293; x_wconf 81' lang='lat' dir='ltr'>cuin</span> 
     </span>
     <span class='ocr_line' id='line_1_90' title="bbox 1210 2307 1963 2355; baseline -0.001 -12"><span class='ocrx_word' id='word_1_486' title='bbox 1210 2310 1320 2344; x_wconf 78' lang='lat' dir='ltr'>Gloria</span> <span class='ocrx_word' id='word_1_487' title='bbox 1349 2310 1440 2343; x_wconf 79' lang='lat' dir='ltr'>Patri</span> <span class='ocrx_word' id='word_1_488' title='bbox 1460 2308 1564 2343; x_wconf 89' lang='lat' dir='ltr'>dicere</span> <span class='ocrx_word' id='word_1_489' title='bbox 1588 2320 1649 2342; x_wconf 92' lang='lat' dir='ltr'>non</span> <span class='ocrx_word' id='word_1_490' title='bbox 1667 2307 1823 2342; x_wconf 86' lang='lat' dir='ltr'>omittant.</span> <span class='ocrx_word' id='word_1_491' title='bbox 1841 2308 1873 2343; x_wconf 85' lang='lat' dir='ltr'>In</span> <span class='ocrx_word' id='word_1_492' title='bbox 1896 2309 1963 2355; x_wconf 89' lang='lat' dir='ltr'>qui-</span> 
     </span>
     <span class='ocr_line' id='line_1_91' title="bbox 1210 2356 1963 2403; baseline -0.001 -10"><span class='ocrx_word' id='word_1_493' title='bbox 1210 2359 1280 2398; x_wconf 86' lang='lat' dir='ltr'>bus,</span> <span class='ocrx_word' id='word_1_494' title='bbox 1305 2358 1450 2393; x_wconf 85' lang='lat' dir='ltr'>videlicet</span> <span class='ocrx_word' id='word_1_495' title='bbox 1473 2358 1596 2392; x_wconf 79' lang='lat' dir='ltr'>Primae</span> <span class='ocrx_word' id='word_1_496' title='bbox 1615 2370 1650 2392; x_wconf 88' lang='lat' dir='ltr'>ac</span> <span class='ocrx_word' id='word_1_497' title='bbox 1672 2356 1880 2403; x_wconf 77' lang='lat' dir='ltr'>Cornpletorii</span> <span class='ocrx_word' id='word_1_498' title='bbox 1911 2359 1963 2392; x_wconf 82' lang='lat' dir='ltr'>ho-</span> 
     </span>
     <span class='ocr_line' id='line_1_92' title="bbox 1211 2407 1963 2456; baseline -0.004 -13"><span class='ocrx_word' id='word_1_499' title='bbox 1211 2410 1263 2449; x_wconf 88' lang='lat' dir='ltr'>ris,</span> <span class='ocrx_word' id='word_1_500' title='bbox 1288 2409 1440 2443; x_wconf 85' lang='lat' dir='ltr'>minorem</span> <span class='ocrx_word' id='word_1_501' title='bbox 1469 2407 1646 2456; x_wconf 70' lang='lat' dir='ltr'>symbolum</span> <span class='ocrx_word' id='word_1_502' title='bbox 1670 2415 1700 2442; x_wconf 88' lang='lat' dir='ltr'>et</span> <span class='ocrx_word' id='word_1_503' title='bbox 1730 2408 1873 2442; x_wconf 72' lang='lat' dir='ltr'>Miserere</span> <span class='ocrx_word' id='word_1_504' title='bbox 1895 2410 1963 2449; x_wconf 74' lang='lat' dir='ltr'>mei,</span> 
     </span>
     <span class='ocr_line' id='line_1_93' title="bbox 1212 2457 1961 2504; baseline -0.005 -11"><span class='ocrx_word' id='word_1_505' title='bbox 1212 2460 1303 2500; x_wconf 81' lang='lat' dir='ltr'>Deus,</span> <span class='ocrx_word' id='word_1_506' title='bbox 1343 2458 1488 2493; x_wconf 88' lang='lat' dir='ltr'>adiiciant</span> <span class='ocrx_word' id='word_1_507' title='bbox 1527 2457 1581 2504; x_wconf 80' lang='lat' dir='ltr'>qui</span> <span class='ocrx_word' id='word_1_508' title='bbox 1624 2466 1789 2492; x_wconf 80' lang='lat' dir='ltr'>noverunt.</span> <span class='ocrx_word' id='word_1_509' title='bbox 1830 2457 1893 2493; x_wconf 90' lang='lat' dir='ltr'>Sed</span> <span class='ocrx_word' id='word_1_510' title='bbox 1929 2457 1961 2496; x_wconf 54' lang='lat' dir='ltr'>,si</span> 
     </span>
     <span class='ocr_line' id='line_1_94' title="bbox 1211 2506 1963 2549; baseline -0.004 -6"><span class='ocrx_word' id='word_1_511' title='bbox 1211 2509 1294 2544; x_wconf 86' lang='lat' dir='ltr'>horis</span> <span class='ocrx_word' id='word_1_512' title='bbox 1323 2521 1385 2543; x_wconf 87' lang='lat' dir='ltr'>non</span> <span class='ocrx_word' id='word_1_513' title='bbox 1409 2508 1544 2543; x_wconf 86' lang='lat' dir='ltr'>dixerint</span> <span class='ocrx_word' id='word_1_514' title='bbox 1567 2507 1762 2549; x_wconf 84' lang='lat' dir='ltr'>constitutis,</span> <span class='ocrx_word' id='word_1_515' title='bbox 1786 2508 1891 2542; x_wconf 89' lang='lat' dir='ltr'>dicant</span> <span class='ocrx_word' id='word_1_516' title='bbox 1906 2506 1963 2541; x_wconf 90' lang='lat' dir='ltr'>tri·-</span> 
     </span>
     <span class='ocr_line' id='line_1_95' title="bbox 1211 2556 1961 2593; baseline -0.004 0"><span class='ocrx_word' id='word_1_517' title='bbox 1211 2560 1269 2593; x_wconf 85' lang='lat' dir='ltr'>bus</span> <span class='ocrx_word' id='word_1_518' title='bbox 1299 2558 1417 2593; x_wconf 76' lang='lat' dir='ltr'>vicibus</span> <span class='ocrx_word' id='word_1_519' title='bbox 1441 2560 1534 2593; x_wconf 81' lang='lat' dir='ltr'>Pater</span> <span class='ocrx_word' id='word_1_520' title='bbox 1557 2565 1667 2593; x_wconf 83' lang='lat' dir='ltr'>noster.</span> <span class='ocrx_word' id='word_1_521' title='bbox 1701 2556 1821 2592; x_wconf 84' lang='lat' dir='ltr'>Infirmi</span> <span class='ocrx_word' id='word_1_522' title='bbox 1856 2564 1961 2592; x_wconf 87' lang='lat' dir='ltr'>autem</span> 
     </span>
     <span class='ocr_line' id='line_1_96' title="bbox 1211 2607 1962 2645; baseline -0.003 -2"><span class='ocrx_word' id='word_1_523' title='bbox 1211 2609 1303 2644; x_wconf 88' lang='lat' dir='ltr'>horas</span> <span class='ocrx_word' id='word_1_524' title='bbox 1327 2607 1508 2643; x_wconf 87' lang='lat' dir='ltr'>huiusmodi</span> <span class='ocrx_word' id='word_1_525' title='bbox 1534 2620 1596 2642; x_wconf 91' lang='lat' dir='ltr'>non</span> <span class='ocrx_word' id='word_1_526' title='bbox 1637 2615 1804 2642; x_wconf 85' lang='lat' dir='ltr'>teneantur</span> <span class='ocrx_word' id='word_1_527' title='bbox 1846 2607 1962 2645; x_wconf 75' lang='lat' dir='ltr'>dicere,</span> 
     </span>
     <span class='ocr_line' id='line_1_97' title="bbox 1213 2655 1965 2704; baseline -0.001 -12"><span class='ocrx_word' id='word_1_528' title='bbox 1213 2659 1270 2693; x_wconf 83' lang='lat' dir='ltr'>uisi</span> <span class='ocrx_word' id='word_1_529' title='bbox 1298 2658 1402 2693; x_wconf 77' lang='lat' dir='ltr'>velint.</span> <span class='ocrx_word' id='word_1_530' title='bbox 1427 2657 1460 2691; x_wconf 87' lang='lat' dir='ltr'>ln</span> <span class='ocrx_word' id='word_1_531' title='bbox 1481 2657 1721 2704; x_wconf 83' lang='lat' dir='ltr'>quadragesima</span> <span class='ocrx_word' id='word_1_532' title='bbox 1743 2668 1813 2691; x_wconf 73' lang='lat' dir='ltr'>vcro</span> <span class='ocrx_word' id='word_1_533' title='bbox 1837 2656 1870 2691; x_wconf 90' lang='lat' dir='ltr'>S.</span> <span class='ocrx_word' id='word_1_534' title='bbox 1887 2655 1965 2691; x_wconf 89' lang='lat' dir='ltr'>Mar-</span> 
     </span>
    </p>
   </div>
   <div class='ocr_carea' id='block_1_18' title="bbox 1967 276 2147 304">
    <p class='ocr_par' dir='ltr' id='par_1_18' title="bbox 1967 276 2147 304">
     <span class='ocr_line' id='line_1_98' title="bbox 1967 276 2147 304; baseline -0.006 0"><span class='ocrx_word' id='word_1_535' title='bbox 1967 278 2016 304; x_wconf 69' lang='lat' dir='ltr'>An.</span> <span class='ocrx_word' id='word_1_536' title='bbox 2035 278 2065 303; x_wconf 88' lang='lat' dir='ltr'>C.</span> <span class='ocrx_word' id='word_1_537' title='bbox 2081 276 2147 304; x_wconf 75' lang='lat'>1289</span> 
     </span>
    </p>
   </div>
   <div class='ocr_carea' id='block_1_19' title="bbox 1969 785 2154 838">
    <p class='ocr_par' dir='ltr' id='par_1_19' title="bbox 1969 785 2154 838">
     <span class='ocr_line' id='line_1_99' title="bbox 1978 785 2154 807; baseline -0.011 0"><span class='ocrx_word' id='word_1_538' title='bbox 1978 786 2005 807; x_wconf 74' lang='lat' dir='ltr'>De</span> <span class='ocrx_word' id='word_1_539' title='bbox 2016 785 2154 807; x_wconf 68' lang='lat' dir='ltr'>Conlesstoue</span> 
     </span>
     <span class='ocr_line' id='line_1_100' title="bbox 1969 817 2153 838; baseline -0.016 0"><span class='ocrx_word' id='word_1_540' title='bbox 1969 822 1987 838; x_wconf 77' lang='grc' dir='ltr'>οι</span> <span class='ocrx_word' id='word_1_541' title='bbox 1996 817 2153 837; x_wconf 68' lang='lat' dir='ltr'>tjnmmunione.</span> 
     </span>
    </p>
   </div>
   <div class='ocr_carea' id='block_1_20' title="bbox 1971 1284 2157 1336">
    <p class='ocr_par' dir='ltr' id='par_1_20' title="bbox 1971 1284 2157 1336">
     <span class='ocr_line' id='line_1_101' title="bbox 1984 1284 2157 1304; baseline 0 0"><span class='ocrx_word' id='word_1_542' title='bbox 1984 1284 2013 1304; x_wconf 79' lang='lat' dir='ltr'>De</span> <span class='ocrx_word' id='word_1_543' title='bbox 2053 1289 2157 1304; x_wconf 74' lang='lat' dir='ltr'>armorum</span> 
     </span>
     <span class='ocr_line' id='line_1_102' title="bbox 1971 1315 2088 1336; baseline 0.009 -1"><span class='ocrx_word' id='word_1_544' title='bbox 1971 1315 2088 1336; x_wconf 71' lang='lat' dir='ltr'>delmone.</span> 
     </span>
    </p>
   </div>
   <div class='ocr_carea' id='block_1_21' title="bbox 1975 1633 2161 1715">
    <p class='ocr_par' dir='ltr' id='par_1_21' title="bbox 1975 1633 2161 1715">
     <span class='ocr_line' id='line_1_103' title="bbox 1982 1633 2161 1653; baseline 0 0"><span class='ocrx_word' id='word_1_545' title='bbox 1982 1633 2010 1653; x_wconf 84' lang='lat' dir='ltr'>De</span> <span class='ocrx_word' id='word_1_546' title='bbox 2021 1633 2118 1653; x_wconf 76' lang='lat' dir='ltr'>horarum</span> <span class='ocrx_word' id='word_1_547' title='bbox 2128 1638 2161 1653; x_wconf 84' lang='lat' dir='ltr'>re-</span> 
     </span>
     <span class='ocr_line' id='line_1_104' title="bbox 1975 1663 2159 1686; baseline -0.005 -3"><span class='ocrx_word' id='word_1_548' title='bbox 1975 1665 2076 1686; x_wconf 77' lang='lat' dir='ltr'>citatione</span> <span class='ocrx_word' id='word_1_549' title='bbox 2083 1667 2104 1684; x_wconf 79' lang='lat' dir='ltr'>et</span> <span class='ocrx_word' id='word_1_550' title='bbox 2113 1663 2159 1683; x_wconf 76' lang='lat' dir='ltr'>aliis</span> 
     </span>
     <span class='ocr_line' id='line_1_105' title="bbox 1975 1694 2114 1715; baseline -0.014 0"><span class='ocrx_word' id='word_1_551' title='bbox 1975 1694 2114 1715; x_wconf 48' lang='lat' dir='ltr'>orationibus,</span> 
     </span>
    </p>
   </div>
   <div class='ocr_carea' id='block_1_22' title="bbox 2257 515 2274 877">
    <p class='ocr_par' dir='ltr' id='par_1_22' title="bbox 2257 515 2274 877">
     <span class='ocr_line' id='line_1_106' title="bbox 2257 515 2274 877; baseline 0 2388"><span class='ocrx_word' id='word_1_552' title='bbox 2257 515 2274 877; x_wconf 95' lang='lat' dir='ltr'> </span> 
     </span>
    </p>
   </div>
  </div>
 </body>
</html>
