2274 3265
119 274 166 300 An.
187 273 214 299 (Ζ.
235 272 300 298 1379

125 1758 204 1779 Caum
237 1758 297 1778 huius

112 1790 279 1809 constitutionis.

118 2400 214 2422 facultas
228 2407 295 2421 carnev

110 2434 160 2452 rarii
180 2432 249 2458 (prout
275 2434 295 2453 in

111 2463 210 2490 rubrica).

958 269 1102 292 tssttnax'tie·

681 327 702 360 l.

317 409 491 441 lurt'sdictio
533 409 699 440 camerarii
736 409 867 440 Sum-[cre
911 406 1069 438 Romanae

367 458 518 490 Ecclesiae
541 457 704 490 sitinumri‘c
734 467 937 500 quascumque
961 466 1068 487 causas

364 509 501 539 interesse
516 518 607 539 rerer.
627 507 771 539 saumae
785 505 976 549 Αἰροειυὶίεαε
991 516 1067 548 quo-

364 557 525 589 modolibet
552 562 760 588 concernentes
792 555 990 598 coquosccndi'
1008 554 1066 595 (l).

583 633 796 664 sttititAtttUtt

316 702 341 731 1.
359 701 471 731 Causae
487 700 575 730 liuius
592 700 824 729 constitutionis.
839 716 877 721 —-
890 699 917 728 2.
935 698 1068 728 Fac-ultas

353 746 507 775 camerarii
528 746 622 783 (prout
636 745 662 772 in
684 744 814 780 rubra-11).
833 760 871 765 —-
889 744 915 772 3.
936 743 1068 772 Facilitas

355 789 516 818 summarie
539 793 567 816 et
585 788 620 816 de
644 788 731 825 plano
756 787 952 826 procedendi:
977 804 1014 808 —
1040 787 1067 816 st.

354 828 566 866 iudicibusque
586 826 760 862 inhibendi,
783 828 982 865 cognitionem
1013 826 1066 855 lia-

353 877 416 896 rum
456 876 634 901 causarum,
668 871 695 895 et
721 867 952 895 contradictores
984 876 1067 895 coin-

354 907 493 946 pellendi.
610 907 622 920 Β

536 924 573 927 -
609 917 636 935 0.
673 905 859 935 Obstantiuiu
907 906 1068 943 derogatio.

352 964 390 968 —
406 947 436 976 6.
449 947 621 976 Adliortatio
641 946 674 974 ad
694 946 747 974 boc
767 947 894 975 otiiciuiu
912 946 1070 983 diligenter

352 986 561 1016 exercendum.
586 1002 624 1007 --
642 986 667 1014 7.
690 985 917 1014 tloacessionem
940 991 1069 1024 ternpore

352 1027 435 1055 (latae
459 1026 678 1055 constitutionis
698 1025 832 1054 inchoari
853 1026 1004 1063 praecipit.

311 1093 434 1121 Urbanus
452 1092 593 1127 opiscopus
617 1097 712 1119 servus
727 1098 867 1119 servorum
886 1090 941 1123 Dei,
956 1098 1069 1119 venera·

356 1141 405 1169 bili
432 1140 519 1169 fratri
538 1140 641 1168 Marino
671 1140 873 1175 archiepiscopo
893 1140 1068 1173 Brundusium

356 1190 508 1218 camerario
545 1190 652 1222 nostro.
683 1188 802 1217 satutem
824 1190 852 1217 et
890 1188 1070 1224 apostoticam

356 1239 585 1268 benedictionem.

362 1311 563 1358 Apostolicae
591 1311 754 1348 Gamerae,
780 1323 834 1356 per
856 1323 949 1356 «piam
973 1310 1006 1344 S.
1031 1309 1068 1344 R.

313 1362 350 1395 E.
380 1360 623 1395 necessitatibus
647 1368 675 1394 et
705 1359 964 1393 incumbentibus
991 1372 1070 1393 oue-

312 1410 399 1445 ribus
427 1409 648 1456 multipliciter
678 1408 878 1447 subvenitur,
906 1410 952 1442 sic
981 1417 1069 1443 tene-

313 1473 384 1494 mur
418 1458 677 1493 indemnitatibus
711 1458 891 1497 subvenire,
926 1470 1070 1492 commo-

311 1509 425 1556 disque
459 1508 623 1542 intendere
655 1516 683 1542 et
717 1507 894 1554 dispendiis
932 1507 1069 1551 obviare,

311 1559 395 1606 quod
433 1559 532 1604 ipsius
566 1558 630 1591 iura
660 1557 766 1591 debite
804 1559 925 1603 possint
959 1558 1068 1603 repeti,

311 1609 443 1655 eiusque
466 1606 653 1641 officialibus
675 1614 824 1653 suppetat
847 1607 1070 1653 opportunitas

313 1657 538 1704 prosequendi.

361 1711 375 1750 ἕ
405 1710 435 1740 t.
463 1705 560 1745 Sane,
586 1706 657 1752 quia
682 1717 776 1752 saepe
798 1705 964 1750 contingit,
985 1705 1068 1739 sicut

311 1757 505 1803 accepimus,
533 1755 619 1802 quod
647 1763 732 1789 extra
763 1754 930 1800 praefatam
955 1755 1069 1789 Came-

312 1819 376 1840 ram
400 1818 495 1852 super
519 1804 614 1839 rebus
641 1816 677 1838 ac
706 1804 828 1838 iuribus
851 1803 889 1838 ad
912 1817 979 1838 eam
1004 1816 1070 1850 per-

312 1855 488 1890 tinentibus
522 1867 557 1889 ac
584 1866 680 1900 super
707 1854 774 1887 aliis
803 1853 936 1898 nogotiis
969 1853 1067 1900 ipsam

312 1903 514 1950 tangentibus
542 1903 693 1949 litigatur,
716 1911 745 1936 et
773 1915 868 1949 saepe
885 1914 988 1936 coram
1020 1903 1070 1936 iu-

311 1953 435 1988 dicibus
453 1953 491 1987 de
515 1952 637 1987 iuribus
655 1952 756 1998 ipsius
777 1951 929 1986 Gamerae
950 1952 1066 1986 nullam

312 2003 357 2038 vel
387 2002 542 2038 modicam
576 2001 766 2036 habentibus
801 2002 967 2045 rationem,
996 2002 1069 2048 qui—

310 2065 371 2100 que
403 2065 458 2099 per
480 2051 618 2086 fi<calcm
648 2051 833 2085 advocatum
863 2063 917 2085 seu
954 2063 1069 2096 procu—

312 2111 444 2137 ratorem
468 2110 520 2135 aut
544 2101 621 2136 alios
648 2113 685 2134 ex
713 2100 899 2134 officialibus
924 2100 1067 2135 eiusdem

310 2151 475 2191 Gamerae,
493 2151 545 2198 qui
564 2151 646 2185 circa
662 2150 760 2196 ipsam
779 2150 893 2184 babent
913 2150 1068 2190 insistere,

311 2214 372 2235 non
398 2209 527 2248 possunt
543 2199 710 2234 commode
727 2212 822 2245 super
838 2199 875 2233 iis
895 2199 1068 2239 informari,

311 2259 438 2298 propter
464 2249 549 2297 quod
573 2261 685 2283 causae
701 2249 832 2283 nimium
861 2248 1068 2295 protelantur,

310 2309 339 2334 et
367 2300 503 2348 quodam
535 2298 630 2333 modo
660 2307 790 2345 pereunt
817 2299 882 2332 iura
906 2311 973 2332 sua.

359 2355 374 2393 g*
402 2351 434 2383 2.
463 2349 528 2383 Nos
550 2360 646 2394 super
670 2348 705 2381 iis
735 2348 899 2394 providere
928 2347 1068 2382 volentes

311 2408 339 2434 et
362 2408 507 2445 gerentes
536 2398 565 2431 iu
602 2397 739 2431 Domino
769 2397 915 2431 fiduciam
944 2398 1067 2443 specia-

311 2450 370 2484 lem
399 2449 437 2482 de
472 2456 542 2482 tuae
575 2447 867 2492 circumspectionis
903 2446 1067 2487 industria,

310 2500 360 2533 cui
378 2497 594 2545 principaliter
609 2504 654 2530 est
669 2496 811 2530 eiusdem
832 2496 982 2530 Gamerae
992 2509 1066 2530 eura

346 2573 386 2607 (t)
413 2573 451 2599 Ad
478 2572 545 2598 hanc
572 2572 778 2598 iurisdictionem
811 2572 871 2598 vide
897 2572 982 2598 bullas
1001 2581 1068 2606 quas

312 2618 357 2643 tibi
376 2617 489 2643 indicavi
506 2625 567 2651 sup.
587 2617 611 2643 iu
630 2618 719 2643 Const.
739 2624 768 2643 ιιι
786 2616 850 2643 Urb.
875 2617 905 2648 V,
924 2618 1066 2648 Apostolu-

311 2666 364 2694 tus,
382 2669 441 2697 pag.
455 2662 516 2688 520.

1126 269 1155 289 νι
1187 269 1233 289 er.
1746 257 1808 287 38!

1111 324 1293 362 commissa,
1316 322 1541 368 cognoscendi,
1577 322 1761 356 auctoritate
1788 334 1866 368 apo-

1111 371 1233 415 stolica,
1266 385 1321 418 per
1357 379 1385 405 te
1414 371 1459 405 vel
1495 371 1589 405 alium
1618 384 1673 405 seu
1706 370 1794 405 aiios.
1828 370 1866 404 de

1111 421 1259 455 omnibus
1277 430 1305 454 et
1322 421 1455 465 siugulis
1477 420 1725 466 quaestionilnis,
1739 427 1867 454 coutro-

1113 471 1234 513 versiis,
1269 470 1372 504 causis
1395 478 1422 503 et
1452 470 1558 504 litibus
1593 469 1811 516 praesentibus
1837 478 1865 503 et

1112 520 1236 561 futuris,
1251 519 1480 566 spiritualibus,
1503 519 1723 553 ecclesiasticis
1738 528 1766 552 ct
1788 527 1867 552 tein-

1113 568 1286 616 poralibus,
1321 568 1466 603 civilibus
1500 577 1530 602 et
1557 568 1784 610 criminalibus,
1813 581 1868 601 nc—

1111 619 1186 653 (lum
1227 618 1266 653 ad
1299 618 1397 664 ipsam
1431 617 1596 651 Camerata
1627 617 1868 664 pertinentibus,

1110 669 1191 702 sicut
1217 677 1264 702 est
1288 668 1439 702 hactenus
1464 674 1664 705 consuetum,
1691 666 1745 700 sed
1773 667 1866 700 etiam

1111 718 1150 752 de
1173 717 1429 764 quibuscumque
1463 716 1529 749 iura
1556 724 1586 750 et
1615 716 1740 761 negotia
1770 716 1869 761 ipsius

1111 767 1262 802 Gamerae
1303 766 1421 800 directe
1462 765 1508 799 rcl
1545 764 1698 799 indirecte
1741 777 1870 811 quoquo

1112 817 1206 851 niodo
1230 814 1443 862 tangentibus,
1461 827 1515 848 seu
1537 815 1643 852 etiam,
1658 826 1740 861 quae
1760 827 1867 847 secuu-

1111 867 1184 901 dum
1215 873 1303 899 tuum
1334 865 1466 899 liberum
1495 863 1658 898 arbitrium
1690 863 1869 897 viderentur

1112 929 1147 950 ea
1176 928 1268 962 posse
1296 922 1423 960 tangere
1458 912 1698 960 quomodolibet
1726 913 1755 946 in
1785 913 1870 947 futu-

1114 978 1195 1008 rum,
1220 964 1366 1011 ipsasque
1394 976 1465 998 cum
1502 962 1741 1008 emergentibus
1768 970 1798 995 et
1832 961 1870 995 ab

1112 1017 1156 1049 eis
1175 1013 1430 1061 dependentibus
1446 1025 1482 1047 ac
1499 1011 1663 1051 connexis,
1679 1024 1778 1046 accos
1790 1024 1869 1058 quos

1113 1072 1240 1109 tangere
1265 1070 1425 1109 poterunt,
1449 1070 1509 1096 tam
1540 1073 1691 1108 personas
1718 1061 1870 1096 ecclesia·-

1112 1114 1217 1155 sticas,
1245 1124 1340 1159 quam
1356 1112 1544 1149 saeculares.
1574 1123 1695 1145 necnon
1719 1110 1869 1157 capitula,

1113 1163 1243 1208 collegia
1267 1170 1297 1195 et
1320 1169 1496 1195 conventus
1518 1160 1731 1195 Ecclesiarum
1756 1168 1785 1193 et
1802 1172 1869 1193 mo-

1114 1213 1320 1246 nasteriorum
1365 1223 1399 1244 ac
1451 1209 1597 1244 ordinum
1649 1218 1868 1256 exemptorum

1112 1270 1141 1295 ct
1167 1274 1226 1294 uon
1250 1268 1482 1306 exemptorum,
1510 1259 1819 1305 communitatesque
1842 1267 1871 1292 ct

1113 1310 1332 1344 universitates
1366 1308 1521 1352 locorum,
1545 1316 1637 1355 prout
1660 1315 1690 1342 et
1723 1307 1871 1355 (protiens

1113 1359 1166 1393 tibi
1196 1359 1365 1397 videbitur,
1392 1357 1430 1391 ad
1460 1366 1488 1391 te
1516 1366 1546 1391 ct
1578 1357 1615 1391 ad
1639 1357 1782 1392 eamdem
1806 1356 1871 1391 Ca-

1114 1421 1230 1443 meram
1265 1407 1440 1442 advocandi
1469 1415 1499 1441 et
1527 1406 1645 1441 citandi
1677 1419 1730 1453 per
1766 1406 1871 1440 literas

1112 1459 1159 1492 vel
1184 1458 1331 1492 nuntium
1357 1457 1435 1491 intra
1453 1456 1500 1490 vel
1524 1465 1610 1490 extra
1634 1455 1763 1490 Curiam
1787 1464 1815 1489 et
1832 1455 1869 1489 ad

1113 1516 1218 1554 partes
1245 1508 1353 1550 ctiam,
1376 1506 1400 1540 si
1431 1517 1544 1540 causae
1573 1506 1658 1552 ipsae
1691 1505 1729 1539 de
1763 1513 1870 1539 natura

1113 1557 1160 1592 sui
1198 1569 1260 1591 non
1293 1556 1355 1590 sint
1389 1555 1474 1603 apud
1503 1555 1617 1590 Sedem
1654 1554 1869 1601 Apostolicam

1114 1619 1168 1653 per
1189 1606 1433 1653 appellationem
1470 1613 1522 1640 aut
1546 1605 1622 1639 alias
1650 1604 1788 1650 legitime
1811 1603 1871 1638 de-

1114 1656 1249 1699 volutae,
1268 1667 1389 1689 necnon
1407 1655 1437 1688 in
1458 1666 1491 1689 ea
1509 1653 1689 1688 tractandae
1704 1666 1760 1688 seu
1776 1653 1868 1688 etiam

1112 1705 1281 1747 finiendae,
1300 1716 1335 1739 ac
1349 1704 1442 1739 ctiam
1465 1704 1490 1738 si
1510 1716 1614 1738 coram
1639 1702 1796 1738 iudicibus
1819 1715 1870 1737 or·

1113 1755 1253 1795 dinariis,
1282 1753 1490 1796 auditoribus,
1515 1751 1767 1799 inquisitoribus,
1781 1752 1871 1786 dele-

1111 1805 1203 1850 gatis,
1226 1803 1454 1849 subdelegatis,
1476 1802 1704 1837 commissariis
1724 1809 1871 1836 executo-

1114 1854 1211 1894 ribus,
1227 1853 1363 1893 arbitris,
1386 1852 1637 1892 arbitratoribus,
1657 1852 1869 1898 compromis-

1112 1905 1203 1938 sariis
1226 1916 1281 1938 seu
1302 1903 1372 1938 aliis
1394 1903 1663 1949 quibuscumque,
1690 1902 1782 1936 etiam
1814 1914 1868 1948 per

1112 1954 1226 1989 Sedem
1262 1953 1473 2000 Apostolicam
1503 1952 1659 2000 deputatis
1692 1951 1738 1986 vel
1767 1951 1869 1998 depu-

1113 2004 1214 2038 tandis
1242 2004 1271 2038 in
1298 2003 1431 2050 praefata
1458 2002 1602 2038 Romana
1625 2001 1720 2036 Curia
1744 2000 1789 2036 rel
1813 2014 1869 2036 ex-

1111 2063 1155 2088 tra
1181 2053 1311 2088 ubilibet
1336 2053 1484 2099 pendere,
1502 2065 1585 2087 nunc
1608 2060 1636 2086 et
1655 2052 1684 2085 iu
1706 2059 1867 2099 posterum

1111 2104 1303 2147 dicerentur,
1330 2103 1450 2137 etiamsi
1477 2102 1507 2137 in
1536 2103 1614 2149 ipsis
1644 2101 1682 2136 ad
1707 2101 1769 2135 litis
1790 2113 1869 2136 con-

1111 2158 1309 2193 testationem
1334 2169 1515 2203 processum
1546 2156 1637 2190 suerii
1661 2155 1707 2189 vet
1736 2156 1868 2190 ulterius

1110 2221 1418 2259 quantumcumque,
1454 2219 1484 2246 et
1515 2211 1607 2245 etiam
1641 2223 1736 2257 super
1771 2211 1868 2244 literis

1110 2267 1147 2302 ad
1172 2279 1229 2301 nos
1252 2279 1306 2301 seu
1330 2266 1445 2300 Sedem
1469 2265 1611 2299 eamdem
1637 2277 1691 2311 per
1714 2264 1791 2298 viam
1813 2277 1868 2310 ap-

1112 2321 1291 2368 pellationis
1306 2333 1363 2355 seu
1384 2319 1540 2367 simplicis
1562 2318 1707 2365 querelae
1725 2318 1770 2352 vel
1792 2318 1867 2352 alias

1112 2376 1235 2409 babitus
1257 2376 1295 2409 sit
1325 2375 1370 2409 vel
1396 2375 1424 2408 in
1455 2382 1614 2419 posterum
1632 2372 1801 2406 haberetur
1825 2385 1866 2406 re-

1110 2443 1235 2473 cursuS,
1258 2430 1358 2464 dictas
1380 2441 1491 2463 causas
1518 2427 1733 2462 reassumendi
1757 2435 1785 2461 et
1815 2440 1865 2461 re—

1110 2487 1226 2518 assumi
1255 2483 1398 2518 faciendi.

1159 2544 1173 2582 g
1197 2542 1228 2573 5.
1253 2539 1378 2585 Easque
1403 2550 1457 2585 per
1481 2545 1509 2571 te
1532 2536 1578 2569 vot
1601 2536 1695 2570 alium
1714 2548 1768 2569 seu
1786 2535 1865 2569 alios

1109 2592 1259 2627 audiendi
1288 2600 1317 2625 et
1340 2591 1539 2625 examinandi
1568 2590 1751 2629 summarie,
1783 2590 1863 2624 sim-

1111 2647 1256 2694 pliciter,
1279 2655 1308 2681 et
1337 2646 1375 2680 de
1398 2646 1491 2693 plano
1520 2653 1549 2679 et
1579 2645 1646 2679 sine
1674 2644 1806 2692 strepitu
1831 2651 1863 2678 et

1883 264 1927 289 Λιι.
1951 264 1979 288 (Σ.
1998 263 2063 288 ¹379

1893 2543 1989 2564 t‘aeutias
2007 2550 2065 2564 sum—

1879 2575 1943 2594 marie
1954 2578 1973 2595 et
1987 2576 2011 2595 rte
2023 2575 2066 2601 pta-

1878 2612 1905 2626 no
1923 2606 2062 2633 procedendi.
