2274 3265
222 275 272 302 Ani
291 274 319 301 C.
338 274 403 300 ¹589

250 1450 379 1469 Prnoemium.

243 1745 395 1766 incarnationis

229 1782 355 1805 mysterium.

246 2187 334 2213 Vffgints
344 2187 411 2208 Mirm

232 2219 328 2244 elegum.

470 261 538 293 002

779 323 803 357 l.

420 407 571 440 Institutio
590 404 760 449 festivitatis
784 403 972 436 Visilalt'oni‘s
990 403 1026 435 B.
1045 401 1166 435 Mariae

476 456 607 499 l'iryim's
627 465 683 497 pro
706 454 755 485 die
780 453 799 484 2
819 454 898 490 iulii,
921 463 987 484 cum
1009 452 1163 484 adhorta-

466 506 545 537 tione
556 505 597 537 ad
605 504 750 536 ieiunium
759 503 894 545 vt'qiliae,
908 501 1166 544 t'urlulqenlit'sque

465 565 522 598 pro
542 553 781 586 interessenti'bus
805 552 914 596 officiis
933 551 1031 583 dictae
1049 549 1166 592 festivi—

469 604 551 640 tatis,
576 615 615 636 ea·
640 602 851 635 emistieutione
871 600 988 633 Urbani
1016 598 1066 630 ΙἸ.

685 678 897 710 ὃυΜΜΛΙίΙϋΜ

420 748 606 777 Prooemium.
632 764 670 768 —
689 745 898 775 incarnationis
923 741 1103 780 mysterium.
1128 756 1167 761 —

460 791 586 828 Virginis
615 790 719 820 Mariae
743 790 880 827 elogium.
903 804 941 809 ——
973 789 994 815 1.
1023 785 1091 814 Eius
1113 785 1166 813 hu—

460 837 567 865 militas
592 837 618 865 in
640 835 780 864 visitando
809 832 963 862 Elisabeth.
990 847 1026 851 —-—
1055 830 1082 858 2.
1110 828 1164 857 Se—

459 886 589 920 quuntur
607 880 712 910 Mariae
728 878 871 908 encomia.
888 894 926 898 —
942 877 967 905 23.
985 876 1102 904 Festum
1120 873 1167 903 Vi-

459 926 602 955 sitationis
626 924 661 954 ab
685 924 799 954 Urbano
831 922 995 951 institutum
1025 935 1063 940 —
1095 916 1165 947 [ἶιιιιι

459 968 570 1007 duplici
599 968 704 1002 officio,
738 967 848 996 ieiunio
880 969 907 994 et
939 969 1047 993 octava.
1071 980 1108 984 —-
1138 963 1166 992 lt.

459 1013 559 1042 tilfficio
587 1017 614 1041 et
654 1013 761 1041 missae
797 1009 965 1039 huiusmodi
1001 1008 1165 1047 praesenti-

459 1058 512 1086 bus
539 1057 736 1093 indulgentias
759 1055 914 1083 concessit.
934 1070 971 1074 —
990 1053 1016 1081 5.
1040 1051 1090 1081 His
1114 1052 1165 1081 fir-

462 1102 558 1136 matis,
581 1102 615 1130 ad
645 1100 816 1129 huiusmodi
841 1099 905 1128 sesti
937 1097 1165 1137 publicationem

459 1151 486 1174 et
501 1145 714 1175 observantiam
732 1145 886 1183 episcopos
906 1147 1098 1181 caeterosque
1117 1142 1168 1171 ad-

459 1191 598 1220 hortatur.
621 1207 659 1212 —
676 1190 703 1219 6.
726 1188 892 1218 Clausulae.

463 1266 614 1294 Bonitaeius
630 1265 773 1301 episcopus
791 1271 886 1293 servus
908 1270 1049 1292 sorvorum
1068 1262 1122 1295 Dei,

579 1316 613 1343 ad
632 1314 758 1342 futuram
777 1314 816 1342 ret
839 1313 1007 1341 memoriam.

464 1388 599 1434 Superni
613 1385 987 1432 benignitasConditoris,
997 1385 1166 1418 humanam

422 1446 595 1471 creaturam
612 1437 648 1470 ad
668 1435 906 1470 similitudinem
924 1447 1013 1468 snam
1031 1443 1167 1468 creatam

423 1487 616 1522 misericordi
636 1487 747 1532 pietate
766 1486 946 1530 respiciens,
963 1485 1055 1518 etiam
1072 1484 1168 1518 colla—

425 1549 509 1583 psam
541 1536 605 1570 fore
629 1536 719 1583 primi
745 1535 881 1581 parentis
911 1534 996 1580 lapsu
1021 1534 1169 1568 conside-

426 1599 495 1620 rans
512 1614 519 1625 ,
542 1586 624 1620 illam
661 1586 739 1619 miro
772 1585 908 1618 decrevit
932 1583 1064 1618 consilio
1088 1583 1169 1617 rele-

426 1637 580 1680 vandam,
605 1643 637 1669 ut
660 1635 780 1668 scilicet
808 1634 948 1668 Verbum
973 1632 1168 1680 Supernum,

425 1686 508 1733 quod
531 1693 595 1719 erat
619 1686 647 1718 in
672 1685 838 1732 principio,
858 1697 925 1718 eam
948 1698 963 1717 a
988 1684 1097 1718 mortis
1113 1696 1170 1717 ne-

426 1736 517 1769 xibus
539 1735 693 1769 liberaret.
719 1734 813 1779 lgitur
835 1734 876 1780 pii
900 1733 1013 1778 Patris7
1035 1746 1096 1780 qna
1113 1746 1170 1767 nos

425 1785 535 1819 dilexit
562 1785 692 1823 caritas,
715 1785 866 1830 temporis
895 1783 1039 1817 veniente
1068 1783 1170 1830 pleni-

425 1835 546 1878 tudine,
568 1834 704 1869 Verbum
721 1834 823 1881 ipsum
839 1842 1013 1874 aeteruum,
1035 1833 1094 1867 sub
1108 1833 1169 1867 sor-

426 1897 474 1918 ma
496 1884 588 1924 servi,
611 1896 735 1918 carnem
760 1892 881 1917 nostrae
905 1883 1098 1917 mortalitatis
1121 1895 1170 1916 as-

425 1946 559 1973 sumere,
584 1943 615 1967 ιιι
637 1934 778 1968 eamdem
804 1941 934 1967 mortem
953 1941 1090 1967 nostram
1109 1945 1171 1966 mo-

426 1984 534 2017 riendo
568 1984 765 2023 destrueret,
788 1995 822 2017 ac
850 1982 1061 2016 damnationis
1096 1995 1171 2016 sen-

427 2033 552 2067 tentiam
589 2034 680 2067 simul
714 2042 743 2067 et
773 2033 953 2075 maculam,
976 2044 1070 2078 quam
1087 2060 1094 2071 ,
1118 2045 1171 2079 per

427 2091 545 2117 reatum
582 2084 672 2130 primi
709 2082 868 2125 hominis,
890 2083 1014 2127 generis
1043 2082 1169 2116 humani

429 2134 592 2177 posteritas
616 2133 785 2166 incurrisse
808 2132 1008 2171 noscebatur,
1032 2132 1171 2165 clemens

427 2181 521 2215 Verbi
555 2183 672 2216 aeterni
703 2183 825 2216 bonitas
846 2182 995 2215 aboleret.
1025 2181 1171 2228 Quapro-

428 2240 494 2277 pter
521 2232 559 2265 de
582 2232 662 2266 clara
686 2233 782 2277 stirpe
807 2232 886 2276 regia
912 2231 1058 2265 Davidica
1100 2244 1171 2277 prae·

426 2281 518 2326 elegit
544 2281 704 2327 Virginem
730 2295 758 2315 ιιι
783 2282 873 2315 cuius
905 2288 1012 2319 nter0,
1042 2282 1172 2327 mystico

427 2332 607 2376 spiramine,
630 2331 766 2366 Verbum
792 2333 895 2378 ipsum
920 2343 1045 2364 carnem
1069 2331 1172 2365 susci-

428 2388 524 2426 peret,
548 2390 579 2414 ut
601 2381 814 2425 egrederetur,
839 2382 920 2414 iuxta
946 2380 1074 2414 verbum
1097 2393 1170 2427 pro-

427 2429 597 2475 pheticum,
621 2430 712 2476 Virga
743 2431 781 2464 de
809 2430 912 2464 radice
940 2430 1035 2473 Iesse,
1063 2438 1092 2463 et
1116 2431 1172 2463 llos

428 2483 466 2516 de
490 2484 591 2517 radice
615 2485 682 2518 eius
697 2484 888 2524 ascenderet,
912 2493 939 2518 et
960 2484 1170 2531 requiesceret

430 2536 563 2583 Spiritus
598 2538 722 2572 Domini
746 2551 841 2585 super
875 2551 968 2578 enm3
1000 2538 1170 2584 perfectam

988 265 1175 290 ammanium

1204 262 1363 286 ttoMANttM

1208 330 1293 352 mum
1311 315 1555 363 praeparare,de
1568 326 1631 361 quo
1645 321 1802 361 tamquam
1817 326 1954 362 sponsus

1209 378 1281 413 prae
1305 365 1375 399 filiis
1398 364 1561 397 hominum
1579 363 1763 410 procederet
1778 364 1954 410 speciosuS,

1209 416 1310 449 locum
1335 414 1363 447 ιιι
1387 412 1553 452 Nazareth,
1575 425 1655 459 quae
1677 414 1734 447 ttos
1757 413 1821 447 sive
1844 414 1955 448 sancti-

1208 464 1276 498 tatis
1292 463 1418 505 dicitur,
1434 462 1470 496 ad
1489 474 1577 496 snam
1595 462 1833 509 conceptionem
1850 461 1955 507 elegit,

1208 514 1236 547 in
1255 525 1328 559 qno,
1347 523 1401 559 per
1418 512 1579 557 angelicae
1601 511 1800 546 salutationis
1818 511 1955 558 eloquia,

1208 563 1308 608 ipsius
1343 561 1493 596 incarnati
1525 560 1619 595 Verbi
1645 561 1789 608 mysteria
1815 560 1956 607 miraque

1208 612 1334 646 fuerunt
1356 611 1509 645 solemnia
1525 610 1692 645 celebrata.
1706 609 1751 644 Ibi
1771 610 1856 644 enim
1873 622 1957 644 sum-

1209 661 1331 707 psimus
1355 669 1479 695 nostrae
1502 659 1730 707 redemptionis
1745 659 1884 702 exordia,
1904 659 1956 693 ibi-

1207 722 1268 757 que
1292 711 1426 757 primnm
1460 709 1529 744 dies
1560 709 1817 744 sanctificationis
1844 708 1958 750 illuxit,

1207 760 1261 806 qui
1299 759 1391 794 nobis
1422 760 1461 793 dc
1489 759 1589 793 salute
1617 772 1706 806 spem
1740 758 1846 793 intulit
1867 766 1897 793 et
1919 759 1957 792 de

1207 810 1391 844 aeternitate
1411 808 1571 843 laetitiam.
1590 808 1621 842 In
1646 809 1704 843 hoc
1719 808 1835 842 etenim
1857 816 1958 842 tantae

1208 859 1432 893 foecunditatis
1451 858 1519 893 loco
1542 858 1639 904 Virgo
1663 857 1743 904 regia
1769 858 1958 892 venustissi-

1209 921 1257 943 ma
1285 921 1299 942 a
1323 908 1461 943 Domino
1484 915 1677 948 conservata,
1696 908 1754 942 flos
1772 907 1958 948 sanctitatis,

1210 970 1260 992 vas
1287 958 1429 993 caelestis
1451 958 1568 1004 gratiae
1596 957 1856 998 mundissimum,
1883 970 1959 992 om-

1211 1008 1296 1042 nium
1325 1008 1476 1042 virtutum
1512 1007 1642 1041 floribus
1668 1007 1833 1051 redimita,
1868 1007 1960 1041 cuius

1210 1057 1476 1104 pulchritudinem
1501 1057 1545 1090 sol
1569 1064 1597 1090 et
1626 1056 1699 1090 luna
1722 1058 1886 1095 mirantur,
1902 1056 1962 1091 Re-

1209 1107 1404 1153 demptorem
1432 1107 1574 1153 gentium
1602 1105 1700 1153 Virgo
1733 1106 1879 1153 concepit
1904 1106 1960 1140 da—

1210 1165 1276 1190 tura
1301 1156 1402 1191 lucem
1426 1155 1573 1202 gentibus
1601 1155 1660 1190 sub
1683 1155 1792 1190 mortis
1823 1155 1957 1202 caligine

1210 1214 1402 1240 constitutis.

1258 1256 1278 1302 S
1314 1258 1346 1289 1.
1373 1255 1456 1290 Sane
1487 1255 1551 1301 ipsa
1574 1254 1696 1300 Regina
1724 1254 1895 1298 caelorum,
1927 1255 1957 1288 in

1210 1305 1300 1339 cuius
1321 1317 1355 1339 se
1382 1305 1494 1339 clausit
1523 1304 1640 1338 viscera
1662 1303 1718 1338 Dei
1742 1303 1841 1338 Filius
1861 1304 1960 1338 factus

1210 1355 1326 1399 homo,
1348 1367 1384 1389 ex
1409 1355 1483 1389 tanti
1514 1354 1643 1388 honoris
1666 1353 1790 1399 fastigio
1817 1354 1876 1388 sibi
1906 1365 1960 1400 per

1209 1405 1357 1451 angelum
1391 1404 1561 1444 nunciato,
1590 1415 1787 1450 nequaquam
1815 1403 1961 1438 elationis

1209 1454 1381 1501 assumpsit
1403 1454 1561 1501 spiritum,
1588 1454 1642 1487 sed
1665 1461 1823 1500 tamquam
1848 1453 1961 1487 ancilla

1211 1504 1352 1548 humilis,
1379 1503 1522 1550 quamvis
1550 1512 1647 1537 mater
1675 1502 1786 1537 effecta
1813 1502 1960 1544 Domini,

1210 1553 1395 1588 humilitatis
1417 1565 1503 1593 suae,
1525 1565 1618 1600 quam
1636 1552 1774 1599 respexit
1791 1551 1961 1596 Dominus,

1211 1615 1372 1650 exequens
1394 1602 1545 1642 officinm,
1559 1614 1716 1648 exurgens
1735 1601 1810 1636 abiit
1829 1602 1858 1636 in
1875 1614 1962 1636 mon·

1211 1662 1281 1687 tana
1315 1653 1351 1687 ad
1374 1652 1534 1686 Elisabeth
1563 1661 1727 1697 cognatam
1756 1663 1859 1691 suam,
1882 1663 1961 1698 quae

1212 1702 1380 1737 vocabatur
1402 1703 1528 1746 sterilis,
1544 1701 1603 1735 iam
1621 1702 1765 1736 semestri
1785 1713 1962 1748 praegnan-

1212 1762 1288 1792 tem,
1307 1765 1380 1787 cum
1401 1752 1621 1786 festinatione:
1645 1759 1675 1786 et
1693 1750 1960 1798 quemadmodum

1211 1803 1250 1837 ab
1276 1802 1388 1848 angelo
1422 1802 1598 1836 humillime
1625 1801 1824 1836 salutationis
1851 1813 1963 1835 susce-

1214 1861 1299 1899 perat
1322 1853 1498 1895 oraculum,
1521 1852 1565 1885 sic
1594 1851 1686 1886 etiam
1711 1852 1775 1898 ipsa
1801 1849 1962 1885 Elisabeth

1213 1902 1370 1936 humiliter
1397 1901 1561 1941 salutavit,
1584 1900 1745 1935 Elisabeth
1763 1912 1847 1944 vero,
1864 1909 1897 1934 ut
1917 1912 1963 1935 sa-

1212 1952 1395 1986 lutationem
1418 1951 1537 1985 audivit
1565 1950 1702 1996 Virginis
1724 1951 1890 1996 gloriosae,
1914 1962 1963 1984 re-

1213 2001 1292 2048 pleta
1325 2001 1444 2049 Spiritu
1481 2001 1619 2040 Sancto,
1641 2009 1670 2034 et
1694 2000 1844 2035 incarnati
1868 1999 1962 2033 Verbi

1212 2051 1395 2099 mysterium
1434 2052 1463 2084 in
1500 2058 1588 2085 utero
1621 2050 1762 2085 sentiens
1796 2049 1963 2096 virginali,

1214 2113 1288 2136 voce
1308 2113 1418 2147 magna
1433 2100 1617 2135 exclamavit
1633 2108 1662 2134 et
1677 2100 1770 2134 dixit:
1790 2098 1962 2134 Benedicta

1214 2160 1244 2185 tn
1267 2151 1347 2185 inter
1374 2151 1522 2185 mulieres
1538 2178 1546 2189 ,
1569 2158 1597 2183 et
1621 2149 1809 2184 benedictus
1843 2148 1963 2183 fructus

1214 2201 1331 2235 ventris
1359 2201 1413 2234 tui.
1438 2200 1475 2235 Et
1500 2199 1583 2235 uude
1607 2199 1666 2234 hoc
1693 2200 1782 2242 mihi,
1806 2208 1837 2233 ut
1861 2200 1963 2233 veniat

1214 2259 1313 2286 mater
1335 2249 1462 2284 Domini
1491 2250 1551 2285 mei
1580 2249 1617 2284 ad
1647 2250 1722 2284 me?
1749 2248 1831 2283 Ecce
1858 2249 1962 2287 enim,

1213 2310 1247 2335 ut
1275 2301 1351 2335 facta
1380 2308 1426 2334 est
1446 2312 1502 2334 vox
1530 2299 1728 2334 salutationis
1755 2306 1826 2333 tuae
1850 2299 1880 2332 in
1903 2311 1963 2333 au-

1214 2351 1301 2385 ribus
1334 2350 1425 2390 meis,
1447 2350 1594 2384 exultavit
1618 2362 1691 2397 prae
1716 2348 1831 2395 gaudio
1861 2348 1963 2383 infans

1215 2401 1244 2434 in
1275 2408 1364 2434 utero
1392 2412 1478 2434 meo:
1507 2409 1537 2434 et
1566 2399 1652 2434 beata
1681 2411 1760 2446 quae
1790 2398 1961 2439 credidisti,

1213 2450 1361 2496 quoniam
1387 2450 1587 2497 perficientur
1603 2450 1632 2483 in
1648 2457 1676 2483 te
1695 2460 1776 2496 quae
1789 2448 1869 2483 dicta
1889 2456 1962 2482 sunt

1216 2499 1269 2533 tibi
1292 2511 1307 2533 a
1330 2498 1476 2534 Domino.

1262 2552 1281 2593 (ξ
1304 2550 1335 2582 9..
1357 2549 1404 2582 Ad
1423 2562 1516 2596 quam
1536 2548 1632 2594 Virgo
1653 2548 1841 2589 veneranda,
1859 2547 1963 2582 inhn-

430 2604 581 2636 U'g'ffl’ffli
604 2592 749 2638 luelylssm
781 2601 909 2626 ¹¹¹²¹¹¹t¹¹¹¹
936 2592 1069 2637 ‘'figens''
1093 2605 1172 2638 quat*
1216 2598 1353 2632 militatis
1375 2599 1506 2645 spiritu,
1530 2598 1736 2645 respondens,
1765 2597 1839 2632 illud
1867 2597 1962 2631 mira-

430 2653 514 2678 tanto
532 2645 608 2690 Regi
632 2646 723 2691 digna
748 2647 801 2679 l'uit
826 2648 871 2680 sni
896 2647 1035 2692 corporis
1066 2646 1171 2680 thala—
1215 2647 1274 2681 bih-
1290 2649 1445 2682 canticum
1462 2649 1650 2682 decantavit:
1667 2647 1960 2693 Magnificatanima

1971 259 2018 285 Αιι.
2039 260 2066 286 C.
2084 259 2152 286 ¹389

1987 1263 2035 1284 Eius
2054 1263 2160 1284 humilitas

1974 1298 1994 1317 ln
2007 1297 2110 1316 visitando
2120 1296 2161 1316 Eli-

1975 1328 2056 1348 sabeth.

1990 2554 2108 2581 Sequuntur
2116 2550 2161 2572 Mn-

1977 2587 2020 2606 riue
2036 2586 2138 2605 encomia.
