2274 3265
241 245 285 271 An.
307 244 416 272 c.¹2711

480 234 526 267 ι28
1019 241 1207 265 surranum
1233 240 1395 263 ROMANUM

432 302 508 336 stiae
535 312 571 335 ex
598 311 706 348 azymo
729 298 854 334 conficit
889 298 997 333 eadem
1034 298 1171 333 Romana

435 350 583 391 Ecclesia,
606 357 715 385 tenens
733 356 763 384 et
785 349 912 388 docens,
935 347 1020 395 quod
1044 348 1072 382 in
1106 347 1174 394 ipso

432 400 634 436 Sacramento
658 398 745 445 panis
778 410 848 433 vere
883 397 1174 432 transubstantiatur

434 452 462 485 in
489 449 624 496 Corpus,
646 456 677 482 et
700 447 806 482 vinum
831 448 859 482 in
883 446 1075 493 Sanguinem
1110 446 1173 480 Do-

434 498 508 534 mini
532 497 628 533 nostri
656 497 725 532 Iesu
753 497 879 532 Christi.
903 496 950 531 De
977 495 1174 531 Matrimonio

434 561 504 584 vero
527 555 631 588 tenet,
654 547 737 594 quod
774 559 831 582 nec
868 558 948 582 unus
984 546 1027 580 vir
1070 545 1174 592 plures

435 610 548 634 uxores
575 597 678 638 simul,
703 609 758 631 nec
782 608 839 630 una
868 596 980 631 mulier
1020 593 1174 642 permitti-

434 657 483 684 tur
505 646 619 682 habere
642 647 746 694 plures
770 646 858 680 riros.
879 646 992 681 Soluto
1019 656 1092 680 vero
1129 644 1175 678 le-

433 697 540 745 gitimo
569 695 777 739 matrimonio,
800 708 855 742 per
883 702 1014 729 mortem
1058 693 1175 728 coniu-

434 759 509 793 gum
532 746 670 786 alterius,
692 745 846 779 secundas
872 753 901 779 et
923 743 1028 778 tertias
1062 742 1175 777 deinde

435 795 560 843 nuptias
581 795 758 830 successive
785 794 884 828 licitas
917 805 986 828 esse
1020 792 1116 832 dicit,
1150 792 1174 825 si

435 845 694 892 impedimentum
711 843 895 878 canonicum
918 841 1015 881 aliud,
1031 853 1068 875 ex
1084 852 1175 875 causa

434 894 504 935 alia,
539 905 599 928 non
634 892 772 927 obsistat.
809 892 878 939 Ipsa
918 903 1043 939 quoque
1071 899 1174 924 sancta

434 943 575 978 Romana
609 942 748 976 Ecclesia
783 953 942 976 summum
979 948 1008 975 et
1048 939 1175 986 plenum

436 993 601 1040 primatum
629 999 658 1025 61
680 991 886 1037 principatum
918 1001 1012 1036 snper
1049 988 1175 1023 univer—

436 1054 499 1076 sam
522 1039 695 1076 Ecclesiam
718 1039 901 1075 catholicam
924 1038 1054 1078 obtinet,
1083 1050 1175 1085 quem

436 1103 467 1125 56
495 1089 533 1124 ab
556 1090 621 1136 ipso
643 1089 781 1124 Domino
809 1089 837 1123 in
861 1088 896 1122 B.
921 1088 1013 1123 Petro
1045 1087 1179 1133 Aposto-

437 1141 536 1174 lorum
561 1138 715 1185 principe,
742 1138 806 1173 sive
830 1138 956 1182 vertice,
983 1137 1073 1172 cuius
1112 1137 1178 1172 Ro-

437 1201 546 1224 manus
569 1186 711 1222 Pontifex
732 1196 779 1223 est
809 1199 982 1232 successor,
1018 1198 1090 1221 cum
1123 1198 1179 1233 po-

437 1238 554 1273 testatis
577 1236 769 1284 plenitudine
796 1237 950 1284 recepisse
977 1236 1124 1271 veraciter
1150 1244 1179 1270 et

438 1287 596 1322 humiliter
622 1287 793 1333 cognoscit.
816 1286 856 1321 Et
884 1287 966 1320 sicut
1004 1297 1076 1332 prae
1109 1296 1180 1320 cae-

439 1336 513 1372 teris
536 1344 658 1371 tenetur
685 1335 755 1370 fidei
795 1335 953 1370 veritatem
989 1333 1180 1375 defendere,

439 1386 483 1421 sic
503 1392 533 1420 et
555 1385 580 1419 si
607 1397 686 1432 quae
719 1384 758 1419 de
793 1384 852 1419 fide
888 1384 1033 1419 subortae
1068 1383 1181 1418 fuerint

439 1434 649 1483 quaestiones,
677 1446 732 1469 suo
754 1434 868 1469 debent
900 1433 1014 1468 iudicio
1048 1432 1179 1467 definiri.

439 1484 488 1519 Ad
515 1495 608 1531 quam
632 1491 731 1531 potest
760 1490 905 1530 gravatus
931 1482 1065 1529 quilibet
1087 1495 1183 1530 super

440 1533 572 1581 negotiis
593 1533 629 1568 ad
653 1532 899 1567 ecclesiasticum
931 1532 1031 1567 forum
1087 1532 1183 1579 perti-

442 1582 587 1619 nentibus
613 1582 780 1629 appellare3
807 1589 837 1617 et
859 1581 889 1616 in
912 1581 1060 1617 omnibus
1082 1582 1183 1616 causis

441 1633 478 1667 ad
515 1643 642 1667 examen
685 1631 934 1666 ecclesiasticum
969 1630 1183 1678 spectantibus

442 1681 478 1716 ad
513 1681 612 1728 ipsius
648 1688 749 1727 potest
788 1679 943 1715 iudicium
983 1680 1112 1724 recurri,
1156 1688 1185 1714 et

442 1730 543 1766 eidem
567 1741 676 1765 omnes
714 1729 872 1765 Ecclesiae
908 1737 982 1765 sunt
1015 1729 1183 1765 subiectae.

443 1780 583 1827 lpsarum
607 1778 731 1825 praelati
760 1779 970 1814 obedientiam
994 1786 1023 1814 et
1046 1791 1187 1815 reveren-

444 1830 516 1864 tiam
543 1828 602 1863 sibi
626 1828 711 1862 dant.
741 1828 789 1863 Ad
813 1828 892 1864 hanc
914 1836 1018 1864 autem
1057 1829 1102 1864 sic
1136 1841 1187 1876 po-

445 1879 562 1914 testatis
589 1877 751 1925 plenitudo
773 1879 924 1923 consistit,
956 1877 1038 1926 quod
1072 1878 1187 1914 Eccle-

444 1928 505 1963 sias
532 1936 670 1963 caeteras
688 1928 724 1962 ad
747 1928 954 1964 solicitudinis
979 1937 1095 1977 partem
1130 1930 1186 1965 ad-

446 1980 549 2026 mittit,
578 1991 709 2027 quarum
744 1982 869 2024 multas,
904 1990 933 2017 et
965 1981 1188 2029 patriarchales

446 2031 622 2080 praecipue,
649 2029 781 2066 diversis
800 2031 969 2079 privilegiis
997 2031 1105 2067 63116111
1129 2031 1189 2066 Ro-

447 2098 537 2122 mana
558 2084 697 2120 Ecclesia
720 2083 893 2121 honoravit,
915 2094 969 2117 sua
993 2090 1097 2117 tamen
1131 2081 1189 2116 ob-

447 2143 565 2173 servata
589 2134 810 2182 praerogativa,
839 2141 903 2168 tum
927 2132 956 2166 in
992 2129 1190 2178 generalibus

447 2185 598 2225 conciliis,
621 2192 687 2219 tum
711 2184 741 2218 in
772 2182 928 2229 aliquibus
967 2181 1034 2216 aliis
1068 2193 1190 2228 semper

448 2237 541 2272 salva.
563 2234 783 2281 Suprascripta
815 2232 885 2267 fidei
923 2232 1047 2266 veritate
1089 2235 1191 2279 (prout

449 2286 538 2334 plene
561 2284 638 2320 lecta
665 2290 723 2325 est,
745 2291 773 2317 et
798 2282 928 2316 fideliter
951 2281 1100 2327 exposita)
1137 2293 1191 2315 ve-

450 2348 524 2375 ram.
547 2342 698 2378 sanctam,
722 2333 905 2368 catholicam
934 2338 964 2366 et
986 2330 1190 2366 orthodoxam

451 2386 541 2421 fidem
564 2384 785 2432 cognoscimus
811 2391 840 2418 et
862 2391 1072 2430 acceptamus,
1095 2389 1123 2415 ct
1140 2393 1192 2416 ore

450 2448 485 2470 ac
506 2435 597 2471 corde
619 2434 818 2475 confitemur,
840 2432 925 2481 quod
955 2443 1024 2467 vere
1048 2440 1144 2471 tem-t,
1164 2440 1193 2465 et

452 2485 581 2520 fideliter
603 2484 707 2525 docet,
734 2492 763 2519 et
792 2483 948 2531 praedicat
983 2492 1088 2518 530613
1125 2481 1193 2516 Ro-

453 2547 542 2569 mana
580 2534 725 2570 Ecclesia:
767 2532 985 2568 inviolabiliter
1028 2532 1194 2568 observare

453 2584 593 2619 eamdem
629 2584 864 2632 professionem,
903 2589 934 2619 et
971 2584 1002 2618 in
1038 2594 1072 2618 ea
1107 2580 1193 2617 omni

456 2642 592 2680 tempore
625 2646 831 2680 perseverare,
860 2646 915 2667 061·
957 2633 1020 2667 11110
1059 2644 1194 2679 unquam

1213 305 1354 344 tempore
1380 295 1418 331 ab
1452 307 1487 330 ea
1526 294 1689 330 discedere
1722 297 1958 344 quoquomodo,

1213 354 1266 381 aut
1293 345 1417 380 deviare
1440 344 1486 379 vel
1520 343 1699 379 discordare
1736 346 1956 392 promittimus.

1214 396 1388 430 Primatum
1410 405 1535 441 quoque
1567 393 1709 428 eiusdem
1743 402 1869 430 sanetae
1894 395 1959 430 Ro-

1216 456 1323 480 manae
1351 443 1524 486 Ecclesiae,
1546 443 1627 478 sicut
1650 443 1679 478 10
1708 444 1877 491 praemissa
1909 458 1959 480 se-

1214 495 1259 530 rie
1276 492 1467 534 continetur,
1489 492 1527 527 ad
1546 492 1643 540 ipsius
1657 501 1781 528 sanctae
1800 493 1960 529 Ecclesiae

1214 543 1424 579 obedientiam
1452 541 1625 586 venientes,
1648 542 1837 578 confitemur
1857 551 1888 579 et
1910 556 1959 579 re—

1215 592 1445 647 cognoscimuS,
1473 600 1673 640 acceptamus
1699 599 1729 628 et
1750 601 1862 641 sponte
1901 606 1961 628 su-

1215 654 1379 688 scipimus.

1263 690 1459 726 Confitentes
1483 702 1553 726 vero
1579 690 1674 735 haec,
1701 700 1732 726 et
1752 691 1962 739 approbantes

1215 749 1244 775 et
1266 748 1464 787 acceptantes
1485 748 1515 775 et
1542 741 1760 788 promittentes
1782 741 1961 784 observate,

1216 798 1248 824 ut
1269 790 1416 836 superius
1437 790 1555 825 dictum
1578 798 1635 829 est,
1660 803 1806 837 rogamus
1834 793 1963 838 magni-

1217 839 1357 874 tudinem
1386 847 1530 880 vestram,
1561 847 1594 874 ut
1616 839 1758 875 Ecclesia
1781 848 1885 876 nostra
1913 841 1963 875 di-

1216 895 1265 923 cat
1286 896 1427 923 sanctum
1443 888 1641 937 Symbolum,
1666 898 1758 937 prout
1772 889 1894 925 dicebat
1907 891 1964 925 hoc

1216 946 1286 972 ante
1308 937 1458 979 schisma,
1487 951 1586 985 usque
1610 939 1639 973 in
1663 939 1852 975 hodiernum
1867 940 1964 981 dicm,

1217 995 1247 1022 et
1267 987 1352 1035 quod
1380 998 1623 1034 permaneamus
1650 987 1680 1022 in
1703 988 1817 1024 ritibus
1840 991 1965 1029 nostris,

1217 1036 1333 1084 quihus
1361 1036 1527 1072 utebamur
1554 1045 1625 1072 ante
1647 1037 1801 1080 schisma;
1829 1039 1882 1087 qui
1906 1040 1966 1074 sci-

1218 1087 1288 1121 licet
1310 1085 1388 1121 ritus
1417 1098 1478 1121 non
1513 1094 1586 1121 sunt
1612 1094 1721 1122 contra
1753 1089 1965 1134 supradictam

1220 1135 1329 1180 tidem,
1357 1147 1414 1171 066
1436 1144 1542 1171 contra
1565 1136 1669 1171 divina
1698 1146 1876 1184 praecepta,
1911 1151 1967 1172 nec

1219 1192 1327 1220 contra
1342 1184 1438 1220 Vetus
1452 1194 1482 1221 61
1496 1185 1620 1221 Novum
1639 1185 1891 1231 Testamentum,
1913 1200 1968 1222 nec

1219 1243 1326 1270 contra
1359 1234 1533 1270 doctrinam
1561 1243 1738 1271 sanctorum
1773 1237 1967 1283 generalium

1220 1284 1437 1324 conciliorum,
1459 1292 1489 1319 et
1504 1293 1681 1320 sanctorum
1698 1295 1896 1332 receptorum
1915 1300 1969 1333 per

1220 1341 1325 1368 sancta
1347 1332 1479 1369 concilia
1505 1345 1586 1381 quae
1606 1333 1760 1369 celebrata
1779 1344 1852 1370 sunt
1873 1348 1889 1370 a
1909 1337 1970 1383 spi-

1222 1382 1323 1418 rituali
1352 1382 1566 1418 dominatione
1600 1382 1760 1419 Ecclesiae
1793 1384 1967 1419 Romanae,

1224 1432 1289 1467 Hoc
1311 1431 1405 1478 igitur
1431 1444 1492 1467 non
1521 1444 1612 1479 grave
1639 1441 1685 1467 est
1714 1442 1831 1469 vestrae
1857 1435 1968 1469 sancti·

1223 1482 1294 1527 tati,
1317 1493 1374 1516 066
1402 1481 1600 1521 101151131001,
1623 1489 1653 1516 61
1674 1482 1766 1518 nobis
1793 1492 1868 1519 tunc
1895 1484 1970 1518 diffi-

1223 1531 1281 1567 cile
1293 1538 1419 1578 propter
1431 1530 1584 1566 infinitam
1597 1531 1830 1568 multitudinem
1848 1534 1968 1580 populi.

1272 1579 1498 1616 Commisimus
1519 1589 1623 1616 autem
1645 1594 1740 1630 super
1759 1582 1807 1617 his
1827 1594 1972 1629 praesen-

1225 1629 1308 1665 tibus
1330 1630 1455 1665 nunciis
1478 1630 1601 1678 imperii
1623 1631 1734 1673 nostri,
1762 1639 1794 1666 ut
1813 1632 1893 1667 dicta
1918 1645 1971 1679 1161

1226 1687 1404 1728 praesentes
1433 1680 1539 1715 literas
1563 1688 1684 1716 nostras
1705 1681 1912 1717 confiteantur
1939 1691 1970 1717 et

1225 1729 1380 1764 affirment
1408 1729 1473 1765 vice
1500 1729 1625 1778 imperii
1652 1731 1749 1765 nostri
1772 1742 1877 1766 coram
1906 1745 1971 1767 ma-

1225 1791 1284 1826 gua
1307 1779 1468 1814 sanctitate
1484 1787 1594 1814 vestra.
1618 1778 1771 1815 Praesens
1791 1780 1885 1827 igitur
1903 1782 1977 1817 scri-

1228 1838 1313 1876 ptum
1336 1828 1374 1863 de
1394 1837 1496 1864 nostra
1513 1829 1740 1876 recognitione,
1761 1831 1976 1878 susceptione,

1226 1878 1439 1925 acceptatione
1460 1887 1490 1914 61
1513 1878 1720 1926 professione,
1740 1880 1864 1927 propria
1880 1893 1974 1917 manu

1228 1937 1344 1969 nostra,
1360 1928 1418 1964 Dei
1432 1929 1541 1977 gratia,
1564 1929 1716 1978 imperiali
1744 1929 1975 1979 subscriptione

1228 1982 1421 2029 signavimus
1448 1989 1479 2016 61
1506 1981 1644 2028 sigillum
1669 1987 1794 2016 nostrae
1817 1983 1974 2029 potentiae

1229 2033 1358 2068 inferius
1384 2031 1522 2080 appendi
1550 2031 1695 2073 fecimus,
1722 2039 1774 2065 etc.

1578 2185 1632 2220 lx.

1234 2260 1423 2294 Provisiones
1455 2266 1481 2294 et
1507 2260 1714 2294 ordinationes
1742 2271 1800 2305 pro
1839 2260 1978 2293 ecclesia-

1280 2311 1355 2344 stica
1394 2311 1528 2344 libertale
1566 2310 1598 2342 in
1638 2321 1730 2354 regno
1766 2310 1980 2353 Portuqalliae

1280 2361 1502 2394 nrarmtenenda
1527 2360 1588 2402 (11).

1499 2429 1712 2462 SUMMARIUM

1235 2496 1374 2529 1111013011,
1403 2496 1558 2535 divinaque
1582 2494 1636 2524 hoc
1660 2493 1688 2523 111
1711 2501 1800 2531 regno
1827 2491 1901 2521 male
1930 2491 1981 2520 ha-

1274 2541 1335 2570 beri
1355 2540 1431 2570 dolet
1449 2539 1616 2579 Gregorius.
1639 2555 1678 2561 -
1700 2539 1726 2568 1.
1748 2537 1913 2577 Alphonsus
1933 2545 1980 2565 rex

1270 2604 1308 2638 (1)
1326 2603 1363 2630 Ex
1384 2602 1487 2637 Regest.
1510 2602 1592 2629 Vatic.
1612 2601 1677 2629 Vide
1697 2599 1863 2636 Raynatdum
1879 2598 1910 2625 ad
1931 2606 1977 2624 an-

1237 2651 1299 2670 num
1324 2643 1397 2676 1275,
1419 2642 1434 2678 S
1454 2642 1496 2669 at.

1975 243 2024 268 Αη.
2041 241 2068 267 C.
2088 240 2154 267 t275

1989 704 2095 730 Supplicat
2123 709 2160 731 pro

1986 735 2148 755 corrservatlone

1977 767 2052 786 rituum
2086 765 2161 786 Eccle-

1979 802 2022 817 siae
2037 796 2139 817 Graecae.

2008 1594 2146 1615 Transmissio

1986 1626 2109 1646 nunciorum
2145 1626 2170 1646 ad

1986 1655 2099 1677 Romanum
2117 1655 2172 1676 Pon-

1987 1687 2062 1708 tificem
2070 1693 2107 1714 pro
2117 1693 2173 1714 11131-

1987 1719 2089 1739 dictorum
2118 1723 2172 1739 eon-

1986 1749 2080 1770 sessiona
2134 1749 2171 1770 fir-

1989 1782 2070 1802 manda.
