2274 3265
220 226 267 252 An.
286 225 398 252 01556

243 2213 358 2235 Bromium,

465 214 533 247 588

413 280 623 327 exemptionis
661 290 755 326 quani
797 279 867 314 aliis
901 278 1159 326 quibuscumque

414 329 596 377 privilegiis,
624 328 827 375 indulgentiis
849 337 879 363 et
909 329 1008 364 literis
1031 336 1159 376 aposto-

414 380 492 421 licis,
519 379 579 413 sub
605 390 807 425 quicumque
830 377 927 414 forma
955 378 1001 413 vel
1027 391 1159 432 expres-

412 433 502 465 sione
547 428 712 464 verborum
735 427 988 475 quibuscumque
1018 440 1160 482 personis

412 488 464 514 aut
486 478 563 514 loeis
584 478 754 519 concessis
778 489 830 523 per
856 490 936 525 quae
959 486 1077 512 vestrae
1105 490 1159 511 ιιι-

413 528 603 564 risdictionis
644 528 789 562 executio
830 535 936 582 posset
970 539 1065 574 super
1111 526 1160 560 his

412 577 651 633 quomodolibet
686 577 856 622 impedir7i
879 577 998 612 etiamsi
1033 576 1072 610 de
1101 575 1161 609 illis

411 636 491 663 esset
521 641 550 662 in
584 627 802 675 praesentibus
831 605 919 673 plena
947 636 978 661 ct
1012 637 1158 671 expressa

412 678 450 712 de
478 677 573 712 verbo
605 677 642 711 ad
676 676 804 711 verbum
840 675 957 710 mentio
995 673 1158 709 facienda:

412 740 466 763 seu
489 727 513 762 si
537 726 695 773 aliquibus
726 726 936 760 communiter
958 724 1004 758 vel
1035 724 1159 758 divisim

412 777 450 811 sit
472 776 510 810 ab
527 777 635 811 eadem
659 775 743 810 Sede
770 787 969 813 concessum,
992 773 1075 820 quod
1105 774 1160 807 in—

412 826 536 870 terdici,
562 825 712 872 suspendi
738 825 782 858 vel
811 823 1073 858 excommunicari
1099 836 1159 857 non

413 876 534 922 possint
575 887 628 920 per
664 875 767 908 literas
800 873 989 919 apostolicas
1026 885 1086 907 non
1116 873 1161 907 fa-

411 926 529 960 cientes
554 925 677 971 plenam
693 931 723 957 et
744 935 923 969 expressam
946 935 982 957 ae
1003 922 1042 957 de
1066 922 1161 957 verbo

411 975 448 1008 ad
477 973 606 1008 verbum
634 973 673 1007 de
708 972 829 1007 indulto
857 972 1039 1007 huiusmodi
1067 984 1159 1006 men-

412 1025 540 1059 tionem.

460 1073 572 1108 Datum
601 1073 776 1117 Avenione,
797 1085 882 1106 nono
910 1071 1059 1106 kalendas
1081 1071 1159 1113 iulii,

412 1123 611 1170 pontificatus
634 1124 730 1157 nostri
759 1135 841 1157 anno
868 1135 902 1156 ιι.

465 1184 525 1214 Dat.
549 1185 595 1214 die
618 1184 656 1214 ⁶23
680 1184 754 1214 iunii
778 1183 860 1219 1335,
880 1188 957 1222 pont..
978 1193 1054 1213 anno
1074 1192 1102 1213 ιι.

742 1350 823 1386 VIII.

413 1434 504 1474 Quod
521 1440 646 1467 rectores
666 1440 818 1466 terrarum
838 1435 994 1467 Romanae
1009 1435 1159 1468 Ecclesiae

457 1485 695 1527 consanym'neos
721 1484 767 1516 vel
800 1484 908 1527 affines
930 1495 1000 1517 suos
1022 1486 1064 1517 ad
1089 1485 1158 1517 ali-

458 1534 541 1577 quod
578 1533 712 1577 officium
745 1534 945 1566 exercendum
981 1535 1014 1566 in
1047 1534 1158 1567 eisdem

458 1584 544 1615 terris
569 1583 694 1615 minime
714 1583 878 1616 admittant
905 1586 961 1626 (1).

672 1660 886 1690 SUMMARIUM

409 1731 574 1760 Exordium.
596 1747 635 1754 ——-
665 1732 687 1760 l.
711 1731 823 1760 Causae
848 1730 984 1760 serendae
1008 1731 1156 1760 constitu-

447 1776 545 1804 tionis.
567 1792 606 1797 --
623 1776 649 1804 2.
669 1775 807 1805 flecteres
826 1775 975 1804 civitatum
1001 1776 1159 1805 marescal-

449 1821 491 1850 los
518 1830 533 1849 e
564 1821 793 1859 consanguineis
820 1829 973 1849 assumere
1003 1830 1060 1850 non
1091 1832 1158 1861 pos-

448 1869 524 1895 sunt.
548 1881 585 1886 —-
603 1865 630 1899 3,
652 1865 679 1894 4.
702 1865 795 1900 Quoto
822 1869 951 1903 tempore
981 1866 1087 1895 durare
1107 1868 1158 1897 ‹le-

448 1910 514 1940 beat
540 1910 643 1939 borum
672 1910 815 1945 officium,
843 1914 871 1938 et
898 1910 932 1938 de
964 1910 1158 1941 sindicatione

447 1957 482 1986 de
498 1957 541 1986 eis
562 1957 704 1986 facienda.

429 2036 586 2066 Benedictus
620 2038 761 2074 episcopus
796 2045 892 2066 servus
912 2044 1051 2066 servorum
1070 2037 1132 2069 Dei,

564 2088 597 2115 ad
626 2087 749 2116 futuram
773 2089 813 2116 rei
832 2087 999 2115 memorIam.

457 2160 681 2195 Desiderantes
702 2161 731 2194 in
749 2161 839 2194 terris
863 2160 1022 2195 Ecclesiae
1045 2160 1158 2194 Roma-

408 2223 464 2245 nae
493 2211 669 2245 immediate
700 2210 851 2244 subiectis
877 2210 1078 2245 serenitatem
1108 2222 1158 2243 re—

406 2273 500 2306 gnare
524 2261 672 2299 iustitiae,
697 2260 827 2295 sublatis
851 2260 1009 2294 iniuriosis
1028 2272 1159 2306 oppres-

407 2310 571 2350 sionibus,
604 2310 804 2345 subditorum
833 2323 939 2345 curam
968 2309 1158 2345 adhibemus

408 2361 540 2396 libenter
567 2361 721 2398 sedulam.
751 2368 783 2394 ut
811 2373 1008 2408 nequaquam
1031 2360 1070 2394 ab
1099 2359 1159 2394 illis

408 2410 581 2446 inferantur
611 2412 789 2458 gravamina
813 2411 969 2449 subditis,
998 2423 1052 2457 per
1079 2422 1158 2457 qnos

408 2461 501 2495 debet.
523 2462 623 2507 ipsius
652 2462 786 2495 iustitiae
809 2461 914 2495 cultus
936 2461 1007 2496 coli.

457 2511 476 2555 ,Ε
500 2514 530 2544 l.
552 2511 636 2546 Sane
664 2511 700 2545 ad
726 2512 820 2545 nostri
848 2511 1043 2557 apostolatus
1066 2510 1158 2544 andi-

409 2557 474 2594 tum
499 2560 558 2595 lide
586 2561 688 2606 dignis
710 2561 921 2607 ‹piorumdam
951 2559 1158 2596 relationibus

443 2631 481 2664 (1)
498 2631 532 2656 Ex
553 2632 656 2663 aegest.
676 2632 699 2657 in
722 2631 829 2658 ,ΚΝ-Μὶν.
851 2633 935 2658 Vari«.

991 222 1175 246 nummum
1198 222 1266 245 {tom
1272 222 1358 244 mum

1201 286 1246 312 est
1269 278 1470 325 μοι-,1111010111
1502 278 1588 325 quod
1611 279 1783 314 marescalli
1809 292 1865 327 pei·
1893 293 1950 315 rc—

1201 337 1303 362 ctorcs
1343 335 1495 362 terrarum
1535 327 1765 375 praedictarum
1789 356 1796 368 ,

1203 377 1354 411 hactenus
1386 376 1549 424 deputati,
1572 377 1611 412 de
1634 377 1741 412 multis
1768 379 1949 414 excessibus

1201 426 1239 460 ab
1252 427 1341 460 eisin
1356 438 1524 473 gravamen
1541 435 1572 462 et
1588 427 1734 461 iniuriam
1750 427 1947 463 subditorum

1204 475 1448 522 praedictorum,
1470 485 1499 510 et
1536 476 1761 523 praeiudicium
1790 476 1950 512 Ecclesiae

1203 534 1391 561 memoratae
1414 526 1604 565 commissis
1634 539 1669 561 ex
1693 538 1730 560 eo
1752 538 1814 561 non
1838 528 1951 562 extite-

1203 583 1274 609 runt
1296 575 1423 618 exinde,
1442 584 1475 611 ut
1497 575 1563 610 fieri
1592 575 1726 611 debebat
1749 584 1779 610 ct
1801 577 1951 624 expedie-

1203 624 1265 663 bat,
1288 625 1432 665 correcti,
1458 626 1529 672 quia
1552 625 1591 660 de
1612 625 1882 671 consanguinitate
1904 628 1950 661 vel

1202 674 1350 710 affinitate
1383 682 1540 709 rectorum
1568 683 1655 709 erant
1686 675 1845 721 ipsorum:
1874 677 1950 722 quin

1204 724 1307 769 potius
1327 737 1365 758 ex
1382 724 1420 758 iis
1437 724 1579 770 praestita
1603 725 1649 759 eis
1675 724 1802 759 audacia
1826 724 1856 759 in
1873 725 1950 760 suli-

1202 773 1285 807 ditos
1297 774 1424 820 gravius
1439 773 1611 814 saeviendi,
1626 774 1754 809 rationis
1769 782 1799 809 et
1814 774 1950 809 iustitiae

1202 821 1309 857 laxatis
1345 821 1499 867 liabenis,
1535 836 1682 858 excessus
1712 824 1896 859 excessibus
1923 832 1952 858 et

1202 873 1423 918 oppressiones
1449 873 1710 919 oppressionibus
1738 874 1767 908 in
1799 873 1951 908 damnum

1202 921 1346 957 utilitatis
1368 922 1556 969 reipublicae
1577 934 1637 957 non
1661 923 1820 958 modicum
1837 936 1952 958 cumu-

1202 971 1318 1006 larunt.

1249 1022 1269 1067 ἓ
1291 1023 1324 1055 ⁶2.
1347 1021 1523 1056 Occurrere
1555 1021 1648 1068 igitur
1669 1022 1851 1057 eorumdem
1875 1023 1951 1057 sub-

1201 1070 1338 1105 ditorum
1355 1071 1384 1104 in
1400 1071 1458 1106 liae
1474 1079 1560 1118 parte
1577 1071 1753 1118 dispendiis
1775 1072 1950 1118 cupientes,

1202 1119 1359 1164 volumus,
1394 1122 1560 1155 statuimus
1596 1129 1703 1156 tenore
1727 1121 1951 1168 praesentium,

1200 1178 1230 1204 et
1257 1170 1349 1204 etiam
1377 1169 1573 1210 ordinamus,
1600 1170 1685 1217 quod
1709 1170 1823 1205 amodo
1847 1171 1953 1206 nullus

1202 1227 1302 1254 rector
1317 1228 1470 1254 terrarum
1496 1219 1739 1267 praedictarum,
1756 1220 1801 1255 vel
1820 1220 1954 1255 alicuius

1200 1269 1381 1304 earumdem
1398 1269 1550 1317 aliquem,
1572 1270 1625 1316 qui
1648 1270 1688 1304 sit
1710 1270 1814 1310 frater,
1842 1282 1953 1317 ηεροδ,

1199 1319 1466 1365 consanguineus,
1495 1319 1540 1353 vel
1564 1318 1666 1354 affinis
1693 1318 1805 1366 ipsius,
1833 1328 1888 1355 aut
1915 1320 1954 1354 de

1202 1368 1373 1413 provincia,
1395 1368 1445 1403 cui
1462 1375 1563 1403 rector
1579 1368 1645 1416 ipse
1661 1368 1829 1415 praesidet,
1844 1369 1954 1404 oriun-

1200 1416 1271 1461 dus,
1293 1430 1385 1452 suum
1422 1426 1453 1452 et
1486 1418 1590 1453 curiae
1622 1431 1696 1453 suae
1718 1419 1952 1459 marescallum,

1201 1466 1246 1500 vel
1285 1467 1345 1501 sub
1384 1480 1586 1514 quocumque
1626 1468 1755 1502 nomine
1792 1476 1952 1514 gerentem

1199 1515 1350 1560 officium,
1374 1516 1458 1564 quod
1496 1529 1604 1564 gerere
1636 1516 1841 1552 marescallus
1876 1531 1955 1553 con-

1199 1566 1312 1610 suevit,
1335 1568 1487 1613 deputare
1515 1575 1705 1613 praesumat,
1727 1579 1782 1601 seu
1811 1567 1871 1602 iarn
1903 1567 1955 1602 de-

1201 1623 1344 1662 putatum
1372 1617 1402 1650 in
1430 1616 1540 1651 eodem
1572 1616 1675 1651 officio
1702 1616 1860 1656 retinere.;
1898 1617 1953 1651 sed

1199 1664 1293 1699 alium
1317 1666 1503 1710 discretum,
1525 1665 1663 1706 fidelem,
1684 1673 1851 1701 strenuum
1879 1678 1954 1701 con-

1199 1715 1319 1758 stituat,
1352 1715 1405 1762 qui
1443 1715 1590 1750 iustitiam
1626 1715 1754 1762 diligat,
1789 1716 1951 1751 avaritiam

1199 1764 1293 1803 odiat,
1321 1774 1349 1799 et
1374 1767 1457 1800 lucra
1482 1765 1606 1812 propria
1626 1773 1732 1799 contra
1753 1765 1951 1800 honestatem

1200 1822 1230 1847 et
1259 1814 1422 1859 iustitiam,
1439 1827 1473 1849 ac
1489 1814 1556 1849 iura
1578 1822 1608 1848 et
1630 1814 1768 1850 honores
1788 1815 1952 1862 praedictae

1200 1863 1360 1898 Ecclesiae
1389 1877 1451 1899 non
1475 1872 1617 1899 venetur.

1247 1918 1262 1956 ξ
1290 1917 1322 1948 5.
1345 1914 1447 1949 Cuius
1461 1914 1589 1962 quidem
1613 1914 1785 1949 marescalli
1814 1914 1952 1950 officium

1201 1978 1256 2013 per
1308 1979 1362 2001 sex
1415 1977 1540 2001 menses
1583 1965 1693 2000 babeat
1733 1966 1953 2000 tantummodo

1201 2017 1381 2064 perdurare,
1399 2018 1471 2062 nisi,
1486 2016 1667 2051 huiusmodi
1683 2016 1844 2051 semestris
1867 2016 1953 2052 finito

1201 2077 1353 2114 tempore,
1377 2068 1454 2103 sacta
1479 2067 1682 2115 inquisitione
1697 2075 1727 2101 et
1746 2066 1952 2101 sindicatione

1202 2118 1326 2162 publice
1362 2126 1470 2153 eontra
1494 2130 1579 2156 eum,
1614 2117 1726 2159 iustus,
1756 2115 1896 2151 muudus
1923 2124 1951 2151 et

1201 2167 1300 2202 tidelis
1338 2168 1433 2202 fuerit
1475 2168 1637 2202 inventus:
1683 2179 1747 2213 quo
1788 2178 1862 2200 casu
1897 2179 1953 2213 per

1199 2218 1276 2252 alios
1321 2229 1375 2252 sex
1418 2229 1542 2251 menses
1591 2216 1704 2263 poterit
1750 2215 1953 2250 marescallus

1201 2268 1312 2301 iterum
1330 2267 1471 2313 deputari
1488 2280 1496 2307 ·,
1518 2266 1635 2314 quibus
1651 2266 1757 2306 finitis,
1773 2265 1824 2299 liat
1839 2265 1954 2300 similis

1201 2317 1363 2364 inquisitio
1385 2325 1415 2352 et
1441 2316 1608 2351 sindicatio
1631 2323 1737 2351 contra
1764 2316 1878 2371 ipsum.

1248 2374 1262 2410 ξ
1292 2370 1322 2401 t.
1358 2367 1390 2402 Si
1420 2380 1492 2402 vero
1517 2375 1629 2406 rector
1653 2379 1707 2414 per
1730 2378 1824 2413 quem
1854 2366 1954 2413 inqui-

1199 2419 1328 2453 sitiones
1359 2426 1388 2452 et
1419 2417 1646 2453 sindicationes
1683 2415 1845 2451 habebunt
1886 2417 1952 2451 lieri

1199 2468 1408 2515 supradictae
1450 2469 1531 2502 circa
1559 2480 1611 2503 eas
1640 2480 1731 2515 prcce
1759 2466 1806 2501 vel
1837 2468 1953 2515 precio,

1199 2531 1316 2557 amore,
1346 2518 1449 2553 favore
1478 2517 1523 2553 rel
1559 2518 1644 2562 odio,
1683 2526 1735 2552 ant
1762 2517 1839 2554 alias
1873 2531 1953 2564 quo-

1201 2567 1374 2603 modolibet
1417 2568 1631 2603 fraudolenter
1674 2575 1817 2615 repertus
1859 2568 1952 2603 fuerit

1200 2617 1380 2665 deliquisse,
1418 2631 1473 2665 pro
1510 2618 1589 2652 male
1617 2618 1704 2652 sartis
1732 2618 1830 2665 ipsius
1852 2630 1954 2652 mare-

1833 329 1983 365 ibidem
1965 355 1984 369 ,,,

1967 230 2016 250 An.
2036 224 2064 251 C.
2081 225 2147 252 ¹556

1977 286 2003 305 (ι
1998 292 2035 306 ιιι
2038 293 2055 307 xe
2073 286 2147 307 feren

1965 319 1987 337 di
1984 324 2001 337 ie
2016 323 2067 338 cson
2059 321 2147 339 titutio-

1981 1030 2082 1051 Rertores
2098 1032 2151 1051 civi-

1967 1064 2030 1081 tatum
2039 1062 2152 1082 marescal-

1968 1092 1999 1111 lns
2023 1098 2034 1113 e
2057 1099 2151 1113 cansan-

1967 1126 2048 1149 guineis
2090 1130 2151 1144 assu-

1968 1160 2025 1175 mere
2044 1161 2085 1176 non
2101 1162 2152 1183 pns—

1969 1190 2023 1207 suut.

1981 1924 2152 1952 Quototempore

1969 1957 2043 1976 durare
2076 1957 2151 1977 debeat

1968 1988 2041 2008 horum
2052 1987 2151 2011 officium.

1968 2023 1988 2039 et
2006 2020 2031 2039 de
2058 2020 2152 2040 sindica—

1968 2051 2025 2070 tinne
2042 2051 2067 2070 de
2083 2051 2114 2071 eis
2123 2049 2154 2069 fu-

1968 2084 2049 2104 cienda.
