2274 3265
159 262 207 289 An.
226 262 253 288 C.
271 262 336 288 ¹356

182 468 210 489 De
230 470 309 488 nimiis.

943 261 1138 286 BENEDtCTcs
1163 262 1204 283 ΧΙΙ
1230 261 1276 282 ΡΡ.

647 338 726 374 Car.
757 339 806 374 Vl.

401 413 481 456 Quia
507 428 578 450 vero
601 428 656 462 per
680 416 863 450 exercitium
894 416 1035 450 lectionis
1056 428 1102 450 ac-

351 465 486 510 quiritur
508 466 658 500 scientiae
686 466 862 510 margarita,
890 475 921 500 et
950 479 1004 512 per
1032 473 1101 500 stu-

352 514 437 548 dium
461 527 568 549 sacrae
592 514 726 560 paginae
748 515 785 548 ad
809 515 1020 561 cognitionem
1044 528 1102 549 ex-

352 563 514 599 cellentiae
538 564 662 598 divinae
691 564 875 599 familiarius
899 565 1100 619 pervenitur3

351 626 387 648 ac
416 625 470 660 per
491 614 682 660 agnitionem
712 614 840 648 humani
873 614 949 648 iuris
975 627 1101 648 annuus

352 663 566 698 rationabilior
587 663 731 707 eflicitur,
753 671 783 698 et
805 663 842 698 ad
866 664 1013 698 iustitiam
1038 676 1102 698 cer-

351 713 414 748 tius
441 712 643 747 informatur:
680 725 738 748 nos
769 713 946 759 cupientes,
975 723 1007 749 ut
1045 714 1099 748 viri

351 761 494 797 eiusdem
532 761 652 796 ordinis
686 774 740 797 sen
777 763 935 809 religionis
969 763 998 797 in
1027 776 1101 810 agro

351 811 510 846 dominico
544 811 740 851 laborantes
776 812 805 846 in
843 812 1035 868 primitivis,
1066 826 1101 848 ac

351 861 494 896 deinde
488 873 517 894 ιι]
546 861 644 895 divini
673 869 703 895 et
726 862 868 917 humani,
891 862 1036 897 canonici
1056 863 1101 897 vi-

350 910 504 965 delicet,
498 911 615 945 iulium
638 911 778 946 scientiis
802 911 1009 953 instruantur,
1024 925 1101 947 eon-

351 960 508 995 stitutioni
537 959 711 996 Clementis
747 960 849 1008 Papae
876 961 915 1001 V,
951 971 980 996 et
1011 974 1101 1017 prae-

350 1010 528 1045 decessoris
552 1011 662 1054 nostri,
685 1011 722 1044 de
747 1012 887 1046 monacis
910 1013 938 1045 in
961 1011 1101 1046 scientiis

353 1059 520 1106 primitivis
561 1059 756 1095 instruendis
786 1060 863 1095 insra
900 1062 1100 1101 nionasteiffia

350 1109 468 1156 quibus
490 1108 626 1156 degunt,
649 1109 752 1145 editae
781 1110 992 1154 inhaerentes,
1016 1110 1099 1145 illam

352 1158 498 1194 volumus
525 1168 555 1193 et
584 1159 793 1206 praecipimus
828 1160 959 1194 tirmiter
993 1160 1102 1195 obser-

353 1209 425 1244 vari.
450 1208 489 1242 Et
510 1208 716 1243 nihilominus
737 1208 913 1243 adiiciendo
932 1209 1101 1244 statuimus

350 1267 380 1293 et
414 1257 618 1299 ordinamus,
654 1267 686 1293 ut
719 1257 914 1305 quibuslibet
949 1258 1101 1293 Ecclesiis

350 1306 595 1346 cathedralibus,
619 1307 834 1351 monasteriis,
858 1308 1049 1355 prioratibus
1071 1318 1100 1343 et

350 1357 418 1392 aliis
439 1356 700 1392 conventualibus
722 1366 752 1392 et
779 1357 974 1392 solemnibus
1003 1358 1100 1399 locis,

350 1406 464 1453 quibus
490 1406 529 1441 ad
554 1406 615 1441 hoc
636 1415 813 1454 suppetunt
841 1406 1022 1447 l'acultateS,
1050 1420 1101 1442 or-

350 1456 433 1491 dinis
460 1468 516 1490 seu
539 1456 703 1502 religionis
734 1457 917 1492 huiusmodi
949 1457 1102 1504 deinceps

350 1505 503 1541 habeatur
530 1507 695 1552 magister,
730 1507 783 1554 qni
808 1518 957 1542 monacos
990 1520 1099 1542 eorum

349 1556 459 1591 doceat
491 1555 520 1590 in
550 1556 732 1590 huiusmodi
760 1556 899 1591 scientiis
923 1557 1100 1604 primitivis,

350 1605 507 1650 videlicet,
528 1606 747 1651 grammatica,
782 1606 881 1651 logica
905 1616 934 1642 et
959 1607 1100 1654 pbiloso-

350 1654 438 1702 phia:
468 1655 592 1701 proviso
619 1656 769 1690 attentius
794 1665 825 1690 ut
848 1656 1027 1691 saeculares
1053 1657 1101 1691 in—

349 1704 493 1740 struendi
522 1717 594 1739 cum
630 1706 705 1752 ipsis
734 1707 872 1740 monacis
894 1706 1047 1741 docendis
1071 1707 1100 1740 ιι]

349 1755 470 1790 eisdem
490 1754 655 1800 Ecclesiis,
679 1756 888 1795 monasteriis,
912 1756 1101 1803 prioratibus

350 1813 380 1839 et
407 1804 484 1840 locis
506 1804 687 1840 nullatenus
714 1806 929 1841 admittantur.
955 1806 1013 1840 (lui
1034 1807 1102 1853 qui-

350 1855 422 1889 dem
451 1857 617 1903 magistro,
659 1857 682 1890 si
721 1870 874 1891 monacus
909 1869 969 1890 non
1010 1856 1100 1891 l‘uerit

352 1907 451 1953 ipsius
478 1906 598 1941 ordinis
621 1919 674 1941 sen
708 1907 878 1952 religionis,
907 1906 946 1940 de
970 1918 1049 1953 pane
1072 1916 1101 1941 et

352 1957 423 1990 vino
446 1964 475 1990 et
501 1957 628 2003 pitantia
646 1957 808 2002 providere
830 1956 989 2004 quotidie,
1022 1958 1100 1991 sient

352 2007 405 2040 uni
428 2019 466 2041 ex
485 2006 624 2040 monacis
646 2006 876 2049 Ecclesiarum,
901 2007 1101 2041 monasterio-

352 2069 432 2099 rum,
452 2058 645 2102 prioratuum
669 2069 705 2091 ac
741 2056 882 2091 locorum
907 2056 1099 2099 huiusmodi,

354 2113 517 2140 teneantur
533 2106 587 2149 illi,
610 2107 662 2152 qui
682 2106 751 2140 talia
769 2115 913 2140 tenentur
935 2108 962 2140 in
993 2107 1037 2141 eis
1054 2120 1102 2141 ea-

353 2156 460 2203 pitulis
475 2155 702 2200 Ecclesiarum,
716 2157 994 2199 monasteriorum,
1015 2157 1101 2203 prio-

353 2215 475 2240 ratuum
498 2214 527 2240 et
551 2206 691 2240 locorum
717 2207 868 2253 ipsorum,
892 2206 1100 2241 conventibus

352 2268 407 2290 seu
439 2256 578 2290 monacis
596 2255 792 2297 ministrare3
821 2269 943 2290 necnon
969 2270 1024 2303 pio
1049 2270 1102 2290 ve-

352 2305 524 2343 stimentis,
548 2304 768 2340 calceamentis
783 2314 811 2340 et
832 2306 945 2340 salario
964 2319 1100 2352 congrua

354 2356 462 2402 pensio
486 2367 587 2389 annua
606 2356 802 2401 assignetur,
830 2369 909 2403 quae
934 2364 1035 2390 tamen
1062 2357 1102 2390 vi-

352 2406 430 2451 ginti
446 2405 592 2439 librarum
609 2407 826 2440 turonensium
844 2418 1102 2452 parvorumsum-

353 2468 433 2490 mam
457 2467 654 2502 nequaquam
678 2456 818 2496 excedat,
841 2469 922 2501 quae
951 2456 988 2490 de
1011 2456 1102 2490 infra-

351 2507 464 2552 scripta
493 2505 654 2539 communi
686 2505 918 2540 contributione
946 2506 1100 2547 solvetur,

352 2555 454 2590 donec
474 2567 528 2602 pro
551 2568 584 2590 ea
613 2564 642 2589 et
671 2555 876 2602 pensionibus
895 2569 1099 2590 monacorum

351 2605 547 2639 studentium
588 2605 624 2639 ad
664 2605 821 2652 generalia
858 2618 913 2640 seu
946 2605 1100 2640 solemnia

352 2655 453 2690 studia
483 2655 708 2690 mittendorum
725 2656 799 2689 certi
824 2664 850 2689 et
870 2656 1011 2703 perpetui
1028 2656 1102 2690 red—

1772 249 1841 282 557

1143 316 1228 350 ditus
1255 316 1404 362 assignati
1438 316 1569 356 fuerint;
1604 324 1696 362 prout
1728 314 1807 351 infra
1829 327 1890 350 ex—

1144 365 1284 412 pressius
1319 373 1349 399 et
1385 365 1509 412 plenius
1537 365 1725 400 continetur.
1754 364 1788 400 Si
1818 377 1890 400 vero

1143 415 1172 449 ιιι
1198 414 1360 454 Ecclesiis,
1383 414 1594 458 monasteriis,
1624 414 1827 461 prioratibus,
1845 415 1889 450 vel

1143 464 1219 499 locis
1244 463 1410 510 praedictis
1444 464 1485 499 sit
1515 476 1667 499 monacus
1698 464 1832 500 idoneus
1853 464 1890 499 ad

1144 513 1312 560 praedicta,
1337 526 1488 548 monacus
1518 513 1584 560 ipse
1606 527 1662 560 per
1684 514 1837 549 antistites
1860 515 1889 549 in

1142 563 1377 598 cathedralibus
1412 563 1585 606 Ecclesiis,
1623 563 1652 597 in
1695 564 1891 599 monasteriis

1143 625 1214 648 vero
1237 622 1267 647 et
1290 613 1357 648 aliis
1380 612 1457 647 loeis
1481 613 1626 660 praelatis
1644 625 1698 660 per
1711 614 1891 661 superiores

1141 676 1217 698 suos
1243 663 1398 697 iustruere
1422 662 1558 698 fideliter
1580 662 1664 709 ipsos
1687 674 1837 698 monacos
1861 664 1890 698 in

1143 711 1311 760 praedictis
1337 712 1479 747 scientiis
1500 712 1687 759 deputetur;
1715 719 1745 746 et
1766 712 1804 747 ad
1821 713 1891 751 hoc.

1141 763 1166 797 si
1194 774 1326 797 necesse
1348 762 1453 803 fuerit,
1475 761 1694 809 compellatur.
1730 761 1791 797 Cui
1823 763 1892 798 sei-

1142 812 1214 847 licet
1242 824 1374 847 monaco
1397 812 1575 847 instructori
1604 810 1714 846 decem
1738 811 1832 847 librae
1848 819 1894 847 tn-

1142 874 1294 897 ronenses
1329 861 1407 897 ultra
1441 862 1557 897 victum
1591 869 1622 896 et
1654 861 1800 896 vestitum
1837 875 1893 909 pro

1142 912 1229 947 libris
1246 911 1399 955 emendis,
1422 911 1468 947 vel
1482 911 1552 946 aliis
1566 911 1633 946 suis
1653 911 1894 948 necessitatibus

1143 962 1224 996 iuxta
1261 961 1500 1009 dispositionem
1537 961 1635 1008 ipsius
1668 961 1819 996 antistitis
1848 962 1893 997 vel

1141 1016 1297 1051 dictorum
1326 1016 1525 1063 superiorum
1560 1015 1763 1063 deputentur.
1799 1016 1894 1051 Anti-

1141 1071 1232 1105 stites
1272 1082 1343 1105 vero
1381 1078 1412 1105 et
1447 1069 1497 1105 alii
1533 1069 1714 1116 superiores
1742 1070 1892 1117 praedicti

1142 1124 1318 1170 praedictos
1351 1136 1517 1168 monacos,
1540 1123 1593 1171 qni
1617 1123 1737 1158 dociles
1760 1124 1894 1169 fuerint,

1142 1192 1213 1213 cum
1238 1179 1371 1213 consilio
1402 1178 1573 1225 proborum
1598 1187 1628 1214 et
1650 1179 1810 1214 seniorum
1833 1177 1894 1213 Ec—

1142 1233 1323 1274 clesiarum,
1347 1233 1624 1273 monasteriorum,
1649 1233 1844 1281 prioratuum
1864 1242 1895 1268 et

1143 1288 1283 1322 locorum
1312 1286 1496 1322 huiusmodi
1520 1287 1637 1333 eligere
1665 1293 1842 1331 teneantur,
1864 1295 1895 1321 et

1142 1341 1288 1376 ordinare
1315 1341 1354 1376 de
1382 1349 1467 1376 certo
1492 1352 1624 1376 numero
1646 1340 1896 1381 eorumdem,ac

1141 1395 1180 1430 de
1208 1395 1285 1430 locis
1312 1403 1342 1430 et
1365 1395 1573 1443 temporibus,
1595 1395 1714 1443 quibus
1744 1395 1896 1431 lectioni-

1143 1450 1214 1495 bus,
1237 1449 1390 1497 quibusve
1405 1449 1520 1484 divinis
1541 1449 1652 1485 officiis
1664 1462 1719 1484 seu
1734 1449 1896 1498 obsequiis

1141 1505 1210 1540 aliis
1250 1505 1438 1552 opportunis
1484 1504 1658 1539 intendant.
1706 1504 1896 1553 Possintque

1141 1560 1217 1595 dicti
1240 1560 1396 1595 antistites
1418 1567 1449 1593 et
1470 1559 1655 1606 superiores
1677 1558 1778 1594 dictos
1798 1561 1898 1607 magi—

1141 1624 1222 1649 stros
1260 1615 1466 1649 instructores
1504 1622 1536 1648 et
1577 1613 1780 1649 instruendos
1819 1628 1894 1649 cum

1141 1669 1274 1703 consilio
1292 1669 1461 1716 proborum
1485 1677 1515 1703 et
1536 1668 1698 1703 seniorum
1721 1669 1895 1716 praedicto-

1142 1735 1209 1757 rum
1239 1727 1352 1770 (proi'it
1386 1724 1432 1758 eis
1465 1722 1637 1770 expediens
1660 1722 1761 1758 visum
1783 1723 1894 1768 suerit)

1142 1791 1315 1818 removere,
1338 1787 1368 1813 et
1384 1779 1453 1813 loco
1476 1790 1585 1813 eorum
1609 1777 1688 1813 alios
1709 1779 1893 1826 subrogare.

1143 1833 1359 1881 Praecipimus
1387 1833 1516 1880 insuper
1546 1835 1575 1868 in
1605 1834 1718 1869 virtute
1740 1834 1895 1871 obedien-

1142 1890 1200 1924 tiae
1228 1890 1352 1925 cunctis
1380 1889 1604 1927 visitatoribus,
1638 1890 1668 1924 in
1693 1889 1895 1937 provinciali—

1143 1946 1201 1980 bus
1224 1944 1371 1993 capitnlis
1399 1944 1601 1992 deputandis,
1629 1945 1713 1991 quod
1737 1945 1841 1980 omnia
1864 1953 1895 1980 et

1141 2000 1264 2046 singula
1300 2000 1337 2035 de
1378 2000 1552 2047 magistris,
1588 1999 1831 2035 instructoribus
1864 2008 1893 2034 et

1143 2056 1288 2103 personis
1311 2055 1504 2089 instruendis
1526 2064 1553 2089 et
1578 2054 1646 2089 aliis
1669 2054 1752 2089 circa
1774 2066 1809 2089 ea
1837 2067 1895 2089 su-

1143 2111 1248 2157 perius
1271 2110 1426 2149 ordinata,
1461 2109 1576 2144 saciant
1597 2108 1783 2143 auctoritate
1811 2122 1895 2156 apo-

1141 2166 1249 2200 stoliea
1289 2178 1344 2212 per
1378 2177 1544 2200 censuram
1580 2163 1827 2198 ecclesiasticam
1864 2173 1894 2198 et

1141 2219 1199 2253 alia
1221 2228 1397 2266 opportuna
1428 2218 1563 2253 remedia
1592 2218 1813 2266 (appellatione
1841 2231 1894 2253 se-

1143 2279 1235 2317 mota)
1263 2274 1396 2308 tirmiter
1417 2274 1594 2308 observare.
1625 2272 1665 2307 Et
1687 2273 1893 2308 nihilominus

1141 2341 1188 2362 ea.
1212 2341 1290 2375 qnae
1318 2340 1415 2375 super
1442 2327 1612 2374 praedictis
1641 2327 1769 2361 fecerint
1791 2335 1820 2361 et
1844 2327 1892 2361 in-

1143 2383 1294 2425 venerint,
1323 2381 1575 2428 praesidentibus
1597 2381 1735 2429 capitulo
1764 2381 1893 2428 provin-

1142 2438 1210 2472 ciali
1240 2437 1390 2472 rel'erant:
1419 2436 1471 2484 qui
1496 2436 1587 2471 etiam
1608 2436 1791 2471 auctoritate
1814 2449 1892 2484 apo-

1141 2492 1250 2527 stolica
1287 2491 1432 2537 praefata,
1460 2490 1484 2525 si
1515 2490 1657 2526 videatur
1690 2490 1807 2525 eisdem
1845 2492 1891 2525 vel

1143 2547 1283 2593 ipsorum
1315 2545 1424 2579 maiori
1449 2545 1539 2593 parti,
1566 2553 1673 2580 contra
1697 2545 1892 2592 negligentes

1143 2600 1187 2635 vel
1212 2600 1344 2635 rebelles
1373 2601 1403 2634 in
1429 2600 1611 2647 praemissis
1644 2600 1756 2635 fortius
1780 2612 1892 2648 proce-

1142 2655 1215 2690 dere
1239 2668 1299 2689 non
1329 2663 1533 2702 postponant.

1907 261 1955 287 An.
1974 259 2002 286 C.
2021 259 2087 286 1356
