2274 3265
91 300 132 326 An

160 300 188 326 C.
207 299 274 326 ttsts

930 298 1094 320 flAtt‘rtNt's

290 362 353 389 tute
376 361 500 389 sanctae
537 354 733 389 obedientiae
772 354 982 399 praecipimus
1009 361 1039 386 ct

289 408 487 449 mandamus,
510 416 543 442 ut
565 408 697 455 quilibet
719 420 826 442 eornm
852 406 929 441 infra
958 406 1040 440 limi—

290 471 336 497 tes
355 471 384 497 et
414 463 478 497 loca
516 475 591 497 snae
632 462 881 500 iurisdictionis,
915 472 1038 495 necnon

290 529 387 563 regno
414 526 445 551 et
469 516 685 551 marchionatu
710 524 739 550 et
767 516 843 550 locis
864 515 909 549 eis
931 514 1041 548 vicinis

291 570 471 617 praedictis,
494 571 585 605 etiam
605 570 630 605 si
660 570 725 605 loca
751 570 816 616 ipsa
839 577 922 603 extra
946 568 1041 602 iuris-

289 624 458 659 dictionem
478 624 621 659 eamdem
646 624 724 658 ultra
747 623 824 657 duas
845 622 943 657 dietas
964 634 1041 656 con-

289 678 413 718 sistant,
436 678 517 712 circa
540 678 784 724 extirpationem
811 684 841 710 et
870 675 1041 710 correctio-

290 744 361 766 nem
384 743 526 766 errorum
549 744 585 765 ac
601 731 777 771 haeresum,
800 742 836 764 ac
860 729 1041 764 huiusmodi

290 793 393 819 sectae
421 784 597 831 pestiferae,
618 785 647 818 in
673 784 808 818 favorem
842 784 940 830 ipsius
970 783 1041 817 fidei

291 837 498 880 orthodoxae,
520 837 689 883 diligenter
717 837 894 884 invigilent,
920 845 950 872 et
972 850 1044 872 om-

290 904 347 926 nes
375 891 541 925 infamatos
564 904 620 925 seu
647 899 812 938 suspectos
834 891 872 925 de
896 899 957 925 tam
986 903 1044 938 pe-

291 945 395 979 stifera
423 945 492 979 labe
525 944 585 979 sub
612 945 779 980 confessati
815 945 970 981 criminis,
989 957 1044 979 cx-

291 998 667 1042 communicaticationis,
694 998 924 1045 suspensionis,
953 999 1043 1033 inter-

291 1052 366 1087 dicti
391 1060 443 1086 ant
465 1051 523 1086 alia
548 1051 739 1086 formidabili
769 1064 869 1098 poena
892 1053 1044 1087 canonica

292 1106 338 1140 vel
359 1105 464 1151 legali,
493 1114 597 1151 prout,
624 1105 753 1152 quando
779 1113 809 1140 et
836 1105 1045 1152 quemadmo-

292 1160 367 1194 dum
395 1159 441 1194 eis
470 1159 612 1194 videatur
639 1159 800 1206 expedire,
834 1167 863 1193 et
892 1159 963 1193 sacti
997 1173 1046 1195 re-

292 1213 431 1259 quireret
454 1213 602 1259 qualitas,
630 1213 668 1247 ad
691 1213 832 1258 singulos
864 1212 1044 1248 huiusmodi

292 1266 443 1300 articulos
490 1278 545 1313 per
587 1267 801 1300 iuramentum
842 1266 1048 1312 corporaliter

293 1320 495 1366 praestitum,
520 1320 610 1354 tactis
632 1318 841 1353 sacrosanctis
864 1318 1046 1364 Evangeliis

292 1385 346 1407 seu
362 1380 541 1407 sanctorum
557 1372 710 1419 reliquiis,
730 1372 865 1417 imagine
884 1371 1046 1412 Crucifixi,

291 1426 468 1462 secundum
504 1427 714 1474 quorumdam
758 1426 900 1460 locorum
935 1426 1048 1461 obser-

293 1481 440 1521 vantiam,
465 1481 549 1515 iuxta
574 1480 772 1527 infrascripta
811 1480 1047 1526 interrogatoria

290 1533 328 1568 ad
352 1533 528 1581 quemlibet
550 1533 719 1568 articulum
747 1533 981 1572 convenientia,
1005 1546 1046 1568 rc-

292 1587 449 1635 spondere
475 1587 678 1634 compellant.
713 1587 779 1621 Nos
815 1587 898 1621 enim
940 1596 1047 1622 contra

292 1653 404 1675 omnes
430 1649 461 1675 et
493 1641 635 1687 singulos
668 1640 948 1688 archiepiscopos,
979 1641 1049 1688 epi-

292 1706 418 1741 scopos,
449 1702 480 1729 et
514 1694 648 1735 eleetos,
676 1702 707 1728 ct
735 1694 961 1740 inquisitores,
995 1695 1048 1741 qui

292 1760 390 1795 super
405 1747 590 1795 extirpando
610 1747 785 1783 haereticae
809 1748 970 1794 pravitatis
994 1748 1047 1782 fer·

293 1809 412 1842 mento,
427 1810 457 1836 et
479 1802 685 1849 expurgando
707 1814 799 1836 suum
832 1802 1022 1836 territorium
1041 1829 1048 1843 ‚

293 1857 472 1891 districtum
501 1869 557 1892 seu
587 1857 689 1892 locum
729 1858 767 1891 de
808 1856 922 1891 talibus
959 1856 1050 1891 malis

292 1921 323 1946 et
349 1910 509 1945 sceleratis
533 1911 728 1951 hominibus,
758 1911 955 1958 negligentes
979 1911 1050 1945 fne-

294 1968 354 2001 rint
376 1977 432 2001 seu
463 1966 592 2001 remisse
619 1967 752 2012 egerint,
780 1977 881 2012 usque
908 1965 945 1999 ad
979 1965 1050 2011 pri-

294 2022 448 2056 vationem
470 2033 524 2054 seu
548 2020 777 2067 depositionem
803 2019 992 2067 pontificalis
1008 2020 1049 2054 di-

293 2076 422 2121 gnitatis
446 2074 614 2122 procedere
644 2074 841 2109 intendimus
875 2082 905 2108 et
939 2086 1050 2121 proce·-

293 2130 429 2173 demus,
463 2142 499 2164 ac
535 2128 661 2176 procedi
702 2128 875 2168 faciemus,
910 2129 1050 2176 aliosque

295 2186 364 2219 loco
387 2184 511 2219 illorum
535 2183 775 2223 substituemus,
798 2183 850 2230 qui
869 2183 1049 2229 pravitatem

296 2239 482 2274 haereticam
509 2238 627 2284 possint
649 2246 679 2271 et
699 2238 817 2272 valeant
846 2236 1050 2276 confundere,

295 2302 325 2328 et
347 2293 384 2327 ad
407 2293 483 2327 alias
508 2304 625 2338 poenas
647 2300 755 2326 contra
780 2291 857 2326 tales
878 2303 894 2325 a
918 2291 984 2325 iure
1007 2292 1052 2325 in-

296 2349 399 2382 flictas
413 2356 443 2381 et
467 2347 542 2380 alias
560 2346 730 2391 graviores,
749 2346 774 2380 si
792 2345 952 2391 expediat,
969 2345 1052 2379 inssi-

297 2402 427 2449 gendas,
463 2399 697 2448 procedemus,
730 2399 921 2446 procedique
951 2399 1052 2433 facie-

297 2469 380 2495 mus,
409 2456 491 2489 iuxta
520 2455 597 2488 iuris
629 2462 660 2488 et
688 2453 758 2488 facti
793 2453 995 2499 exigentiam,
1018 2465 1053 2487 ac

298 2509 479 2544 huiusmodi
500 2508 612 2555 culpae
639 2515 669 2542 et
696 2507 838 2541 criminis
861 2506 1051 2542 foeditatem.

346 2563 488 2598 Tenores
524 2575 596 2597 vero
624 2561 807 2596 eorumdem
847 2561 1050 2595 articulorum

299 2630 354 2653 seu
370 2617 593 2665 capitulorum,
608 2616 647 2650 de
670 2615 784 2662 quibus
801 2627 895 2662 supra
918 2615 949 2648 fit
968 2627 1053 2649 men-

299 2672 353 2711 tio,
368 2679 545 2718 sequuntur
561 2682 615 2718 per
631 2669 773 2705 ordinem
799 2669 827 2703 in
847 2669 923 2704 haec
945 2668 1051 2704 verba.

1716 286 1786 317 669

1082 354 1101 397 5
1127 353 1180 384 1⁶2.
1200 352 1297 384 Tener
1320 353 1522 385 articulorum
1545 352 1671 385 Ioannis
1708 351 1835 398 Wicleff.

1118 298 1134 317 V
1159 297 1206 318 Μ’.

1138 446 1165 477 1.
1189 443 1369 478 Substantia
1395 444 1486 490 panis
1509 444 1678 478 materialis
1700 452 1729 478 et
1752 444 1836 478 simi-

1084 494 1152 528 liter
1174 493 1348 527 substantia
1379 493 1439 526 vini
1470 493 1639 527 materialis
1674 501 1835 527 remanent

1085 543 1113 577 in
1137 543 1343 578 Sacramento
1365 542 1483 576 altaris.

1133 595 1165 625 2.
1196 591 1378 626 Accidcntia
1411 590 1501 638 panis
1525 603 1585 625 non
1616 599 1743 626 manent
1770 592 1838 625 sinc

1084 641 1230 676 subiecto
1254 641 1283 674 in
1312 640 1424 675 eodem
1449 640 1666 674 Sacramento.

1136 695 1167 724 5.
1196 689 1346 724 Christus
1369 702 1429 723 non
1454 697 1501 724 est
1529 689 1557 722 in
1587 688 1698 723 eodem
1726 690 1840 724 Sacra-

1087 747 1192 775 mento
1210 739 1345 774 identicc
1368 746 1397 773 ct
1414 739 1537 773 realiter
1561 739 1590 772 in
1612 739 1735 785 propria
1755 751 1840 785 prac-

1086 790 1185 824 scntia
1209 788 1377 836 corporali.

1136 842 1168 872 t.
1191 838 1225 873 Si
1246 839 1416 885 episcopus
1439 837 1485 871 vcl
1505 836 1653 871 sacerdos
1676 836 1786 870 existat
1811 837 1840 869 iu

1088 896 1217 935 peccato
1240 887 1374 927 mortali,
1395 899 1455 920 non
1478 885 1615 929 ordinat,
1649 898 1710 920 non
1727 897 1842 920 conse-

1086 946 1163 981 crat,
1192 949 1253 972 non
1281 936 1421 976 conficit,
1450 948 1511 970 non
1536 935 1682 981 baptizat.

1138 991 1170 1021 5.
1199 986 1267 1021 Non
1295 994 1343 1020 est
1377 985 1542 1019 fundatum
1579 985 1608 1018 in
1646 983 1842 1030 Evangelio,

1087 1036 1170 1083 quod
1194 1036 1342 1070 Christus
1365 1035 1489 1069 missam
1518 1033 1718 1068 ordinaverit.

1139 1089 1170 1119 6.
1197 1085 1284 1119 Deus
1306 1084 1400 1118 debet
1422 1082 1551 1118 obedire
1578 1082 1713 1117 diabolo.

1141 1138 1171 1168 7.
1199 1134 1232 1167 Si
1270 1133 1366 1168 homo
1401 1133 1491 1167 fuerit
1525 1131 1630 1166 debite
1663 1132 1844 1175 contritus,

1089 1183 1194 1218 omnis
1216 1183 1372 1217 confessio
1395 1181 1531 1216 exterior
1558 1189 1606 1216 est
1635 1180 1694 1216 sibi
1731 1192 1845 1227 super-

1091 1233 1151 1267 ssua
1179 1240 1209 1266 et
1237 1232 1366 1266 inutilis.

1139 1284 1171 1314 8.
1201 1281 1234 1315 Si
1264 1281 1349 1327 Papa
1370 1281 1409 1316 sit
1433 1279 1610 1327 praescitus
1632 1287 1661 1313 et
1685 1278 1843 1322 maluS,et

1091 1342 1144 1376 per
1171 1342 1370 1376 consequens
1405 1328 1582 1363 membrum
1616 1327 1754 1371 diaboli,
1783 1340 1844 1362 non

1091 1378 1184 1413 habet
1212 1387 1396 1425 potestatem
1428 1390 1524 1423 super
1563 1377 1673 1411 fideles
1708 1376 1767 1410 sibi
1807 1377 1846 1411 ab

1089 1428 1195 1474 aliquo
1223 1427 1346 1466 datam,
1377 1427 1436 1461 nisi
1464 1426 1544 1462 forte
1572 1438 1587 1460 a
1610 1426 1754 1460 Caesare.

1140 1481 1171 1511 9.
1202 1476 1276 1511 Post
1305 1476 1469 1511 Urbanum
1496 1475 1538 1510 Vl
1568 1487 1629 1509 non
1661 1482 1707 1509 est
1733 1474 1848 1522 aliquis

1092 1525 1294 1573 recipiendus
1317 1526 1347 1559 in
1373 1525 1503 1572 Papam,
1531 1524 1586 1559 sed
1610 1523 1779 1559 vivendum
1802 1532 1848 1558 est

1091 1588 1178 1610 more
1200 1575 1395 1610 Graecorum
1416 1574 1475 1608 sub
1498 1574 1623 1621 legibus
1651 1573 1798 1620 propriis.

1147 1627 1199 1660 10.
1229 1624 1347 1659 Contra
1387 1624 1586 1671 Scripturam
1623 1635 1742 1657 sacram
1777 1631 1848 1666 est,

1091 1673 1174 1721 quod
1204 1673 1259 1707 viri
1284 1673 1489 1708 ecclesiastici
1515 1672 1650 1707 habeant
1680 1671 1848 1719 possessio-

1094 1735 1158 1757 nes.

1145 1774 1200 1805 11.
1236 1771 1349 1807 Nullus
1385 1771 1544 1819 praelatus
1577 1769 1669 1805 debet
1709 1769 1846 1817 aliquem

1092 1821 1392 1864 excommunicare,
1437 1820 1494 1854 nisi
1532 1820 1620 1867 prius
1656 1820 1734 1854 sciat
1775 1832 1847 1853 eum

1092 1870 1400 1905 excommunicatum
1424 1883 1439 1904 a
1473 1869 1558 1904 Deo:
1588 1877 1617 1903 ct
1644 1869 1696 1916 qui
1725 1869 1771 1903 sic
1793 1882 1850 1903 ex-

1092 1920 1316 1960 communicat,
1344 1921 1383 1954 sit
1408 1931 1444 1954 ex
1461 1919 1520 1953 hoc
1540 1918 1716 1953 hacreticus
1739 1918 1786 1953 vel
1802 1931 1849 1953 ex-

1093 1970 1357 2004 communicatus.

1149 2021 1200 2053 12.
1243 2019 1405 2054 Praelatus
1440 2017 1722 2052 excommunicans
1755 2016 1851 2051 cleri-

1093 2085 1179 2117 cum,
1202 2073 1254 2120 qui
1277 2072 1445 2120 appellavit
1459 2071 1497 2106 ad
1521 2084 1626 2118 regem
1650 2071 1696 2106 vel
1719 2070 1757 2106 ad
1778 2083 1851 2106 con-

1093 2127 1199 2162 cilium
1224 2128 1325 2174 regni,
1353 2140 1389 2162 eo
1426 2127 1495 2173 ipso
1531 2126 1660 2161 traditor
1686 2133 1735 2161 est
1768 2126 1851 2172 regis

1094 2190 1122 2216 et
1147 2182 1246 2228 regni.

1147 2241 1202 2271 15.
1231 2236 1290 2276 Itti,
1314 2236 1365 2283 qui
1389 2236 1555 2271 dimittunt
1576 2234 1768 2282 praedicare,
1785 2235 1850 2269 sive

1094 2290 1203 2326 audire
1226 2290 1355 2325 verbum
1384 2290 1455 2333 Dei,
1480 2298 1607 2337 propter
1629 2289 1848 2324 excommuni-

1095 2345 1252 2379 cationem
1277 2344 1455 2384 hominum,
1477 2351 1550 2378 sunt
1573 2342 1849 2380 excommunicati,

1095 2406 1125 2432 et
1152 2399 1182 2433 in
1207 2397 1262 2433 Dei
1287 2397 1405 2432 iudicio
1428 2397 1595 2432 traditores
1618 2395 1735 2430 Christi
1754 2395 1850 2429 habe-

1097 2452 1224 2486 buntur.

1150 2508 1205 2540 14.
1236 2504 1325 2539 Licet
1352 2504 1443 2539 alicui
1472 2503 1607 2537 diacono
1635 2502 1680 2537 vel
1712 2501 1851 2549 presby-

1098 2568 1163 2594 tero
1193 2559 1372 2606 praedicare
1394 2557 1523 2592 verbum
1559 2557 1616 2591 Dei
1644 2555 1765 2603 absque
1791 2569 1851 2590 au-

1097 2614 1239 2649 ctoritate
1261 2612 1355 2647 Sedis
1388 2611 1591 2659 Apostolicae
1616 2610 1681 2645 sive
1707 2610 1849 2658 episcopi

1096 2666 1251 2703 catholici.

1851 294 1900 320 Aur
1922 294 1948 318 (L
1968 293 2033 318 qnqs

1864 451 1931 471 Tenor
1956 455 2037 471 articu-

1852 482 1917 501 lorum
1952 481 2037 500 loannis

1854 512 1947 532 ῚΥΓῊΠ.
