2274 3265
211 256 258 282 Αιι.
278 256 305 281 C.
324 255 388 281 ⁸356

454 244 519 276 571

405 311 533 356 pserint,
561 310 585 343 si
621 309 786 350 antistites,
815 310 941 345 abbates
983 311 1029 345 iel
1064 310 1146 357 prio-

404 373 465 401 res,
496 371 551 394 seu
575 359 701 403 caeteri,
723 360 904 407 superiores
926 361 1069 395 eiusdem
1090 372 1146 394 or-

403 409 486 443 dinis
513 421 568 443 sen
593 408 753 455 religionis
781 422 841 444 non
871 409 1030 451 habentes,
1068 410 1146 443 exti-

403 458 506 499 terint,
531 458 607 493 infra
630 467 700 493 octo
723 459 788 493 dies
810 459 994 494 tantundem
1019 470 1145 504 erogare

402 507 593 555 pauperibus
619 516 799 549 teneantur,
830 509 889 543 hoe
921 517 1022 543 tamen
1051 507 1143 542 adhi-

403 557 465 592 bito
502 557 716 592 moderamine
741 558 820 593 circa
850 558 944 601 idem,
971 557 1054 605 quod
1079 569 1146 591 mo-

402 607 488 642 nacis
499 607 537 642 de
551 619 681 642 suorum
705 608 901 655 superiorum
920 608 1041 642 licentia
1061 614 1144 640 extra

401 656 595 691 cathedrales
618 657 787 695 Ecclesias‚
822 657 1010 699 monacales,
1030 668 1145 690 mona—

400 706 505 751 steria,
527 707 684 754 prioratus
702 717 733 742 et
754 706 1041 741 administrationes
1061 717 1146 751 prae-

401 756 493 796 fatas,
530 757 560 790 in
595 756 712 791 scholis
745 756 789 789 vel
824 756 896 791 alibi
926 768 982 803 pro
1014 755 1145 789 utilitate

399 805 625 849 Ecclesiarum,
654 806 926 846 monasteriorum,
950 805 1143 852 prioratuum

399 864 427 889 et
454 855 758 890 administrationum
789 855 969 890 huiusmodi
1001 867 1144 889 commo-

400 905 553 945 rantibus,
577 905 672 952 possit
696 917 751 951 pro
766 905 847 939 victu
868 912 898 939 et
923 905 1035 939 vestitu
1055 904 1145 947 (sicut

399 967 505 989 eorum
533 954 749 1000 superioribus
788 954 953 997 videbitur)
989 954 1054 988 dari
1088 966 1144 1000 pe-

398 1004 508 1044 cunia;
544 1017 604 1039 non
638 1012 740 1038 tamen
778 1004 888 1051 pensio
927 1003 972 1038 vel
1003 1003 1144 1038 redditus

397 1053 564 1100 assignari:
591 1053 685 1088 salvis
707 1053 799 1088 etiam
823 1061 940 1088 statuto
963 1062 991 1087 et
1014 1053 1144 1087 ordina-

398 1103 481 1137 tione
510 1103 720 1150 praescriptis,
742 1102 781 1137 de
805 1103 945 1138 monacis
971 1103 1008 1137 ad
1032 1102 1142 1137 Studia

396 1152 552 1198 generalia
587 1151 836 1187 transmittendis
864 1161 892 1187 et
919 1153 958 1187 de
988 1152 1140 1199 pensioni-

398 1202 456 1236 bus
483 1202 544 1242 eis,
579 1214 615 1237 ac
638 1202 677 1237 de
712 1202 819 1237 decem
844 1201 932 1237 libris
959 1202 1143 1237 exhibendis

397 1251 479 1286 dicto
507 1264 657 1295 monaco,
684 1252 738 1298 qui
773 1251 849 1286 infra
879 1252 1044 1293 Ecclesias,
1073 1264 1143 1285 mo-

399 1301 531 1336 nasteria
554 1310 584 1336 et
605 1301 663 1336 alia
688 1302 751 1336 loca
776 1301 916 1336 eiusdem
946 1301 1067 1336 ordinis
1087 1314 1141 1335 sen

398 1350 561 1398 religionis
584 1363 732 1386 monacos
747 1351 865 1386 dociles
884 1352 1028 1390 instruet,
1052 1359 1143 1398 prout

397 1402 513 1436 seriose
535 1401 682 1448 superius
703 1409 750 1435 est
772 1401 967 1436 distinctum
996 1401 1045 1435 Ad
1067 1401 1143 1435 baec

397 1450 632 1497 subiungimus,
656 1451 738 1498 quod
763 1451 817 1492 illi,
840 1451 890 1499 qui
916 1451 1072 1498 praedicta
1089 1451 1144 1484 mi-

399 1502 529 1536 nistrare
555 1509 715 1540 tenentur,
743 1500 780 1535 ad
817 1513 869 1545 ea,
903 1502 988 1536 omni
1012 1513 1143 1535 excusa—

398 1551 481 1586 tione
504 1559 657 1589 cessante,
686 1550 879 1585 sufficienter
901 1554 943 1594 (ut
967 1551 1143 1598 praemitti-

399 1604 457 1644 tur)
484 1599 706 1639 ministranda,
747 1612 801 1646 per
834 1601 1013 1646 superiores
1049 1613 1141 1644 snos,

397 1662 449 1684 aut
477 1650 506 1683 in
535 1648 658 1684 defectu
681 1661 803 1690 eorum,
828 1662 881 1696 per
901 1651 1073 1685 visitatores
1097 1650 1141 1684 vel

399 1698 611 1747 praesidentes
628 1699 782 1745 praelatos
794 1699 1051 1735 irremissibiliter
1060 1712 1143 1734 com

398 1749 575 1796 pellantur:
628 1761 686 1783 ncc
727 1749 894 1784 audiantur
915 1777 923 1792 ,
963 1750 987 1784 si
1036 1750 1143 1784 dicant

398 1798 609 1846 privilegium,
640 1806 807 1839 statutum,
842 1799 1072 1834 ordinationem
1097 1800 1142 1834 vel

397 1848 657 1884 consuetudinem
684 1848 775 1883 aliam
799 1862 832 1884 se
856 1849 991 1894 habere,
1018 1858 1071 1884 aut
1089 1864 1143 1897 pro

397 1899 463 1934 suis
486 1899 626 1946 personis
648 1911 822 1946 eorumque
849 1908 928 1934 statu
953 1900 1056 1944 (iuxta
1078 1914 1145 1947 per-

398 1961 545 1983 sonarum
578 1950 623 1983 vel
651 1948 823 1983 officiorum
849 1949 1023 1984 decentiam
1049 1951 1144 1984 susti-

399 1998 527 2042 nendis)
552 2011 584 2033 se
606 2010 694 2034 asser
696 2007 748 2033 ant
771 1999 926 2045 indigire·
957 2000 1039 2034 nulla
1062 2013 1144 2047 quo-

397 2061 458 2096 que
485 2061 579 2096 super
610 2049 669 2083 boc
702 2035 881 2096 appellatio
910 2050 1031 2083 nnllam
1066 2064 1144 2097 sup-

398 2098 522 2146 plicatio
549 2099 595 2133 eis
617 2099 748 2146 prosint.
778 2098 840 2133 Sed
864 2099 888 2133 si
924 2100 1011 2133 ιιιιίο
1036 2101 1143 2134 moniti

400 2161 454 2196 per
481 2148 657 2195 aliquorum
693 2149 813 2183 dicium
850 2150 1058 2195 competentia
1095 2150 1143 2184 in-

399 2198 543 2242 terialla,
583 2198 707 2245 praelati
743 2211 850 2233 eorum
886 2199 1014 2233 arbitrio
1052 2200 1145 2234 relin-

399 2248 534 2295 quenda,
559 2249 738 2295 praemissis
761 2249 927 2283 ellicaeitei
951 2262 1058 2296 parere
1074 2262 1147 2283 con-

400 2298 601 2344 tempserint,
641 2307 858 2333 iemoieantnr
895 2299 991 2334 libere
1026 2312 1042 2333 a
1080 2300 1146 2333 suis

400 2344 725 2383 administrationilnis
764 2348 809 2382 tel
850 2349 978 2389 officiis
1017 2350 1146 2396 ipsaque

400 2397 467 2432 aliis
497 2397 618 2432 idoneis
647 2398 803 2444 praedicta
828 2399 987 2445 complere
1016 2399 1147 2432 valenti-

401 2447 459 2481 bus
481 2448 728 2482 committantur.
751 2448 842 2490 Quod
866 2449 890 2481 si
908 2448 985 2482 forte
1006 2448 1147 2483 redditus

400 2497 572 2531 officiorum
608 2509 663 2532 sen
699 2498 1005 2533 administrationum
1035 2498 1146 2532 huius-

402 2546 499 2587 modi,
533 2547 570 2581 ad
607 2548 734 2587 victum,
772 2549 962 2588 vestiarium,
998 2561 1051 2583 sen
1089 2548 1147 2582 alia

403 2597 575 2630 necessaria
599 2598 738 2631 monacis
761 2597 966 2632 ministranda
992 2610 1053 2632 non
1081 2598 1148 2631 sus-

404 2644 519 2689 ficiam,
546 2646 584 2679 de
607 2648 764 2681 communi
789 2648 1032 2692 contributione,
1056 2656 1086 2681 ut
1110 2648 1148 2682 ile

992 256 1173 278 nt'uffltttitntt
1199 255 1357 276 nonnum

1189 309 1392 355 pensionibus
1418 308 1613 343 studentium
1645 311 1695 352 (ut
1725 311 1930 356 praemissum

1187 363 1249 398 cst)
1273 358 1429 401 faciendffii
1465 357 1607 393 desectus
1643 358 1823 394 huiusmodi
1856 373 1932 408 snp—

1189 408 1326 453 pleatur,
1361 407 1462 442 donee
1486 420 1541 454 pio
1562 408 1630 442 aliis
1654 420 1708 462 per
1735 407 1932 465 deputandos

1187 469 1202 491 ιι
1227 457 1316 491 nobis
1344 457 1484 491 redditus
1512 470 1566 492 sen
1596 469 1764 504 pensiones
1793 461 1930 505 perpetui

1188 506 1303 540 suerint
1329 507 1496 561 assignati,
1531 519 1609 554 quos
1638 519 1693 553 per
1719 507 1845 542 eosdem
1883 508 1934 543 de-

1188 556 1343 602 putandos
1365 556 1515 602 assignari
1545 556 1688 590 volumus
1713 556 1831 591 eisdem
1857 570 1934 592 mo-

1186 606 1233 639 dis
1261 614 1291 639 et
1326 605 1456 646 sor,mis
1489 605 1602 653 quibus
1638 618 1693 651 pro
1727 606 1934 653 pensionibus

1186 654 1342 690 dictorum
1371 655 1565 690 studentium
1595 655 1738 690 redditus
1768 668 1822 690 seu
1855 669 1933 703 pen-

1186 705 1290 738 siones
1319 713 1486 752 perpetuas
1520 705 1731 740 ordinavimus
1758 713 1788 739 et
1821 707 1934 740 statui-

1188 767 1257 788 mus
1278 755 1441 801 assiguari.
1477 754 1615 789 Abbates
1649 767 1721 789 vero
1750 767 1785 789 ac
1814 757 1934 804 priores

1185 813 1214 838 et
1236 804 1363 848 caeteri,
1385 805 1566 851 superiores
1590 810 1640 849 (ut
1658 805 1846 852 praefertur)
1871 818 1932 840 non

1187 853 1349 897 habentes,
1372 854 1425 900 qui
1441 862 1587 889 tenentur
1609 854 1828 889 administrare
1849 867 1935 902 prae-

1186 903 1279 943 dicta,
1308 916 1322 937 a
1352 903 1603 950 praesidentibus
1634 912 1684 938 aut
1719 905 1933 941 visitatoribus

1187 966 1240 1000 per
1275 966 1439 988 censuram
1477 954 1740 997 ecclesiasticam,
1769 955 1933 1002 modisque¹

1184 1003 1252 1037 aliis
1274 1003 1531 1049 congruentibus,
1553 1004 1588 1037 ad
1614 1003 1642 1036 id
1670 1003 1800 1038 omnino
1822 1016 1934 1051 cogan-

1186 1061 1250 1091 tur:
1279 1053 1373 1098 ipsis,
1402 1052 1461 1087 nisi
1496 1065 1569 1087 suos
1594 1052 1750 1095 subditos,
1772 1062 1802 1088 et
1821 1055 1934 1099 praesi-

1184 1101 1332 1136 dentibus
1364 1114 1400 1136 ac
1435 1101 1648 1136 visitatoribus
1687 1103 1746 1136 nisi
1787 1103 1932 1144 abbates,

1186 1152 1305 1198 priores
1321 1160 1349 1185 et
1373 1152 1450 1186 alios
1473 1152 1683 1199 supradictos,
1700 1152 1784 1186 iuxta
1801 1152 1931 1187 modum

1187 1202 1358 1247 praefatum
1379 1201 1581 1236 effectualiter
1603 1201 1640 1236 ad
1666 1202 1835 1248 praemissa
1853 1214 1933 1237 com

1185 1251 1340 1297 pulerint,
1365 1251 1393 1284 in
1422 1251 1567 1298 capitulis
1597 1251 1841 1297 provincialibus
1863 1264 1933 1298 gra-

1186 1302 1262 1334 viter
1281 1300 1451 1346 arguendis
1462 1310 1491 1334 et
1509 1301 1610 1336 taliter
1625 1301 1832 1347 corrigendis,
1849 1302 1932 1348 quod

1185 1348 1280 1384 rubor
1301 1359 1330 1384 et
1357 1350 1502 1384 conlusio
1530 1351 1568 1385 de
1597 1351 1773 1397 praeteritis
1796 1351 1933 1398 diligen-

1185 1400 1257 1434 tiam
1285 1400 1419 1434 el'liciant
1441 1400 1478 1434 ad
1503 1400 1617 1435 futura.

1446 1478 1524 1512 Cae.
1553 1478 1664 1513 XVlll.

1233 1552 1412 1594 Caeterum,
1442 1559 1473 1584 ut
1501 1550 1579 1584 viam
1607 1550 1763 1585 scandalis
1787 1551 1932 1599 praeclu-

1184 1602 1318 1640 damus,
1356 1600 1561 1647 prohibemns
1608 1613 1782 1647 expresse,
1823 1614 1860 1636 ne
1901 1602 1931 1636 in

1185 1651 1335 1685 Ecclesiis
1359 1651 1403 1684 iel
1433 1649 1630 1685 monasteriis
1666 1663 1721 1684 seu
1757 1650 1833 1685 locis
1866 1651 1934 1686 aliis

1184 1700 1445 1735 cmneninatibus
1467 1699 1607 1734 eiusdem
1638 1700 1757 1735 ordinis
1783 1713 1838 1734 seu
1863 1701 1933 1736 reli-

1183 1751 1297 1796 gionis,
1332 1749 1436 1784 cleriei
1472 1749 1647 1784 saeculares
1674 1749 1720 1785 vel
1749 1750 1842 1794 laici,
1876 1763 1930 1786 seu

1183 1777 1312 1834 alteriiis
1349 1799 1528 1834 monasterii
1556 1800 1677 1834 monaci
1713 1799 1758 1834 vel
1796 1800 1931 1848 religiosi

1184 1850 1310 1885 alterius
1334 1849 1514 1896 religionis,
1536 1849 1573 1884 ad
1591 1850 1707 1884 victum
1724 1851 1864 1885 monacis
1879 1851 1935 1885 mi-

1186 1899 1382 1934 nistrandum
1406 1899 1444 1933 de
1466 1907 1589 1934 caetero
1612 1899 1815 1946 deputentur.
1839 1900 1937 1943 Quic-

1184 1949 1259 1997 quid
1283 1958 1385 1984 autem
1400 1949 1436 1984 ad
1455 1950 1569 1984 victum
1593 1950 1735 1984 monacis
1758 1950 1935 1985 ministran-

1185 2000 1260 2034 dum
1285 2000 1314 2034 in
1349 1999 1437 2043 cibo,
1473 2007 1547 2046 potu
1577 1999 1624 2034 vel
1654 2000 1782 2046 pitantia
1816 2000 1934 2035 eisdem

1186 2050 1327 2084 monacis
1361 2049 1602 2083 ministrandum
1638 2050 1760 2089 existit,
1801 2050 1936 2097 singulis

1186 2112 1294 2134 eorum
1340 2099 1390 2133 die
1431 2099 1571 2146 qualibet
1610 2098 1852 2134 administretur
1897 2101 1934 2135 ad

1186 2159 1409 2195 congruentem
1434 2161 1626 2193 mensnram,
1650 2158 1739 2196 prout
1762 2150 1821 2185 erit
1843 2162 1936 2198 opus,

1187 2200 1271 2234 iuxta
1295 2199 1522 2239 Ecclesiarum,
1551 2200 1814 2234 monasteriorum
1839 2209 1868 2235 et
1889 2199 1937 2235 lo-

1187 2262 1295 2284 corum
1335 2251 1475 2296 ipsorum
1508 2249 1697 2296 exigentiam
1735 2249 1936 2291 facultatum;

1187 2308 1214 2332 et
1251 2299 1400 2346 quicquid
1426 2299 1464 2333 de
1497 2298 1724 2334 administratis
1760 2300 1936 2347 supererit,

1187 2350 1403 2396 elcemosynae
1432 2349 1631 2396 applicentur
1665 2361 1719 2395 per
1747 2349 1855 2389 illum,
1882 2351 1935 2396 qui

1187 2399 1224 2433 ad
1249 2398 1306 2432 hoc
1327 2399 1419 2433 fuerit
1442 2399 1621 2446 deputatus.
1648 2399 1711 2433 Nec
1730 2399 1844 2447 aliquis
1856 2399 1937 2434 alius

1190 2462 1243 2495 per
1268 2462 1300 2481 se.
1333 2449 1378 2482 vel
1409 2461 1463 2496 per
1491 2449 1587 2483 alium
1612 2448 1650 2483 de
1685 2449 1850 2484 refectorio
1879 2462 1934 2484 seu

1190 2498 1388 2532 infirmitorio
1409 2499 1456 2532 -vel
1481 2498 1540 2533 alio
1563 2497 1643 2537 loeo,
1675 2499 1703 2532 in
1727 2511 1790 2546 quo
1814 2500 1936 2534 monaci

1189 2548 1368 2591 comedent,
1391 2548 1509 2595 aliquid
1532 2549 1693 2583 extrahere
1717 2548 1762 2583 vel
1786 2548 1857 2583 alibi
1880 2549 1939 2584 de-

1190 2597 1284 2636 ferre,
1313 2611 1368 2631 seu
1392 2598 1477 2632 alteri
1508 2597 1577 2632 usui
1613 2599 1769 2645 applicare
1806 2611 1937 2645 praesu-

1190 2656 1262 2681 mat.
1298 2647 1389 2689 Quod
1414 2648 1437 2681 si
1467 2647 1590 2685 fecerit,
1625 2660 1679 2694 pro
1706 2647 1845 2695 qualibet
1871 2648 1936 2683 rice

1925 1802 1930 1806 .
1948 1785 2036 1804 ordinis.

1948 255 1997 282 Αιι.
2015 255 2042 282 C.
2061 255 2129 283 ¹556

1959 1566 1989 1587 Ne
2008 1566 2129 1587 saeculares

1947 1599 2073 1624 deputentur
2105 1599 2129 1618 ad

1947 1631 2024 1649 victum
2056 1635 2131 1649 mona-

1947 1660 1993 1680 chis
2007 1661 2131 1681 ministran-

1947 1693 2001 1715 dum.
2023 1697 2064 1712 nee
2085 1697 2133 1711 mo-

1947 1722 2009 1743 nachi
2044 1723 2130 1742 alterius

1948 1754 2070 1774 monasterii
2097 1756 2131 1773 aut
