2274 3265
246 270 296 296 An.
314 268 340 295 c.
359 267 424 294 ¹288
514 257 560 290 88

794 322 831 357 11.

443 404 534 443 Quod
554 404 715 438 christiani
727 406 769 438 ad
780 406 960 440 iudaeorum
978 409 1072 440 ritum
1091 415 1185 441 trans-

487 461 598 492 euntes,
634 455 750 499 ipsique
782 456 886 489 iudaei
914 457 956 489 ad
986 458 1185 490 christianam

486 504 575 547 fidem
601 506 747 542 conversi,
777 506 820 538 ad
844 506 932 539 illum
956 508 1122 543 redeuntes,
1146 508 1185 540 ab

489 553 718 597 inquisitoribus
751 556 798 588 uti
830 556 988 593 haeretici,
1024 567 1186 600 eorumque

487 603 713 642 auxiliatores,
750 605 936 649 puniantur:
967 606 1072 638 iudaei
1091 617 1182 643 vero,

486 652 666 686 christianos
693 655 735 687 ad
762 665 865 687 eorum
892 656 986 688 ritum
1021 655 1185 697 trahentes,

484 713 582 746 poena
605 703 705 737 debita
732 711 960 748 compescantur
981 707 1036 746 (1).

701 781 915 812 SUMMARIUM

437 851 546 881 Causae
577 852 664 882 huius
692 854 923 883 constitutionis
950 870 989 875 —
1012 854 1037 882 1.
1067 853 1185 882 Sanctio

476 900 575 925 contra
616 897 794 926 christianos
827 898 862 927 ad
897 897 984 927 ritum
1023 898 1184 927 iudaeorum

478 945 671 978 transeuntes,
690 947 716 971 et
733 942 854 970 iudaeos
873 951 1030 971 conversos
1050 942 1084 971 ad
1103 942 1184 971 illum

476 985 640 1014 redeuntes:
658 1002 696 1007 —
714 985 741 1014 Ξ).
764 985 796 1015 Et
818 991 917 1015 contra
943 986 1064 1015 iudaeos
1084 986 1118 1015 ad
1136 995 1186 1015 eo-

476 1038 539 1058 rum
563 1029 651 1058 ritum
674 1029 853 1059 christianos
872 1030 1056 1059 inducentes.

435 1098 557 1129 Nicotaus
572 1101 713 1136 opiscopus
725 1107 820 1129 servus
845 1107 983 1129 servorum
1001 1100 1057 1133 Dei,
1077 1101 1187 1129 dilectis

478 1148 544 1178 filiis
567 1149 704 1179 fratribus
738 1150 957 1179 Praedicator-um
991 1152 1021 1178 et
1054 1150 1186 1179 Minoi-um

477 1199 600 1227 ordinum
623 1199 832 1235 inquisitoribus
849 1199 1003 1228 haereticae
1021 1200 1184 1235 pravitatis,

479 1248 647 1277 auctoritate
666 1249 740 1278 Sedis
771 1249 939 1284 apostoticae
977 1249 1127 1284 deputatis,
1157 1251 1186 1278 et

478 1296 658 1334 imposterum
677 1298 852 1334 deputandis,
873 1298 991 1326 satutem
1022 1299 1051 1326 et
1075 1299 1185 1334 aposto-

478 1347 560 1375 licam
584 1347 807 1376 benedictionem.

485 1409 625 1445 Turbato
647 1410 741 1445 corde
762 1409 941 1445 audivimus
963 1418 993 1445 et
1011 1422 1184 1451 narramus,

245 1460 523 1509 *Cn-‘seem‘quod
564 1472 624 1495 uon
664 1459 766 1494 solum
801 1460 929 1507 quidam
965 1460 1002 1494 de
1044 1460 1184 1494 iudaicae

241 1502 404 1519 ‘⁰¹²⁵‘¹¹¹¹¹¹⁰¹²¹''
437 1510 595 1545 caecitatis
616 1521 721 1544 errore
748 1509 785 1544 ad
815 1511 919 1544 lumen
953 1509 1023 1544 fidei
1046 1510 1184 1544 christia-

437 1572 495 1595 nae
522 1560 688 1603 conversi,
724 1559 763 1594 ad
803 1560 936 1606 priorem
966 1561 1079 1594 reversi
1116 1571 1184 1593 csse

439 1609 600 1657 perfidiam
643 1609 895 1656 dignoscuntur3
935 1621 1042 1644 verum
1090 1609 1183 1644 etiam

436 1658 660 1707 quamplurimi
684 1659 858 1703 christiani,
894 1659 1051 1694 veritatem
1076 1659 1185 1693 catho-

437 1709 512 1744 licae
534 1708 606 1744 fidei
629 1708 834 1755 abnegantes,
857 1721 889 1743 se
908 1708 1128 1743 damnabiliter
1147 1707 1183 1742 ad

437 1759 530 1794 ritum
554 1758 712 1793 iudaicum
738 1759 974 1799 transtulerunt,
997 1758 1082 1806 quod
1101 1766 1185 1792 tanto

439 1809 538 1855 magis
566 1808 733 1856 reprobum
751 1808 816 1844 sore
833 1809 1045 1855 cognoscitur,
1068 1816 1185 1855 quanto

438 1871 474 1893 ex
494 1860 551 1893 boc
573 1857 690 1893 Christi
713 1871 826 1893 nomen
849 1858 1094 1899 sanctissimum,
1114 1870 1183 1905 qua·

437 1908 510 1942 dam
533 1907 675 1943 familiari
707 1907 889 1949 hostilitate,
924 1908 1068 1943 securius
1101 1907 1186 1941 blas-

439 1957 616 2005 phematur.

487 2011 502 2050 §
524 2010 552 2041 l.
575 2006 656 2042 Cum
679 2015 783 2042 autem
807 2007 882 2041 huic
905 2006 982 2054 pesti
1005 2005 1187 2050 damnabili,

254 2064 427 2113 ⁵³90310²0¹1¹r3
440 2057 588 2103 congruis
611 2066 642 2091 et
673 2057 792 2091 festinis
818 2056 926 2092 deceat
955 2055 1103 2091 remediis
1129 2055 1187 2089 ob-

242 2095 426 2145 Ῐζᾞὲηἳζὲηξ-
442 2107 536 2147 viare,
566 2107 760 2141 universitati
784 2116 915 2147 vestrae,
940 2118 995 2153 per
1016 2105 1185 2153 apostolica

242 2162 285 2208 {2¹:¹¹
298 2159 426 2207 εἷ’ζζὲζζζζ
441 2157 556 2203 scripta
589 2156 793 2201 mandamus,
826 2165 983 2203 quatenus
1019 2155 1094 2189 insi-a
1124 2164 1188 2189 ter-

243 2218 392 2238 conv-reond
403 2217 426 2237 it·
441 2206 542 2241 minos
570 2206 656 2241 vobis
682 2206 718 2241 ad
743 2205 964 2253 inquirendum
988 2215 1094 2240 contra
1119 2204 1189 2239 liae·

243 2250 283 2269 '¹¹¹⁰
303 2250 423 2269 “dmm
440 2257 566 2297 reticos,
593 2256 775 2291 auctoritate
798 2255 889 2291 Sedis
912 2255 1022 2303 Apost.
1046 2254 1189 2300 designa-

441 2314 501 2347 tos,
523 2319 619 2354 super
638 2305 831 2354 praemissis,
855 2313 916 2340 tam
934 2317 988 2353 per
1001 2304 1188 2340 christianos

439 2368 533 2403 quam
560 2357 652 2391 etiam
685 2368 740 2404 per
772 2355 910 2400 iudaeos,
938 2356 1088 2402 inquisita
1117 2353 1188 2388 dili-

439 2414 549 2452 genter
571 2415 601 2441 et
624 2405 756 2441 sollicite
779 2406 921 2447 veritate,
943 2412 1050 2440 contra
1065 2416 1187 2445 omnes,

439 2468 519 2502 qnos
533 2457 601 2491 talia
617 2456 798 2491 inveneritis
813 2456 965 2490 hactenus
979 2455 1187 2494 commisisse,

440 2514 491 2539 aut
528 2507 725 2541 committere
761 2506 792 2540 iu
831 2505 992 2545 futurum,
1028 2513 1186 2552 tamquam

440 2564 545 2590 contra
581 2557 774 2597 haereticos,
801 2564 907 2590 contra
940 2555 1077 2590 fautores
1108 2566 1189 2601 qno-

476 2621 514 2655 ti)
530 2621 653 2648 Eiusdem
669 2622 815 2656 argumenti
832 2622 1034 2649 constitutiones
1049 2620 1189 2647 ediderunt

440 2661 560 2688 clemens
579 2662 622 2693 lV,
641 2666 725 2690 const.
745 2670 825 2694 xxttt,
846 2663 923 2696 Greg.
944 2662 979 2693 X,
997 2664 1081 2687 const.
1104 2668 1151 2690 vti.

1023 270 1122 293 BULLA
1129 271 1208 293 tuum
1236 272 1396 295 ROMANUM

1988 271 2039 298 An.
2061 270 2089 297 C.
2105 272 2171 298 1289

1225 339 1304 373 que,
1338 334 1545 374 receptatores
1587 335 1617 361 et
1654 327 1837 362 defensores
1864 340 1972 363 eorum

1227 376 1395 423 procedere
1422 375 1584 411 studeatis.

1275 432 1290 469 ᾗ
1317 428 1349 460 2.
1378 426 1510 460 ludaeos
1540 435 1660 465 autem,
1695 427 1747 473 qui
1782 426 1973 462 christianos
2001 439 2025 460 Et
2045 441 2172 460 contraeu-

1228 476 1389 523 utt·iusque
1431 489 1525 510 sextis
1565 475 1601 510 ad
1637 488 1744 511 eorum
1778 476 1870 510 ritum
1903 488 1974 511 exe·
1987 471 2171 523 ξῆᾞζάὴξίῗῖζῖῗ

1226 525 1374 559 crabileni
1410 525 1605 569 induxerint,
1640 534 1689 560 ant
1719 525 1902 560 inveneritis
1935 526 1973 561 de
1989 533 2171 553 ¹¹⁰·ind1100n1ss-

1226 583 1347 609 caetero
1364 575 1560 620 inducentes,
1585 588 1683 623 poena
1701 575 1802 610 debita
1826 575 1973 622 puniatis;

1226 625 1471 659 contradictores
1505 638 1559 672 per
1590 637 1754 660 censuram
1788 625 1976 660 ecclesiasti-

1226 685 1306 714 cam,
1329 674 1539 721 appellatione
1563 675 1746 722 postposita,
1769 687 1975 722 compescen-

1227 723 1284 756 do:
1314 723 1455 758 invocato
1478 724 1514 759 ad
1538 724 1608 765 boc.
1632 725 1655 759 si
1680 737 1761 771 opus
1788 724 1900 765 fuerit,
1923 736 1976 759 au-

1226 771 1300 806 xilio
1322 772 1440 807 brachii
1463 774 1641 809 saecularis.

1275 821 1344 856 Dat.
1372 821 1486 863 Reate,
1521 824 1611 858 nonis
1643 823 1811 871 septemb,
1847 822 1975 871 pontifi-

1227 880 1316 905 catus
1339 871 1434 905 nostri
1463 884 1544 906 anno
1568 873 1678 919 primo.

1257 927 1315 957 Dat.
1331 928 1377 957 die
1393 928 1410 957 5
1427 928 1602 968 septembris
1620 930 1704 967 1288,
1728 935 1807 970 pont.
1831 939 1906 959 anno
1923 938 1941 959 1.

1581 1077 1633 1111 ΙΙΙ.

1228 1159 1329 1191 Certos
1361 1165 1524 1203 proventus
1551 1159 1584 1191 S.
1625 1159 1662 1191 R.
1691 1159 1730 1191 E.
1759 1159 1977 1193 Cardinalibus

1276 1208 1412 1251 assiynat
1438 1220 1477 1241 ex
1505 1208 1663 1241 Romanae
1696 1208 1846 1242 Ecclesiae
1867 1210 1976 1243 reddi-

1278 1258 1355 1291 tibus
1382 1259 1438 1299 (l).

1491 1331 1708 1363 SUMMARlUM

1225 1393 1424 1423 Cardinalium
1448 1394 1584 1432 dignitas.
1603 1411 1640 1416 —
1666 1393 1737 1423 Cum
1770 1394 1806 1423 iis
1830 1393 1978 1424 Ecclesiae

1265 1439 1416 1476 vectigalia
1441 1440 1572 1476 partitur.
1603 1455 1642 1461 -
1674 1439 1699 1467 1.
1721 1438 1793 1468 Pars
1829 1438 1977 1477 pontificio

1266 1485 1346 1517 fisco,
1364 1492 1430 1522 pars
1442 1483 1644 1513 Cardinalibus
1661 1484 1785 1519 addicta,
1798 1492 1889 1522 aequa
1903 1483 1979 1513 inter

1266 1537 1315 1557 eos
1335 1529 1467 1564 portione
1486 1527 1700 1557 dividenda.—
1714 1527 1741 1557 2.
1754 1526 1977 1557 Conclusiones.

1264 1589 1302 1594 —
1320 1571 1432 1601 Nicolai
1456 1572 1508 1601 PP.
1528 1571 1561 1601 tv
1585 1577 1613 1601 et
1630 1572 1823 1602 cardinalium
1843 1571 1977 1601 subscri-

1267 1622 1392 1656 pttoues.

1270 1684 1393 1712 Nicotaus
1423 1684 1564 1719 episeopus
1592 1690 1687 1712 servus
1717 1690 1857 1712 servorum
1877 1683 1931 1716 Dei.

1360 1735 1393 1762 ad
1427 1734 1587 1769 perpetuam
1615 1733 1656 1762 rei
1674 1733 1841 1761 memoriam.

1997 1805 2136 1827 Csrdinstium
2146 1805 2175 1825 di-

1276 1798 1426 1832 Caelestis
1458 1797 1588 1832 altitudo
1635 1797 1792 1844 potentiae
1829 1796 2059 1863 C'emeffllgnn..

1229 1847 1421 1894 providentia
1443 1855 1552 1881 cuncta
1577 1846 1762 1893 disponens,
1789 1846 1885 1880 voluit
1903 1858 1975 1880 cum

1228 1898 1360 1931 Summo
1383 1897 1535 1931 Pontilice
1558 1896 1723 1931 considere
1741 1894 1774 1930 S.
1797 1895 1836 1930 R.
1859 1895 1897 1930 E.
1915 1908 1975 1930 car-

1229 1947 1360 1989 dinales,
1394 1955 1425 1980 ut
1456 1947 1512 1993 ipsi
1538 1955 1695 1993 tamquam
1729 1945 1865 1979 membra
1889 1946 1976 1979 eius-

1229 1997 1298 2031 dem
1323 1996 1482 2030 Ecclesiae
1513 1996 1639 2043 capitis,
1673 1995 1730 2042 ipsi
1753 1995 1845 2042 capiti
1873 1994 1978 2029 deser-

1229 2047 1339 2085 virent,
1355 2054 1382 2080 et
1402 2045 1567 2080 submissis
1586 2045 1726 2079 humeris
1748 2044 1785 2077 ad
1804 2043 1975 2090 regendum

1230 2096 1411 2129 universalis
1433 2095 1593 2129 Ecclesiae
1628 2094 1878 2128 firmamentum.
1907 2106 1976 2140 ope-

1230 2157 1296 2180 rosa
1318 2144 1482 2179 sedulitate
1510 2157 1580 2179 cum
1616 2144 1683 2190 ipso
1710 2143 1843 2178 Summo
1872 2143 1977 2177 Ponti-

1230 2195 1286 2229 fice
1309 2194 1502 2236 laborarent,
1529 2202 1557 2227 et
1584 2201 1644 2227 tam
1675 2193 1772 2238 ipsius
1798 2192 1976 2236 Ecclesiae,

1229 2257 1322 2292 quam
1347 2245 1441 2278 totins
1465 2243 1550 2277 orbis
1578 2243 1790 2278 incumbentia
1819 2242 1976 2277 onerain-

1230 2294 1361 2329 defessis
1400 2306 1470 2328 cum
1509 2305 1546 2327 eo
1582 2292 1848 2327 sollicitudinibus
1887 2292 1975 2338 parti-

1231 2353 1347 2379 rentur.
1376 2343 1414 2377 Hi
1443 2351 1531 2383 sunt,
1554 2355 1632 2390 quos
1668 2341 1776 2377 dilexit
1804 2341 1974 2382 Dominus,

1229 2402 1258 2429 et
1281 2394 1362 2428 velut
1387 2393 1568 2440 praecipuas
1590 2402 1618 2427 et
1641 2392 1794 2427 sublimes
1815 2391 1975 2426 Ecclesiae

1230 2444 1406 2491 praedictae
1442 2443 1605 2477 columnas
1645 2442 1853 2489 praerogativa
1881 2441 1977 2476 subli-

1231 2494 1321 2528 tnavit
1354 2493 1492 2527 lionoris.
1532 2492 1651 2526 Horum
1692 2501 1799 2527 coetus
1835 2492 1864 2526 in
1900 2491 1976 2526 orbe

1230 2544 1416 2589 magnificus
1438 2554 1547 2577 omnes
1569 2550 1599 2576 et
1620 2543 1760 2589 singulos
1782 2541 1976 2589 quibuslibet

1230 2593 1328 2628 titulis
1344 2593 1525 2637 decoratos,
1548 2592 1680 2627 excellit.
1703 2592 1823 2626 Horum
1844 2591 1976 2625 altitudo

1264 2659 1304 2693 (t)
1322 2660 1358 2685 Ex
1380 2658 1514 2693 ttziynatdo
1531 2658 1561 2685 ad
1578 2667 1638 2684 ann.
1659 2657 1735 2689 (⁶289,
1752 2658 1767 2692 ς
1787 2657 1830 2683 09,
