2274 3265
455 253 525 283 028
981 257 1167 278 nubentium

448 318 603 348 Bonifaoius
622 317 763 352 episcopus
778 322 873 343 servus
893 321 1034 343 servorum
1053 314 1109 346 Dei,

551 367 584 394 ad
600 367 759 401 perpetuam
780 365 819 392 rei
836 365 1002 392 memoriam.

211 264 257 289 An⁴
278 267 303 289 (ι,
326 264 391 289 taut)

452 430 498 464 Ad
527 442 560 462 ea
589 441 624 461 ex
655 428 795 460 iniuncto
836 426 924 459 nobis
962 425 1155 471 apostolatus

402 480 504 514 ollicio
520 478 650 511 libenter
667 475 870 513 intendimus,
890 486 969 520 quae
992 473 1153 508 civitatum

401 541 436 563 ac
459 536 608 561 terrarum
634 524 722 558 nobis
760 531 786 556 et
813 524 973 557 Romanae
997 522 1155 556 Ecclesiae

400 577 609 611 subiectarum
639 574 818 607 immediate
852 572 1017 606 utilitatem
1047 571 1155 617 respi-

400 628 498 665 ciunt,
526 634 556 658 et
585 632 616 657 ut
639 636 685 663 ea,
710 636 788 669 quat·
805 622 842 655 ad
868 622 1004 667 ipsarum
1030 633 1155 666 prospe-

402 677 520 709 ritatem
555 682 584 707 et
619 680 732 706 statum
771 672 887 704 bonum
927 670 1044 703 utiliter
1077 669 1156 703 diri-

401 724 540 771 gendum
561 731 633 756 sunt
660 721 827 755 salubriter
850 720 1010 761 ordinata,
1039 718 1154 752 illibata

401 774 598 810 consistant,
628 771 760 804 libenter
793 770 959 803 adiicimus
989 768 1154 814 apostolici

402 821 587 857 muniminis
610 820 798 853 firmitatem.

451 872 470 916 (ξ
500 876 529 904 t.
565 869 706 903 Extnbita
741 867 896 914 siquidem
928 866 1019 899 nobis
1054 878 1156 912 nuper

267 934 284 946 'r
302 927 350 946 ⁸¹¹*
367 940 386 945 *-
404 934 457 967 pro
481 928 565 966 parte
583 918 767 951 dilectorum
793 916 927 949 liliorum
946 915 1156 949 universitatis

364 964 431 1005 iet.
458 968 663 1014 singularium
693 977 895 1012 personatum
924 965 1058 998 civitatis
1083 965 1157 998 Ter-

404 1019 540 1052 racinen.
567 1016 656 1050 nobis
678 1024 707 1048 et
737 1015 896 1048 l'mmanae
921 1013 1079 1048 Ecclesiae
1103 1015 1157 1047 im-

404 1067 535 1100 mediate
571 1065 785 1099 subiectarum
815 1073 940 1097 nostrae
978 1063 1155 1108 provinciae

403 1116 577 1150 Maritimae
606 1114 713 1160 petitio
740 1112 935 1152 continebat,
962 1112 1045 1158 qnod
1079 1113 1154 1146 olim

403 1166 451 1199 bo.
481 1177 538 1199 me.
563 1164 753 1198 Franciscns
776 1164 821 1195 tit.
849 1163 882 1195 S.
911 1162 1048 1195 Sabinae
1073 1174 1157 1208 pres-

403 1215 488 1251 bvter
509 1213 691 1251 cardinalis,
716 1221 788 1245 tunc
819 1212 847 1244 in
880 1210 1039 1244 nonnullis
1066 1211 1156 1245 terris

402 1255 517 1304 ltaliae,
541 1263 696 1309 praelatas¹
715 1261 874 1295 Ecclesiae
890 1259 1070 1294 immediate
1085 1260 1155 1294 sub·

403 1313 501 1352 iectis,
518 1314 547 1346 in
573 1310 800 1356 temporalibus
822 1310 956 1343 vicarius
976 1310 1154 1355 generalis,

402 1363 594 1395 universitati
619 1360 781 1394 bominum
814 1366 843 1392 et
859 1358 1030 1392 Communi
1055 1358 1156 1393 dictae

402 1411 534 1444 civitatis
556 1409 725 1456 apostolica
749 1408 943 1447 auctoritate,
967 1420 1027 1453 qua
1051 1408 1157 1454 sunge-

402 1460 503 1503 hatur7
532 1460 636 1504 vigore
664 1459 820 1492 literarum
850 1458 898 1492 fet.
929 1457 1156 1491 recordationis

401 1508 546 1555 Gregorii
570 1509 673 1553 Papae
697 1507 752 1550 xl,
777 1506 1026 1553 praedecessoris
1046 1508 1155 1551 nostri,

401 1570 437 1591 ac
463 1558 502 1591 de
529 1558 659 1592 consilio
688 1557 816 1590 rectoris
844 1556 997 1590 dictarum
1022 1557 1155 1602 provin—

401 1607 518 1640 ciarum
549 1615 621 1640 tunc
657 1606 808 1651 temporis
847 1605 1012 1639 existentis
1035 1606 1153 1645 voluit,

401 1657 511 1690 statuit
537 1664 566 1689 et
586 1655 751 1693 ordinavit,
776 1662 808 1688 ut
832 1654 1029 1701 privilegium
1053 1662 1081 1689 et
1111 1656 1156 1689 in-

401 1705 522 1739 dultum
560 1705 810 1743 constitutiones,
838 1712 949 1738 statuta
977 1713 1006 1738 et
1033 1704 1156 1738 ordina-

402 1755 502 1788 tiones
525 1755 754 1800 prorinciarnm
780 1753 1008 1799 praedictarum
1030 1765 1085 1800 per
1104 1754 1153 1788 t'el.

403 1815 463 1836 rec.
482 1803 681 1837 Bonifacium
700 1802 759 1835 PP.
776 1802 845 1836 Vlll
880 1802 1152 1848 praedecessorem

404 1860 543 1885 nostrum
571 1852 651 1886 edita
676 1852 844 1886 continens
867 1852 896 1885 in
920 1852 1062 1889 civitate,
1091 1860 1155 1886 ter-

403 1902 528 1940 ritorio,
560 1901 704 1935 districtu
740 1901 941 1935 Terracinen.
978 1901 1154 1947 praedictae

404 1952 528 1995 vigeret,
549 1963 648 1997 eoque
671 1951 746 1996 ipsis
768 1951 811 1984 uti
830 1951 935 1984 liceret
951 1959 980 1985 et
1004 1951 1032 1984 in
1049 1952 1155 1985 omni—

403 2000 461 2033 bus
485 2000 549 2034 suis
572 2000 717 2045 capitulis
733 2000 902 2034 ellicaciter
922 2000 1151 2035 observaretur.

451 2049 470 2095 5
492 2054 523 2082 2.
541 2049 656 2083 Statuit
677 2057 707 2082 et
729 2050 821 2084 etiam
845 2050 1000 2083 ordinavit
1022 2050 1060 2084 de
1076 2062 1154 2084 oon-

205 2100 337 2135 .¹'⁶¹‘'‘¹⁴'¹‘“*'
367 2104 386 2143 ⁹}
402 2098 472 2132 silio
505 2106 534 2131 et
565 2099 750 2133 auctoritate
784 2099 969 2145 praedictis,
997 2099 1082 2145 quod
1115 2100 1154 2134 ah

377 2140 380 2150 ¹
403 2148 472 2181 inde
502 2148 530 2180 in
554 2156 642 2181 antea
671 2156 804 2194 quatuor
833 2156 1001 2194 potestates
1023 2158 1052 2182 et
1075 2149 1154 2183 duos

403 2197 523 2231 iudices
547 2197 575 2230 in
605 2197 750 2239 civitate,
792 2198 970 2235 territorio,
1010 2198 1151 2232 districtu

402 2246 545 2291 praelatis
574 2258 628 2291 pro
650 2247 783 2291 singulis
806 2259 859 2280 sex
889 2247 1052 2281 mensibus
1090 2249 1154 2282 vice

401 2300 538 2345 qualibet
561 2300 696 2334 valerent
719 2300 846 2345 eligere,
873 2301 985 2335 rectori
1015 2302 1152 2346 ipsarum

402 2353 632 2399 provinciarum
658 2354 912 2400 praesentandos,
930 2364 959 2389 ct
984 2368 1039 2402 per
1062 2368 1152 2389 eum-

401 2407 470 2440 dem
496 2415 659 2447 rectorem,
679 2420 774 2441 unuin
800 2417 984 2455 potestatem
1001 2417 1030 2443 et
1055 2422 1151 2443 unum

403 2461 549 2501 iudicem,
572 2473 652 2507 quos
674 2474 710 2495 ox
748 2463 916 2508 praedictis
945 2464 1153 2510 praesentatis

402 2515 467 2560 ipse
495 2523 595 2549 rector
618 2515 747 2550 duceret
766 2516 939 2562 eligendos,
963 2526 991 2551 et
1021 2531 1074 2563 per
1091 2530 1154 2551 stn-

402 2568 556 2603 dicatores
582 2570 745 2615 eligendos
769 2583 823 2616 per
847 2572 930 2618 ipsos
957 2585 1027 2606 cum
1052 2573 1153 2606 consi-

403 2621 442 2654 lio
464 2622 595 2657 alicuius
615 2624 783 2670 iurisperiti
808 2633 948 2673 tempore
971 2625 1076 2660 debito
1093 2626 1154 2660 sin-

206 1025 266 1042 ceso!
280 1021 388 1046 pittilcpia

206 1056 259 1071 vuit-t
282 1053 389 1069 «matutine

206 1086 281 1100 linurin
308 1081 388 1102 (vicun-

206 1119 228 1131 ιιι
241 1111 262 1130 U
273 1112 309 1130 ltin·
321 1112 344 1130 de
358 1116 387 1129 ie.

204 2166 288 2181 eit-itate
322 2164 384 2183 voluit

1197 254 1357 277 nemmem
1969 252 2018 277 Λιι,
2036 250 2063 276 C.
2083 249 2152 276 tuoo

1197 308 1359 346 dicandus,
1387 319 1522 353 quorum
1548 306 1807 341 sindicandorum
1837 319 1954 353 poenas

1198 357 1349 391 Gamerae.
1377 356 1478 389 dictae
1506 356 1639 389 civitatis
1670 355 1763 389 voluit
1790 357 1951 402 applicari.

1246 408 1266 449 (ξ’
1294 408 1325 439 3.
1354 404 1471 439 Statuit
1501 404 1641 450 insuper,
1665 405 1823 439 concessit
1849 414 1879 439 et
1901 418 1954 439 or-
1982 413 2153 447 iwannum...-

1198 455 1316 488 dinavit
1343 453 1381 487 de
1408 454 1541 488 consilio
1563 462 1594 488 et
1628 454 1813 488 auctoritate
1836 454 1955 500 praedi·
1969 444 1988 463 ¹¹¹
2006 446 2050 463 ’Μ’
2067 444 2137 468 ¹⁰“‘'⁵'

1198 504 1254 537 ctis
1279 512 1311 537 ut
1340 515 1395 548 pro
1422 502 1538 537 salubri
1579 510 1609 536 et
1638 502 1704 536 utili
1727 510 1809 536 statu
1844 514 1953 537 eorum

1199 552 1228 585 in
1253 552 1390 590 civitate,
1419 551 1599 595 territorio,
1632 551 1774 586 districtu
1810 551 1956 598 praefatis

1199 609 1327 642 statuta,
1349 613 1429 647 quae
1452 609 1559 635 contra
1586 608 1702 635 statum
1726 608 1757 635 et
1779 600 1954 636 libertatem

1198 650 1360 685 Rtnnanae
1383 650 1557 693 Ecclesiae,
1579 663 1615 684 ac
1647 650 1820 684 libertatem
1852 650 1957 685 eccle-

1198 700 1353 734 siasticam
1391 712 1451 733 non
1480 699 1668 738 existerent,
1696 699 1789 734 edere
1819 699 1957 734 valerent

1198 757 1227 782 ct
1258 749 1441 783 obtinerent
1478 748 1598 783 roboris
1635 748 1840 791 firmitatem,
1875 761 1955 795 quae

1200 811 1253 844 per
1278 806 1430 832 rectorem
1454 798 1634 832 carumdem
1654 798 1887 845 provinciarum
1905 810 1956 844 ap-

1201 847 1329 893 probata
1359 847 1470 881 forent.

1247 898 1267 943 S
1295 900 1326 930 4.
1364 895 1468 930 Voluit
1500 896 1617 935 etiam,
1651 896 1735 942 quod
1772 896 1953 931 huiusmodi

1199 953 1325 985 statuta,
1350 945 1426 979 infra
1447 945 1556 980 decem
1591 945 1659 980 dies
1692 945 1862 980 continuos
1885 954 1955 992 post

1200 994 1485 1041 praesentationem
1509 1007 1631 1039 eorum,
1660 1007 1714 1040 per
1740 995 1877 1029 eundem
1906 1008 1956 1029 re-

1199 1051 1317 1078 ctorem
1341 1044 1519 1078 confirmari
1536 1043 1701 1084 deberent,
1723 1053 1753 1078 et
1767 1044 1812 1078 eis
1835 1044 1953 1079 restitui

1199 1093 1317 1139 absque
1340 1093 1502 1127 solutione
1534 1093 1669 1127 alicuius
1698 1094 1872 1139 pecuniae:
1895 1093 1956 1127 hoc

1198 1142 1304 1176 addito
1318 1143 1402 1189 quod
1421 1142 1612 1189 ubicumque
1624 1155 1678 1177 seu
1693 1143 1956 1189 quotiescumque

1198 1204 1234 1225 ex
1258 1191 1373 1226 delicto
1389 1192 1494 1238 aliquo
1516 1192 1554 1225 ‹le
1572 1193 1639 1226 iure
1662 1192 1835 1231 communi,
1857 1204 1956 1238 poena

1199 1241 1384 1287 corporalis,
1415 1241 1459 1275 vel
1488 1241 1652 1287 sanguinis
1680 1241 1809 1275 deberet
1838 1240 1957 1287 infligi,

1200 1291 1229 1324 in
1253 1291 1376 1325 statutis
1392 1290 1469 1336 ipsis
1485 1290 1637 1325 faciendis
1654 1302 1752 1336 poena
1777 1290 1957 1337 pecuniaria

1200 1340 1330 1374 minime
1359 1339 1457 1385 possit
1492 1340 1629 1385 imponi:
1658 1339 1713 1374 sed
1750 1340 1779 1373 in
1811 1351 1849 1373 eo
1884 1351 1957 1373 casu

1198 1389 1444 1423 constitutiones
1465 1388 1683 1435 provincialeS,
1703 1388 1756 1423 ubi
1783 1400 1872 1433 verae
1887 1401 1957 1423 con-

1198 1439 1377 1473 stitutiones
1392 1438 1598 1484 provinciales
1613 1438 1796 1481 delicerent,
1812 1438 1861 1472 ius
1876 1450 1959 1472 com-

1199 1500 1294 1522 mune
1323 1500 1377 1534 per
1409 1500 1517 1522 eorum
1549 1487 1699 1522 officiales
1728 1487 1824 1522 voluit
1846 1487 1958 1522 obser-

1200 1550 1276 1571 vari.

1246 1588 1266 1630 §
1289 1588 1320 1619 5.
1350 1585 1389 1620 Et
1417 1585 1569 1620 nonnulla
1591 1585 1650 1620 alia
1674 1586 1832 1620 concessit
1854 1594 1884 1620 et
1909 1599 1958 1621 vo-

1199 1632 1267 1677 luit,
1304 1643 1395 1682 prout
1423 1636 1452 1669 in
1489 1635 1590 1670 literis
1625 1634 1755 1682 praefati
1790 1635 1958 1670 cardinalis

1198 1697 1255 1719 suo
1279 1684 1438 1731 pendente
1456 1685 1559 1730 sigillo
1580 1684 1721 1724 munitis,
1744 1696 1822 1731 quas
1845 1685 1956 1730 inspici

1197 1742 1225 1768 et
1239 1734 1409 1768 examinari
1423 1733 1602 1779 diligenter,
1617 1745 1816 1781 quarumque
1833 1741 1958 1769 tenores

1199 1783 1248 1817 bic
1271 1783 1309 1817 de
1334 1782 1428 1818 verbo
1462 1783 1499 1817 ad
1526 1783 1654 1818 verbum
1685 1783 1779 1817 inseri
1811 1782 1957 1823 fecimus,

1197 1833 1313 1867 dicitur
1337 1833 1459 1878 plenius
1486 1833 1653 1867 contineri.

1246 1884 1266 1929 g
1289 1884 1321 1916 6.
1345 1882 1451 1923 Quare
1480 1894 1535 1929 pro
1558 1889 1645 1928 parte
1683 1882 1900 1916 universitatis
1927 1890 1958 1916 et
1980 1887 2039 1908 ¹niis
2054 1891 2157 1924 contenta

1197 1932 1404 1977 singularium
1427 1944 1627 1978 personaram
1652 1930 1884 1978 praedictarum
1904 1919 2039 1971 no·2fff‡f“
2070 1919 2156 1940 ⁸⁰⁰³*

1199 1981 1245 2016 bis
1269 1982 1324 2015 suit
1341 1981 1504 2016 bumiliter
1522 1981 1749 2028 supplicatum,
1773 1989 1805 2016 ut
1820 1981 1957 2022 statutis,

1197 2030 1464 2071 ordinationibus,
1480 2030 1755 2070 concessionibus,
1777 2029 1958 2065 declaratio-

1198 2081 1290 2115 nibus
1313 2089 1343 2115 et
1376 2080 1590 2115 voluntatibus
1613 2080 1794 2115 huiusmodi
1823 2088 1854 2114 et
1887 2080 1957 2114 aliis

1198 2130 1228 2164 in
1263 2130 1357 2165 dictis
1381 2130 1477 2164 literis
1506 2130 1602 2165 robur
1623 2130 1815 2176 apostolicae
1838 2129 1957 2163 coufir-

1198 2180 1344 2214 mationis
1371 2179 1508 2214 adiicere
1530 2180 1569 2214 de
1602 2179 1794 2225 benignitate
1828 2187 1957 2225 aposto-

1198 2230 1254 2263 lica
1291 2229 1504 2275 dignaremur.
1540 2229 1604 2264 Nos
1631 2230 1737 2275 igitur,
1771 2228 1955 2263 huiusmodi

1197 2278 1650 2325 supplicationibusinclinati,
1673 2286 1798 2318 statuta,
1826 2277 1956 2312 ordina—

1198 2329 1311 2367 tiones,
1337 2329 1571 2371 coucessiones,
1599 2328 1826 2363 declarationes
1848 2336 1878 2362 et
1907 2340 1954 2361 vo-

1198 2377 1332 2412 luntates
1357 2378 1526 2424 praedicta,
1555 2386 1584 2413 et
1606 2378 1664 2413 alia
1692 2378 1797 2412 omnia
1826 2385 1856 2411 et
1882 2377 1954 2412 siu—

1197 2427 1268 2472 gula
1293 2428 1320 2461 in
1345 2428 1438 2462 dictis
1457 2428 1554 2462 literis
1575 2435 1720 2462 contenta
1751 2435 1813 2461 rata
1834 2426 1953 2461 baben-

1197 2483 1243 2510 tes
1262 2485 1291 2510 ct
1318 2486 1415 2522 grata,
1437 2477 1550 2524 illaque
1573 2477 1758 2512 auctoritate
1780 2476 1953 2524 apostolica

1196 2538 1232 2559 ex
1261 2535 1342 2560 certa
1374 2527 1505 2561 scientia
1538 2527 1774 2566 confirmamus,
1803 2534 1834 2561 et
1861 2537 1953 2571 prae-

1196 2575 1294 2609 sentis
1307 2576 1414 2622 scripti
1433 2576 1604 2622 patrocinio
1626 2576 1872 2611 connnunimus.
1891 2575 1952 2610 Per

1198 2624 1255 2658 boc
1280 2632 1383 2659 autem
1413 2625 1532 2660 nullum
1557 2626 1605 2660 ius
1627 2625 1703 2661 alias
1731 2625 1776 2660 eis
1804 2625 1843 2660 de
1870 2635 1951 2660 novo

1984 898 2066 918 Poenas
2077 904 2155 924 corpo*

1971 931 2026 950 tulos
2055 931 2075 950 in
2117 936 2155 956 pc-

1970 962 2076 981 cuninrias
2113 967 2154 981 nou

1971 993 2128 1012 mnnmutandas
2149 1008 2154 1017 ,

1971 1025 2047 1043 sanxit.

1979 1591 2108 1611 Examinatis
2121 1591 2157 1611 hu—

1973 1623 2062 1643 iusmodi
2078 1623 2154 1645 literis,
