2274 3265
459 259 526 291 766
995 269 1178 291 nocentium
1208 268 1366 290 nummum

409 325 565 369 passagini
588 324 756 365 (liaeretici‘i
779 324 983 369 ipsorumque
1006 323 1059 357 lilii
1082 332 1112 358 et
1135 324 1269 357 fautores
1291 322 1618 365 excommunicantur,
1640 324 1685 355 47
1722 335 1752 356 α.
1792 322 1936 369 Ipsorum

504 373 701 419 aliorumque
725 385 858 426 poenae,
882 374 954 407 ibid.
982 375 1009 406 b.

409 422 549 457 Patareni
572 422 749 465 (baeretici)
773 434 977 469 ipsorumque
1000 421 1065 465 lilii,
1087 421 1257 469 complices
1279 427 1309 454 et
1331 420 1466 455 fautores
1489 421 1815 463 excommunicantur,
1838 423 1883 455 47
1906 433 1935 455 α.

506 470 647 518 Ipsorum
676 479 705 506 et
727 471 857 506 atiomm
882 483 1017 519 poenae,
1039 472 1112 505 zbid
1136 473 1162 504 b.

408 521 591 555 Patavinum
615 520 760 566 generale
782 520 931 556 Studium
954 521 1046 555 etiam
1070 520 1099 554 in
1123 519 1268 554 lacultatc
1291 518 1464 564 theologica
1488 518 1674 557 instituitur
1703 520 1772 554 519
1795 531 1825 553 α.

408 570 633 605 Patrimonium
657 570 691 605 S.
715 569 810 605 Petri.
835 569 1025 605 Prohibetur
1046 569 1119 604 dare
1143 569 1187 604 vel
1209 568 1369 616 acquirere
1392 568 1568 603 dominium
1594 575 1648 603 aut
1675 567 1939 605 iurisdictionem.

506 619 550 654 vel
571 619 839 667 praeeminentiam
859 627 912 654 aut
933 619 1157 667 obligationem
1177 630 1274 666 super
1296 618 1372 652 locis
1386 625 1414 653 et
1426 626 1536 652 castris
1551 617 1632 662 eius,
1647 626 1701 652 aut
1715 618 1940 665 quoquomodo

504 681 537 703 ea
561 668 748 716 occupandi,
770 671 842 703 484
863 682 893 704 α.

408 718 494 753 Pauli
522 718 578 762 (S.)
602 718 691 765 primi
715 718 871 754 Eremitae
893 718 979 753 Ordo
1005 719 1197 773 approbatur
1219 727 1248 753 et
1271 716 1454 761 ratificatur,
1477 718 1547 751 589
1570 718 1597 750 b.

408 768 567 815 Pauperes
589 767 628 803 de
643 767 801 815 Lugduno
820 768 1014 812 (baeretici)
1008 779 1213 815 ipsorumque
1229 767 1282 802 lilii
1298 776 1328 801 et
1347 766 1484 802 fautores
1498 766 1824 807 excommunicantur,
1851 769 1893 801 47
1911 779 1940 800 α.

504 816 647 865 Ipsorum
670 826 700 852 et
721 817 853 853 aliorum
879 830 1011 866 poenae,
1034 819 1108 852 ibtssd
1132 819 1159 851 b.

408 866 541 914 Pedagia
563 879 580 901 a
604 866 719 914 populo
741 867 897 908 Romano,
920 866 1038 914 absque
1060 866 1153 902 Sedis
1168 867 1278 914 Apost.
1296 866 1431 905 licentia,
1448 865 1590 912 imposita
1607 873 1805 906 revocantur
1822 868 1885 901 461
1910 879 1941 900 α.

406 916 508 952 Pelles
537 916 636 951 variae
658 916 778 963 quales,
806 918 876 950 446
903 918 931 950 b.
961 918 994 950 V.
1018 924 1123 951 notam
1146 916 1182 950 ad
1211 916 1327 951 calcem
1355 915 1472 951 colum.
1495 915 1646 951 eiusdem.

405 965 647 1012 peregrinorum
673 965 897 1006 vulneratores,
928 965 1134 1009 mutilatores,
1158 966 1385 1005 interfectores,
1412 972 1559 1013 captores
1585 973 1637 1000 aut
1669 964 1861 1007 detentores,
1890 965 1939 1000 vel

504 1014 748 1062 depraedatores
769 1015 1097 1060 excommunicantur,
1119 1017 1189 1050 540
1217 1017 1246 1049 b.

407 1064 557 1100 Perusina
580 1065 690 1099 civitas
713 1063 804 1100 Rom.
828 1064 988 1100 Ecclesiae
1011 1064 1085 1106 filia,
1112 1066 1179 1100 192
1203 1066 1230 1099 b.

407 1114 557 1149 Perusina
580 1113 773 1149 Universitas
794 1114 937 1162 erigitur,
968 1116 1033 1148 192
1055 1116 1082 1149 b.
1106 1114 1131 1148 Α
1154 1110 1217 1162 quo
1239 1122 1270 1148 et
1292 1126 1354 1160 quo
1378 1120 1466 1160 pacto
1504 1113 1607 1148 laurea
1632 1115 1661 1149 in
1685 1113 1796 1149 eadem
1821 1126 1939 1149 conce-

504 1162 617 1207 denda,
645 1165 715 1197 272
737 1165 764 1198 b.
789 1163 822 1198 ln
844 1176 879 1199 ea
906 1163 1070 1210 eriguntur
1091 1164 1257 1199 cathedrae
1290 1162 1461 1198 medicinae
1488 1171 1517 1197 et
1545 1164 1673 1207 artium,
1695 1163 1786 1198 datur
1810 1163 1940 1211 insuper

503 1212 630 1248 facultas
651 1213 800 1260 episcopo
823 1213 1002 1248 licentiandi
1025 1221 1056 1248 et
1077 1213 1238 1248 laureandi
1264 1213 1292 1247 in
1322 1222 1454 1259 utraque
1478 1212 1634 1253 facultate,
1657 1216 1728 1248 294
1753 1215 1781 1247 b.

406 1262 488 1297 Petri
509 1262 573 1305 (B.)
595 1262 663 1297 data
693 1263 878 1298 universalis
905 1262 1064 1298 Ecclesiae
1092 1275 1179 1303 cura,
1208 1265 1277 1297 617
1300 1275 1329 1297 α.

414 1311 496 1347 Petri
520 1311 580 1356 (Β.)
603 1312 632 1347 in
655 1311 767 1347 Tuscia
792 1312 968 1360 patrimonii
991 1312 1165 1347 dominium
1188 1312 1298 1348 dantes
1326 1312 1372 1347 vel
1399 1312 1596 1358 acquirentes
1617 1313 1945 1352 excommunicantur,

508 1363 577 1396 514
604 1374 635 1396 α.

408 1411 491 1446 Petri
515 1410 828 1459 (B.)patrimonium.
847 1410 1046 1446 Revocantur
1078 1411 1522 1455 concessiones,donationes,
1539 1411 1720 1451 locationes,
1742 1412 1946 1447 alienationes

507 1461 626 1508 aliaque
648 1473 752 1495 omnia
776 1473 829 1508 per
851 1469 987 1496 rectores
1009 1468 1039 1495 et
1061 1460 1208 1496 officiales
1230 1461 1263 1496 S.
1293 1460 1330 1495 R.
1355 1460 1391 1495 E.
1435 1461 1463 1494 in
1501 1461 1691 1507 patrimonio
1723 1461 1758 1495 Β.
1793 1461 1876 1496 Petri
1913 1475 1943 1495 in

506 1510 631 1551 Tuscia,
643 1510 792 1545 comitatu
808 1510 944 1545 Sabinae
960 1519 989 1546 et
1002 1510 1092 1545 terris
1107 1510 1343 1558 Arnulpliorum
1361 1509 1526 1557 quibusvis
1543 1511 1685 1556 personis
1699 1511 1810 1555 factae,
1825 1513 1894 1545 297
1915 1524 1943 1545 α.

410 1559 492 1595 Petri
515 1570 544 1594 et
568 1559 655 1594 Pauli
679 1560 750 1604 (Ss.)
774 1560 923 1615 reliquiae
946 1560 1031 1595 unde
1052 1568 1209 1606 sumptae,
1226 1563 1296 1595 592
1318 1562 1347 1594 b.
1371 1559 1431 1594 Eas
1460 1572 1633 1607 earumque
1655 1568 1837 1594 ornamenta
1858 1561 1947 1595 aufe-

509 1617 611 1644 rentes
637 1608 754 1656 quibus
777 1609 885 1656 poenis
907 1609 1050 1649 subiecti,
1079 1611 1152 1643 ibid.

410 1658 493 1694 Petri
513 1658 569 1701 <SA
592 1657 630 1692 ad
660 1657 789 1693 Vincula
817 1658 986 1693 cardinalis
1013 1658 1140 1705 capituli
1163 1658 1318 1705 generalis
1343 1658 1470 1691 fratrum
1499 1657 1657 1692 Minorum
1681 1658 1946 1694 Conventualium

506 1707 539 1742 S.
563 1707 722 1742 Francisci
746 1721 760 1742 a
784 1708 917 1743 Martino
940 1707 980 1742 lV
1004 1708 1067 1742 ΡΡ.
1097 1720 1222 1755 praeses
1249 1708 1387 1755 eligitur,
1409 1709 1478 1742 755
1501 1719 1530 1741 α.

410 1757 491 1793 Petri
520 1758 576 1801 (S.)
601 1757 711 1804 Apost.
741 1757 902 1792 oraculum
925 1757 965 1793 de
991 1757 1159 1793 Libertatis
1186 1757 1314 1804 spiritus
1341 1766 1425 1792 secta
1447 1756 1578 1797 dictum,
1602 1760 1672 1792 212
1700 1771 1730 1793 α.

410 1807 492 1842 Petri
515 1807 571 1851 (S.)
594 1809 787 1842 successoris
814 1806 950 1854 dignitas
971 1815 1064 1854 atque
1085 1815 1233 1855 potestaS,
1259 1810 1328 1842 170
1349 1809 1378 1842 b.

411 1856 522 1892 Petrus
544 1856 719 1903 Aragoniae
741 1869 794 1892 rex
816 1857 941 1893 Siciliae
964 1869 1095 1904 regnum
1118 1864 1264 1905 occupat,
1287 1859 1332 1892 59
1355 1859 1383 1892 b.
1413 1857 1655 1893 panormitanus
1681 1856 1719 1892 ad
1743 1857 1945 1894 rebellionem

509 1905 666 1948 sollicitat,
689 1909 735 1942 60
754 1919 784 1942 α.
809 1905 885 1942 Post
908 1906 1029 1942 debitas
1052 1907 1253 1951 monitiones,
1291 1906 1505 1955 indictamque
1532 1907 1559 1942 ei
1590 1906 1688 1948 diem,
1728 1920 1809 1955 quae
1842 1909 1948 1943 omnia

509 1956 643 2004 sprevit,
675 1956 761 2004 regni
790 1957 856 1991 iure
893 1957 1042 2005 privatur,
1070 1957 1138 1993 eius
1160 1965 1189 1992 et
1215 1956 1336 1992 subditi
1367 1965 1564 1992 sacramento
1587 1957 1745 1993 fidelitatis
1772 1958 1950 1997 solvuntur,

511 2008 557 2041 65
572 2019 602 2041 α.
626 2006 938 2047 Excommunicatur,
970 2009 1036 2042 >150
1054 2020 1084 2042 a.

412 2055 494 2090 Petri
517 2055 556 2090 de
577 2056 726 2091 Murrone
751 2056 873 2091 Summi
897 2056 1062 2092 Pontificis
1087 2056 1234 2102 Romani,
1262 2056 1433 2092 Coelestini
1463 2057 1564 2103 quinti
1590 2057 1775 2105 nuncupati,
1799 2058 1894 2105 patria
1923 2067 1953 2094 et

511 2114 667 2153 parentes,
690 2108 761 2141 250
784 2108 811 2141 b.
835 2105 903 2141 Vita
926 2119 1034 2155 aspera
1059 2107 1090 2141 in
1112 2119 1268 2150 eremum,
1283 2109 1358 2141 ibid
1381 2115 1410 2142 et
1437 2108 1501 2141 251
1530 2120 1560 2142 α
1588 2107 1765 2142 Continuae
1787 2120 1897 2155 preces
1914 2108 1951 2143 ad

511 2155 626 2196 Deum,
650 2157 724 2190 ibid.
738 2158 766 2190 b.
782 2155 896 2191 Labori
920 2169 1070 2191 manuum
1095 2165 1192 2197 vacat,
1208 2158 1282 2191 ibid.
1307 2156 1372 2192 Suo
1389 2157 1533 2212 exemplo
1554 2157 1633 2192 alios
1649 2157 1686 2192 ad
1703 2157 1817 2193 bonam
1831 2158 1952 2206 frugem

511 2214 646 2245 revocat,
669 2207 741 2240 ibid.
770 2205 1054 2253 Congregationem
1088 2207 1314 2242 monachorum
1339 2207 1493 2247 instituit,
1521 2209 1596 2242 ibid.
1625 2207 1781 2243 Summus
1809 2207 1952 2244 Pontifex

511 2256 649 2302 eligitur,
677 2258 747 2290 252
774 2268 805 2290 α.
830 2255 879 2290 Ab
917 2256 1026 2291 eodem
1056 2269 1090 2291 se
1126 2256 1271 2297 abdicat,
1298 2259 1372 2292 ibid
1407 2257 1588 2305 Sancteque
1631 2270 1731 2305 usque
1762 2257 1800 2293 ad
1834 2257 1952 2293 obitum

514 2305 598 2349 vivit,
625 2307 699 2339 ibid.
725 2304 833 2340 Multis
859 2305 956 2341 claret
984 2305 1156 2348 miraculis,
1178 2308 1253 2341 ibid.
1282 2309 1311 2347 b,
1334 2309 1405 2342 235
1427 2320 1446 2341 a
1473 2315 1503 2342 et
1525 2309 1552 2342 b
1574 2306 1763 2342 Sanctorum
1789 2308 1874 2343 fastis
1891 2307 1954 2343 ad—

512 2355 671 2395 scribitur,
692 2356 767 2389 ibid.
791 2354 903 2391 Festus
925 2356 992 2391 eius
1019 2356 1087 2391 dies
1114 2334 1341 2400 celebrandus,
1364 2358 1439 2391 ibid.

416 2411 563 2461 Philippo
581 2413 776 2449 Francorum
802 2415 865 2461 regi
886 2414 1061 2461 Aragoniae
1081 2427 1223 2461 regnum,
1247 2415 1364 2463 aliique
1381 2415 1574 2463 principatus
1593 2415 1822 2456 conceduntur,
1839 2418 1907 2451 ⁴50
1925 2429 1955 2451 a.

416 2472 581 2520 Philippus
607 2472 727 2508 Galliae
755 2486 806 2508 rex
836 2473 975 2508 fidelium
996 2482 1086 2509 coetu
1115 2474 1275 2521 sacrisque
1298 2482 1482 2522 segregatus
1511 2474 1698 2515 declaratur,
1731 2477 1797 2510 ¹70
1824 2477 1851 2511 b.

418 2530 621 2565 pictaviensis
647 2530 785 2566 Ecclesia
815 2532 844 2566 in
873 2540 935 2567 tres
961 2532 1122 2567 dioeceses
1149 2532 1312 2577 dividitur,
1339 2536 1408 2569 247
1437 2536 1464 2570 b.
1821 2527 1823 2529 ¹

419 2589 551 2636 Pignora
579 2601 634 2624 seu
656 2590 823 2637 sportulae.
855 2591 887 2624 V.
910 2590 1076 2638 Sportulas
1118 2599 1169 2625 etc.

419 2646 539 2683 Piratae
561 2649 886 2691 excommunicantur,
910 2650 979 2684 540
1002 2661 1032 2685 a.
