<?xml version="1.0" encoding="UTF-8"?>
<!DOCTYPE html PUBLIC "-//W3C//DTD XHTML 1.0 Transitional//EN"
    "http://www.w3.org/TR/xhtml1/DTD/xhtml1-transitional.dtd">
<html xmlns="http://www.w3.org/1999/xhtml" xml:lang="en" lang="en">
 <head>
  <title>
</title>
<meta http-equiv="Content-Type" content="text/html;charset=utf-8" />
  <meta name='ocr-system' content='tesseract 3.04.00' />
  <meta name='ocr-capabilities' content='ocr_page ocr_carea ocr_par ocr_line ocrx_word'/>
</head>
<body>
  <div class='ocr_page' id='page_1' title='image "./bullarumdiplomat04cath_0775.png"; bbox 0 0 2274 3265; ppageno 0'>
   <div class='ocr_carea' id='block_1_1' title="bbox 933 280 1773 315">
    <p class='ocr_par' dir='ltr' id='par_1_1' title="bbox 933 280 1773 315">
     <span class='ocr_line' id='line_1_1' title="bbox 933 280 1773 315; baseline -0.004 0"><span class='ocrx_word' id='word_1_1' title='bbox 933 292 1030 315; x_wconf 73' lang='lat' dir='ltr'>tsnax</span> <span class='ocrx_word' id='word_1_2' title='bbox 1061 290 1170 314; x_wconf 75' lang='lat' dir='ltr'>nattum</span> <span class='ocrx_word' id='word_1_3' title='bbox 1707 280 1773 313; x_wconf 72' lang='lat'>767</span> 
     </span>
    </p>
   </div>
   <div class='ocr_carea' id='block_1_2' title="bbox 291 345 1835 2716">
    <p class='ocr_par' dir='ltr' id='par_1_2' title="bbox 291 345 1826 444">
     <span class='ocr_line' id='line_1_2' title="bbox 291 345 1826 394; baseline -0.002 -11"><span class='ocrx_word' id='word_1_4' title='bbox 291 348 401 383; x_wconf 83' lang='lat' dir='ltr'>Pisana</span> <span class='ocrx_word' id='word_1_5' title='bbox 429 347 536 383; x_wconf 84' lang='lat' dir='ltr'>civitas</span> <span class='ocrx_word' id='word_1_6' title='bbox 570 347 750 382; x_wconf 70' lang='lat' dir='ltr'>Com-adino</span> <span class='ocrx_word' id='word_1_7' title='bbox 789 347 962 391; x_wconf 76' lang='lat' dir='ltr'>adhaeret,</span> <span class='ocrx_word' id='word_1_8' title='bbox 991 348 1035 381; x_wconf 41' lang='lat'>⁴18</span> <span class='ocrx_word' id='word_1_9' title='bbox 1061 358 1091 381; x_wconf 88' lang='grc' dir='ltr'>α.</span> <span class='ocrx_word' id='word_1_10' title='bbox 1119 345 1401 394; x_wconf 78' lang='lat' dir='ltr'>Areliiepiscopatu</span> <span class='ocrx_word' id='word_1_11' title='bbox 1443 346 1605 393; x_wconf 77' lang='lat' dir='ltr'>privatur,</span> <span class='ocrx_word' id='word_1_12' title='bbox 1630 348 1706 381; x_wconf 86' lang='lat' dir='ltr'>ibid.</span> <span class='ocrx_word' id='word_1_13' title='bbox 1741 345 1826 380; x_wconf 83' lang='lat' dir='ltr'>Haec</span> 
     </span>
     <span class='ocr_line' id='line_1_3' title="bbox 389 397 1037 444; baseline -0.003 -12"><span class='ocrx_word' id='word_1_14' title='bbox 389 397 526 444; x_wconf 78' lang='lat' dir='ltr'>dignitas</span> <span class='ocrx_word' id='word_1_15' title='bbox 551 397 578 431; x_wconf 89' lang='lat' dir='ltr'>ei</span> <span class='ocrx_word' id='word_1_16' title='bbox 606 397 791 436; x_wconf 72' lang='lat' dir='ltr'>restituitur,</span> <span class='ocrx_word' id='word_1_17' title='bbox 818 398 893 431; x_wconf 88' lang='lat' dir='ltr'>ibid.</span> <span class='ocrx_word' id='word_1_18' title='bbox 922 404 953 431; x_wconf 90' lang='lat' dir='ltr'>et</span> <span class='ocrx_word' id='word_1_19' title='bbox 978 409 1037 441; x_wconf 83' lang='lat' dir='ltr'>seq.</span> 
     </span>
    </p>

    <p class='ocr_par' dir='ltr' id='par_1_3' title="bbox 292 444 1832 1086">
     <span class='ocr_line' id='line_1_4' title="bbox 292 444 1824 492; baseline -0.003 -10"><span class='ocrx_word' id='word_1_20' title='bbox 292 447 491 482; x_wconf 77' lang='lat' dir='ltr'>poenitentia</span> <span class='ocrx_word' id='word_1_21' title='bbox 508 445 569 490; x_wconf 83' lang='lat' dir='ltr'>(de)</span> <span class='ocrx_word' id='word_1_22' title='bbox 583 444 712 480; x_wconf 79' lang='lat' dir='ltr'>Ordinis</span> <span class='ocrx_word' id='word_1_23' title='bbox 725 446 756 480; x_wconf 91' lang='lat' dir='ltr'>S.</span> <span class='ocrx_word' id='word_1_24' title='bbox 774 446 932 481; x_wconf 90' lang='lat' dir='ltr'>Dominici</span> <span class='ocrx_word' id='word_1_25' title='bbox 949 446 1077 480; x_wconf 89' lang='lat' dir='ltr'>fratrum</span> <span class='ocrx_word' id='word_1_26' title='bbox 1093 453 1121 479; x_wconf 89' lang='lat' dir='ltr'>et</span> <span class='ocrx_word' id='word_1_27' title='bbox 1139 456 1282 479; x_wconf 85' lang='lat' dir='ltr'>sororum</span> <span class='ocrx_word' id='word_1_28' title='bbox 1299 444 1450 491; x_wconf 82' lang='lat' dir='ltr'>Regulae,</span> <span class='ocrx_word' id='word_1_29' title='bbox 1471 446 1540 479; x_wconf 82' lang='lat'>656</span> <span class='ocrx_word' id='word_1_30' title='bbox 1555 458 1586 479; x_wconf 88' lang='grc' dir='ltr'>α.</span> <span class='ocrx_word' id='word_1_31' title='bbox 1605 445 1651 480; x_wconf 89' lang='lat' dir='ltr'>De</span> <span class='ocrx_word' id='word_1_32' title='bbox 1666 444 1824 492; x_wconf 88' lang='lat' dir='ltr'>recipien-</span> 
     </span>
     <span class='ocr_line' id='line_1_5' title="bbox 391 493 1827 538; baseline -0.003 -7"><span class='ocrx_word' id='word_1_33' title='bbox 391 496 439 531; x_wconf 92' lang='lat' dir='ltr'>dis</span> <span class='ocrx_word' id='word_1_34' title='bbox 454 504 604 530; x_wconf 90' lang='lat' dir='ltr'>eteorum</span> <span class='ocrx_word' id='word_1_35' title='bbox 624 495 816 538; x_wconf 86' lang='lat' dir='ltr'>conditione,</span> <span class='ocrx_word' id='word_1_36' title='bbox 833 497 901 530; x_wconf 79' lang='lat'>637</span> <span class='ocrx_word' id='word_1_37' title='bbox 916 497 943 529; x_wconf 88' lang='lat' dir='ltr'>b.</span> <span class='ocrx_word' id='word_1_38' title='bbox 969 494 1012 529; x_wconf 85' lang='lat' dir='ltr'>De</span> <span class='ocrx_word' id='word_1_39' title='bbox 1028 494 1134 528; x_wconf 84' lang='lat' dir='ltr'>babitu</span> <span class='ocrx_word' id='word_1_40' title='bbox 1153 494 1281 528; x_wconf 75' lang='lat' dir='ltr'>fratrum</span> <span class='ocrx_word' id='word_1_41' title='bbox 1299 503 1327 528; x_wconf 84' lang='lat' dir='ltr'>et</span> <span class='ocrx_word' id='word_1_42' title='bbox 1349 506 1505 537; x_wconf 90' lang='lat' dir='ltr'>sororum,</span> <span class='ocrx_word' id='word_1_43' title='bbox 1530 496 1599 528; x_wconf 82' lang='grc'>658</span> <span class='ocrx_word' id='word_1_44' title='bbox 1622 507 1651 528; x_wconf 85' lang='grc' dir='ltr'>α.</span> <span class='ocrx_word' id='word_1_45' title='bbox 1670 493 1715 528; x_wconf 82' lang='lat' dir='ltr'>De</span> <span class='ocrx_word' id='word_1_46' title='bbox 1733 493 1827 528; x_wconf 86' lang='lat' dir='ltr'>modo</span> 
     </span>
     <span class='ocr_line' id='line_1_6' title="bbox 393 543 1828 593; baseline -0.003 -13"><span class='ocrx_word' id='word_1_47' title='bbox 393 544 566 593; x_wconf 85' lang='lat' dir='ltr'>recipiendi</span> <span class='ocrx_word' id='word_1_48' title='bbox 590 544 620 579; x_wconf 91' lang='lat' dir='ltr'>in</span> <span class='ocrx_word' id='word_1_49' title='bbox 643 544 809 585; x_wconf 77' lang='lat' dir='ltr'>Ordinem,</span> <span class='ocrx_word' id='word_1_50' title='bbox 832 547 906 580; x_wconf 86' lang='lat' dir='ltr'>ibid.</span> <span class='ocrx_word' id='word_1_51' title='bbox 921 544 968 579; x_wconf 88' lang='lat' dir='ltr'>De</span> <span class='ocrx_word' id='word_1_52' title='bbox 991 543 1209 578; x_wconf 86' lang='lat' dir='ltr'>benedictione</span> <span class='ocrx_word' id='word_1_53' title='bbox 1233 544 1380 588; x_wconf 77' lang='lat' dir='ltr'>vestium,</span> <span class='ocrx_word' id='word_1_54' title='bbox 1407 545 1480 577; x_wconf 84' lang='lat' dir='ltr'>ibid.</span> <span class='ocrx_word' id='word_1_55' title='bbox 1503 544 1531 577; x_wconf 90' lang='lat' dir='ltr'>b.</span> <span class='ocrx_word' id='word_1_56' title='bbox 1554 543 1598 578; x_wconf 88' lang='lat' dir='ltr'>De</span> <span class='ocrx_word' id='word_1_57' title='bbox 1622 543 1828 590; x_wconf 74' lang='lat' dir='ltr'>professione,</span> 
     </span>
     <span class='ocr_line' id='line_1_7' title="bbox 389 592 1824 640; baseline -0.002 -11"><span class='ocrx_word' id='word_1_58' title='bbox 389 596 464 629; x_wconf 80' lang='lat' dir='ltr'>ibid.</span> <span class='ocrx_word' id='word_1_59' title='bbox 488 593 535 629; x_wconf 88' lang='lat' dir='ltr'>De</span> <span class='ocrx_word' id='word_1_60' title='bbox 560 596 770 640; x_wconf 74' lang='lat' dir='ltr'>permanentia</span> <span class='ocrx_word' id='word_1_61' title='bbox 799 595 828 630; x_wconf 89' lang='lat' dir='ltr'>iu</span> <span class='ocrx_word' id='word_1_62' title='bbox 856 594 915 629; x_wconf 86' lang='lat' dir='ltr'>boc</span> <span class='ocrx_word' id='word_1_63' title='bbox 936 601 1030 632; x_wconf 78' lang='lat' dir='ltr'>statu,</span> <span class='ocrx_word' id='word_1_64' title='bbox 1052 594 1126 627; x_wconf 83' lang='lat' dir='ltr'>ibid.</span> <span class='ocrx_word' id='word_1_65' title='bbox 1155 592 1201 627; x_wconf 90' lang='lat' dir='ltr'>l)c</span> <span class='ocrx_word' id='word_1_66' title='bbox 1224 593 1309 627; x_wconf 80' lang='lat' dir='ltr'>lioris</span> <span class='ocrx_word' id='word_1_67' title='bbox 1327 593 1490 628; x_wconf 89' lang='lat' dir='ltr'>canonicis</span> <span class='ocrx_word' id='word_1_68' title='bbox 1516 592 1672 632; x_wconf 83' lang='lat' dir='ltr'>(licendis,</span> <span class='ocrx_word' id='word_1_69' title='bbox 1699 594 1770 627; x_wconf 81' lang='lat'>639</span> <span class='ocrx_word' id='word_1_70' title='bbox 1793 605 1824 626; x_wconf 83' lang='lat' dir='ltr'>a.</span> 
     </span>
     <span class='ocr_line' id='line_1_8' title="bbox 390 641 1828 690; baseline -0.003 -11"><span class='ocrx_word' id='word_1_71' title='bbox 390 643 437 679; x_wconf 90' lang='lat' dir='ltr'>De</span> <span class='ocrx_word' id='word_1_72' title='bbox 455 643 613 690; x_wconf 81' lang='lat' dir='ltr'>surgendo</span> <span class='ocrx_word' id='word_1_73' title='bbox 639 644 677 679; x_wconf 88' lang='lat' dir='ltr'>ad</span> <span class='ocrx_word' id='word_1_74' title='bbox 702 645 882 684; x_wconf 88' lang='lat' dir='ltr'>matutinas,</span> <span class='ocrx_word' id='word_1_75' title='bbox 904 645 978 678; x_wconf 86' lang='lat' dir='ltr'>ibid.</span> <span class='ocrx_word' id='word_1_76' title='bbox 1008 643 1054 677; x_wconf 88' lang='lat' dir='ltr'>De</span> <span class='ocrx_word' id='word_1_77' title='bbox 1079 641 1278 677; x_wconf 85' lang='lat' dir='ltr'>confessione</span> <span class='ocrx_word' id='word_1_78' title='bbox 1297 650 1327 677; x_wconf 90' lang='lat' dir='ltr'>et</span> <span class='ocrx_word' id='word_1_79' title='bbox 1349 642 1585 683; x_wconf 81' lang='lat' dir='ltr'>communione,</span> <span class='ocrx_word' id='word_1_80' title='bbox 1607 644 1682 677; x_wconf 86' lang='lat' dir='ltr'>ibid.</span> <span class='ocrx_word' id='word_1_81' title='bbox 1707 641 1752 676; x_wconf 87' lang='lat' dir='ltr'>De</span> <span class='ocrx_word' id='word_1_82' title='bbox 1779 642 1828 675; x_wconf 92' lang='lat' dir='ltr'>si—</span> 
     </span>
     <span class='ocr_line' id='line_1_9' title="bbox 392 690 1827 738; baseline -0.002 -12"><span class='ocrx_word' id='word_1_83' title='bbox 392 693 487 728; x_wconf 88' lang='lat' dir='ltr'>lentio</span> <span class='ocrx_word' id='word_1_84' title='bbox 525 691 747 738; x_wconf 90' lang='lat' dir='ltr'>observando,</span> <span class='ocrx_word' id='word_1_85' title='bbox 773 696 848 729; x_wconf 82' lang='lat' dir='ltr'>ibid.</span> <span class='ocrx_word' id='word_1_86' title='bbox 876 695 903 728; x_wconf 94' lang='lat' dir='ltr'>b.</span> <span class='ocrx_word' id='word_1_87' title='bbox 937 692 984 727; x_wconf 91' lang='lat' dir='ltr'>De</span> <span class='ocrx_word' id='word_1_88' title='bbox 1013 692 1183 727; x_wconf 84' lang='lat' dir='ltr'>reverentia</span> <span class='ocrx_word' id='word_1_89' title='bbox 1223 691 1399 726; x_wconf 85' lang='lat' dir='ltr'>exbibenda</span> <span class='ocrx_word' id='word_1_90' title='bbox 1428 691 1640 726; x_wconf 84' lang='lat' dir='ltr'>Ecclesiarum</span> <span class='ocrx_word' id='word_1_91' title='bbox 1680 690 1827 738; x_wconf 87' lang='lat' dir='ltr'>praelatis</span> 
     </span>
     <span class='ocr_line' id='line_1_10' title="bbox 393 739 1828 790; baseline -0.001 -14"><span class='ocrx_word' id='word_1_92' title='bbox 393 743 531 790; x_wconf 85' lang='lat' dir='ltr'>ipsisque</span> <span class='ocrx_word' id='word_1_93' title='bbox 558 742 728 788; x_wconf 86' lang='lat' dir='ltr'>Ecclesiis,</span> <span class='ocrx_word' id='word_1_94' title='bbox 754 746 829 778; x_wconf 86' lang='lat' dir='ltr'>ibid.</span> <span class='ocrx_word' id='word_1_95' title='bbox 857 743 903 778; x_wconf 90' lang='lat' dir='ltr'>De</span> <span class='ocrx_word' id='word_1_96' title='bbox 932 742 1056 777; x_wconf 88' lang='lat' dir='ltr'>ieiuniis</span> <span class='ocrx_word' id='word_1_97' title='bbox 1077 750 1107 777; x_wconf 91' lang='lat' dir='ltr'>et</span> <span class='ocrx_word' id='word_1_98' title='bbox 1129 741 1211 782; x_wconf 86' lang='lat' dir='ltr'>cibo,</span> <span class='ocrx_word' id='word_1_99' title='bbox 1226 743 1300 776; x_wconf 82' lang='lat' dir='ltr'>ibid.</span> <span class='ocrx_word' id='word_1_100' title='bbox 1328 741 1375 776; x_wconf 89' lang='lat' dir='ltr'>De</span> <span class='ocrx_word' id='word_1_101' title='bbox 1397 740 1607 778; x_wconf 83' lang='lat' dir='ltr'>discursibus,</span> <span class='ocrx_word' id='word_1_102' title='bbox 1626 742 1697 775; x_wconf 87' lang='grc'>640</span> <span class='ocrx_word' id='word_1_103' title='bbox 1720 753 1750 774; x_wconf 89' lang='grc' dir='ltr'>α.</span> <span class='ocrx_word' id='word_1_104' title='bbox 1779 739 1828 774; x_wconf 86' lang='lat' dir='ltr'>De</span> 
     </span>
     <span class='ocr_line' id='line_1_11' title="bbox 391 789 1829 836; baseline -0.003 -9"><span class='ocrx_word' id='word_1_105' title='bbox 391 792 488 827; x_wconf 85' lang='lat' dir='ltr'>armis</span> <span class='ocrx_word' id='word_1_106' title='bbox 516 802 577 827; x_wconf 94' lang='lat' dir='ltr'>non</span> <span class='ocrx_word' id='word_1_107' title='bbox 602 792 750 834; x_wconf 84' lang='lat' dir='ltr'>ferendis,</span> <span class='ocrx_word' id='word_1_108' title='bbox 772 795 846 828; x_wconf 86' lang='lat' dir='ltr'>ibid.</span> <span class='ocrx_word' id='word_1_109' title='bbox 875 792 920 827; x_wconf 91' lang='lat' dir='ltr'>De</span> <span class='ocrx_word' id='word_1_110' title='bbox 949 792 1081 826; x_wconf 78' lang='lat' dir='ltr'>infirmis</span> <span class='ocrx_word' id='word_1_111' title='bbox 1104 791 1275 834; x_wconf 75' lang='lat' dir='ltr'>visitandis,</span> <span class='ocrx_word' id='word_1_112' title='bbox 1301 793 1377 825; x_wconf 87' lang='lat' dir='ltr'>ibid.</span> <span class='ocrx_word' id='word_1_113' title='bbox 1400 790 1447 825; x_wconf 80' lang='lat' dir='ltr'>De</span> <span class='ocrx_word' id='word_1_114' title='bbox 1470 789 1626 836; x_wconf 79' lang='lat' dir='ltr'>suffragiis</span> <span class='ocrx_word' id='word_1_115' title='bbox 1649 791 1777 825; x_wconf 79' lang='lat' dir='ltr'>fratrum</span> <span class='ocrx_word' id='word_1_116' title='bbox 1800 798 1829 822; x_wconf 80' lang='lat' dir='ltr'>et</span> 
     </span>
     <span class='ocr_line' id='line_1_12' title="bbox 393 837 1830 888; baseline -0.003 -12"><span class='ocrx_word' id='word_1_117' title='bbox 393 853 536 876; x_wconf 83' lang='lat' dir='ltr'>sororum</span> <span class='ocrx_word' id='word_1_118' title='bbox 561 841 795 888; x_wconf 86' lang='lat' dir='ltr'>defunctorum,</span> <span class='ocrx_word' id='word_1_119' title='bbox 821 844 895 877; x_wconf 86' lang='lat' dir='ltr'>ibid.</span> <span class='ocrx_word' id='word_1_120' title='bbox 918 841 965 877; x_wconf 91' lang='lat' dir='ltr'>De</span> <span class='ocrx_word' id='word_1_121' title='bbox 988 841 1186 876; x_wconf 88' lang='lat' dir='ltr'>institutione</span> <span class='ocrx_word' id='word_1_122' title='bbox 1221 841 1334 888; x_wconf 90' lang='lat' dir='ltr'>prioris</span> <span class='ocrx_word' id='word_1_123' title='bbox 1360 850 1389 875; x_wconf 91' lang='lat' dir='ltr'>et</span> <span class='ocrx_word' id='word_1_124' title='bbox 1412 839 1577 888; x_wconf 81' lang='lat' dir='ltr'>priorissae</span> <span class='ocrx_word' id='word_1_125' title='bbox 1594 868 1602 880; x_wconf 90' lang='lat'>,</span> <span class='ocrx_word' id='word_1_126' title='bbox 1628 841 1703 874; x_wconf 83' lang='lat' dir='ltr'>ibid.</span> <span class='ocrx_word' id='word_1_127' title='bbox 1726 841 1755 873; x_wconf 87' lang='lat' dir='ltr'>b.</span> <span class='ocrx_word' id='word_1_128' title='bbox 1786 837 1830 872; x_wconf 85' lang='lat' dir='ltr'>De</span> 
     </span>
     <span class='ocr_line' id='line_1_13' title="bbox 393 890 1828 940; baseline -0.001 -15"><span class='ocrx_word' id='word_1_129' title='bbox 393 890 496 926; x_wconf 83' lang='lat' dir='ltr'>officio</span> <span class='ocrx_word' id='word_1_130' title='bbox 519 892 635 939; x_wconf 90' lang='lat' dir='ltr'>prioris</span> <span class='ocrx_word' id='word_1_131' title='bbox 662 900 692 927; x_wconf 90' lang='lat' dir='ltr'>et</span> <span class='ocrx_word' id='word_1_132' title='bbox 715 893 894 940; x_wconf 77' lang='lat' dir='ltr'>priorissae,</span> <span class='ocrx_word' id='word_1_133' title='bbox 922 893 996 926; x_wconf 86' lang='lat' dir='ltr'>ibid.</span> <span class='ocrx_word' id='word_1_134' title='bbox 1020 890 1066 926; x_wconf 92' lang='lat' dir='ltr'>De</span> <span class='ocrx_word' id='word_1_135' title='bbox 1087 891 1281 925; x_wconf 85' lang='lat' dir='ltr'>correctione</span> <span class='ocrx_word' id='word_1_136' title='bbox 1304 890 1431 925; x_wconf 78' lang='lat' dir='ltr'>fratrum</span> <span class='ocrx_word' id='word_1_137' title='bbox 1455 901 1674 937; x_wconf 91' lang='lat' dir='ltr'>sororumque,</span> <span class='ocrx_word' id='word_1_138' title='bbox 1707 891 1771 924; x_wconf 98' lang='grc'>641</span> <span class='ocrx_word' id='word_1_139' title='bbox 1799 901 1828 922; x_wconf 84' lang='lat' dir='ltr'>a.</span> 
     </span>
     <span class='ocr_line' id='line_1_14' title="bbox 392 937 1831 990; baseline -0.003 -15"><span class='ocrx_word' id='word_1_140' title='bbox 392 939 440 975; x_wconf 92' lang='lat' dir='ltr'>De</span> <span class='ocrx_word' id='word_1_141' title='bbox 475 941 659 976; x_wconf 82' lang='lat' dir='ltr'>eorumdem</span> <span class='ocrx_word' id='word_1_142' title='bbox 687 941 901 990; x_wconf 78' lang='lat' dir='ltr'>dependentia</span> <span class='ocrx_word' id='word_1_143' title='bbox 927 953 943 976; x_wconf 93' lang='lat' dir='ltr'>a</span> <span class='ocrx_word' id='word_1_144' title='bbox 975 940 1110 987; x_wconf 79' lang='lat' dir='ltr'>generali</span> <span class='ocrx_word' id='word_1_145' title='bbox 1152 940 1299 987; x_wconf 80' lang='lat' dir='ltr'>magistro</span> <span class='ocrx_word' id='word_1_146' title='bbox 1331 948 1362 974; x_wconf 91' lang='lat' dir='ltr'>et</span> <span class='ocrx_word' id='word_1_147' title='bbox 1394 938 1553 986; x_wconf 89' lang='lat' dir='ltr'>prioribus</span> <span class='ocrx_word' id='word_1_148' title='bbox 1587 937 1831 986; x_wconf 85' lang='lat' dir='ltr'>provincialibus</span> 
     </span>
     <span class='ocr_line' id='line_1_15' title="bbox 392 987 1832 1038; baseline -0.001 -14"><span class='ocrx_word' id='word_1_149' title='bbox 392 990 522 1025; x_wconf 85' lang='lat' dir='ltr'>fratrum</span> <span class='ocrx_word' id='word_1_150' title='bbox 544 990 814 1037; x_wconf 81' lang='lat' dir='ltr'>praedicatorum,</span> <span class='ocrx_word' id='word_1_151' title='bbox 829 992 904 1026; x_wconf 84' lang='lat' dir='ltr'>ibid.</span> <span class='ocrx_word' id='word_1_152' title='bbox 920 992 947 1025; x_wconf 90' lang='lat' dir='ltr'>b.</span> <span class='ocrx_word' id='word_1_153' title='bbox 963 990 1008 1025; x_wconf 89' lang='lat' dir='ltr'>De</span> <span class='ocrx_word' id='word_1_154' title='bbox 1030 989 1142 1025; x_wconf 88' lang='lat' dir='ltr'>dandis</span> <span class='ocrx_word' id='word_1_155' title='bbox 1155 989 1458 1038; x_wconf 81' lang='lat' dir='ltr'>dispensationibus,</span> <span class='ocrx_word' id='word_1_156' title='bbox 1476 990 1552 1023; x_wconf 85' lang='lat' dir='ltr'>ibid.</span> <span class='ocrx_word' id='word_1_157' title='bbox 1570 988 1618 1023; x_wconf 88' lang='lat' dir='ltr'>De</span> <span class='ocrx_word' id='word_1_158' title='bbox 1643 987 1832 1035; x_wconf 78' lang='lat' dir='ltr'>obligatione</span> 
     </span>
     <span class='ocr_line' id='line_1_16' title="bbox 390 1039 688 1086; baseline 0.003 -12"><span class='ocrx_word' id='word_1_159' title='bbox 390 1039 544 1086; x_wconf 83' lang='lat' dir='ltr'>Regulae,</span> <span class='ocrx_word' id='word_1_160' title='bbox 566 1041 637 1075; x_wconf 81' lang='grc'>642</span> <span class='ocrx_word' id='word_1_161' title='bbox 658 1053 688 1075; x_wconf 92' lang='grc' dir='ltr'>α.</span> 
     </span>
    </p>

    <p class='ocr_par' dir='ltr' id='par_1_4' title="bbox 295 1087 1835 1829">
     <span class='ocr_line' id='line_1_17' title="bbox 295 1087 1832 1137; baseline -0.001 -14"><span class='ocrx_word' id='word_1_162' title='bbox 295 1088 539 1124; x_wconf 79' lang='lat' dir='ltr'>Poettitentiaria</span> <span class='ocrx_word' id='word_1_163' title='bbox 554 1091 734 1137; x_wconf 88' lang='lat' dir='ltr'>apostolica.</span> <span class='ocrx_word' id='word_1_164' title='bbox 762 1091 915 1126; x_wconf 90' lang='lat' dir='ltr'>Summus</span> <span class='ocrx_word' id='word_1_165' title='bbox 938 1089 1194 1137; x_wconf 84' lang='lat' dir='ltr'>poenitentiarius</span> <span class='ocrx_word' id='word_1_166' title='bbox 1215 1089 1375 1124; x_wconf 88' lang='lat' dir='ltr'>doctorem</span> <span class='ocrx_word' id='word_1_167' title='bbox 1403 1087 1553 1123; x_wconf 84' lang='lat' dir='ltr'>adbibere</span> <span class='ocrx_word' id='word_1_168' title='bbox 1580 1087 1673 1122; x_wconf 91' lang='lat' dir='ltr'>debet</span> <span class='ocrx_word' id='word_1_169' title='bbox 1703 1087 1733 1121; x_wconf 89' lang='lat' dir='ltr'>in</span> <span class='ocrx_word' id='word_1_170' title='bbox 1756 1098 1832 1121; x_wconf 86' lang='lat' dir='ltr'>con-</span> 
     </span>
     <span class='ocr_line' id='line_1_18' title="bbox 391 1136 1829 1187; baseline -0.002 -14"><span class='ocrx_word' id='word_1_171' title='bbox 391 1138 497 1174; x_wconf 89' lang='lat' dir='ltr'>silium</span> <span class='ocrx_word' id='word_1_172' title='bbox 522 1139 552 1174; x_wconf 90' lang='lat' dir='ltr'>in</span> <span class='ocrx_word' id='word_1_173' title='bbox 583 1139 675 1175; x_wconf 86' lang='lat' dir='ltr'>rebus</span> <span class='ocrx_word' id='word_1_174' title='bbox 696 1140 866 1187; x_wconf 77' lang='lat' dir='ltr'>ambiguis,</span> <span class='ocrx_word' id='word_1_175' title='bbox 893 1147 923 1175; x_wconf 92' lang='lat' dir='ltr'>et</span> <span class='ocrx_word' id='word_1_176' title='bbox 945 1139 1095 1186; x_wconf 90' lang='lat' dir='ltr'>deputare</span> <span class='ocrx_word' id='word_1_177' title='bbox 1124 1151 1289 1187; x_wconf 85' lang='lat' dir='ltr'>personam</span> <span class='ocrx_word' id='word_1_178' title='bbox 1318 1138 1356 1173; x_wconf 93' lang='lat' dir='ltr'>ad</span> <span class='ocrx_word' id='word_1_179' title='bbox 1384 1136 1578 1184; x_wconf 86' lang='lat' dir='ltr'>expedienda</span> <span class='ocrx_word' id='word_1_180' title='bbox 1615 1137 1739 1184; x_wconf 83' lang='lat' dir='ltr'>negotia</span> <span class='ocrx_word' id='word_1_181' title='bbox 1768 1148 1829 1171; x_wconf 92' lang='lat' dir='ltr'>non</span> 
     </span>
     <span class='ocr_line' id='line_1_19' title="bbox 392 1185 1830 1234; baseline -0.001 -12"><span class='ocrx_word' id='word_1_182' title='bbox 392 1187 498 1233; x_wconf 87' lang='lat' dir='ltr'>dubia,</span> <span class='ocrx_word' id='word_1_183' title='bbox 526 1191 596 1223; x_wconf 86' lang='grc'>416</span> <span class='ocrx_word' id='word_1_184' title='bbox 624 1191 652 1224; x_wconf 91' lang='lat' dir='ltr'>b.</span> <span class='ocrx_word' id='word_1_185' title='bbox 677 1189 723 1224; x_wconf 88' lang='lat' dir='ltr'>De</span> <span class='ocrx_word' id='word_1_186' title='bbox 751 1196 962 1224; x_wconf 89' lang='lat' dir='ltr'>correctorum</span> <span class='ocrx_word' id='word_1_187' title='bbox 996 1188 1100 1223; x_wconf 86' lang='lat' dir='ltr'>officio</span> <span class='ocrx_word' id='word_1_188' title='bbox 1117 1215 1125 1225; x_wconf 65' lang='grc'>,</span> <span class='ocrx_word' id='word_1_189' title='bbox 1146 1188 1315 1234; x_wconf 84' lang='lat' dir='ltr'>sigillatorc</span> <span class='ocrx_word' id='word_1_190' title='bbox 1336 1196 1402 1227; x_wconf 58' lang='lat' dir='ltr'>etc„</span> <span class='ocrx_word' id='word_1_191' title='bbox 1425 1189 1494 1220; x_wconf 84' lang='grc'>417</span> <span class='ocrx_word' id='word_1_192' title='bbox 1509 1199 1536 1221; x_wconf 88' lang='grc' dir='ltr'>α.</span> <span class='ocrx_word' id='word_1_193' title='bbox 1554 1185 1602 1221; x_wconf 90' lang='lat' dir='ltr'>De</span> <span class='ocrx_word' id='word_1_194' title='bbox 1619 1186 1794 1229; x_wconf 82' lang='lat' dir='ltr'>iuramento</span> <span class='ocrx_word' id='word_1_195' title='bbox 1816 1199 1830 1220; x_wconf 85' lang='lat' dir='ltr'>a</span> 
     </span>
     <span class='ocr_line' id='line_1_20' title="bbox 392 1235 1832 1285; baseline -0.002 -13"><span class='ocrx_word' id='word_1_196' title='bbox 392 1237 573 1285; x_wconf 88' lang='lat' dir='ltr'>supradicto</span> <span class='ocrx_word' id='word_1_197' title='bbox 590 1239 717 1274; x_wconf 88' lang='lat' dir='ltr'>doctore</span> <span class='ocrx_word' id='word_1_198' title='bbox 736 1248 766 1274; x_wconf 91' lang='lat' dir='ltr'>et</span> <span class='ocrx_word' id='word_1_199' title='bbox 789 1238 847 1274; x_wconf 87' lang='lat' dir='ltr'>alia</span> <span class='ocrx_word' id='word_1_200' title='bbox 872 1250 1002 1285; x_wconf 87' lang='lat' dir='ltr'>persona</span> <span class='ocrx_word' id='word_1_201' title='bbox 1018 1238 1163 1285; x_wconf 88' lang='lat' dir='ltr'>deputata</span> <span class='ocrx_word' id='word_1_202' title='bbox 1188 1237 1386 1285; x_wconf 86' lang='lat' dir='ltr'>praestando,</span> <span class='ocrx_word' id='word_1_203' title='bbox 1408 1237 1483 1270; x_wconf 81' lang='lat' dir='ltr'>ibid.</span> <span class='ocrx_word' id='word_1_204' title='bbox 1506 1237 1534 1270; x_wconf 90' lang='lat' dir='ltr'>b.</span> <span class='ocrx_word' id='word_1_205' title='bbox 1558 1235 1605 1270; x_wconf 87' lang='lat' dir='ltr'>De</span> <span class='ocrx_word' id='word_1_206' title='bbox 1627 1236 1832 1284; x_wconf 89' lang='lat' dir='ltr'>supplicatio-</span> 
     </span>
     <span class='ocr_line' id='line_1_21' title="bbox 392 1285 1830 1336; baseline -0.002 -15"><span class='ocrx_word' id='word_1_207' title='bbox 392 1287 486 1323; x_wconf 89' lang='lat' dir='ltr'>nibus</span> <span class='ocrx_word' id='word_1_208' title='bbox 508 1287 610 1336; x_wconf 88' lang='lat' dir='ltr'>Papae</span> <span class='ocrx_word' id='word_1_209' title='bbox 634 1288 788 1335; x_wconf 82' lang='lat' dir='ltr'>legendis,</span> <span class='ocrx_word' id='word_1_210' title='bbox 809 1290 883 1322; x_wconf 86' lang='lat' dir='ltr'>ibid.</span> <span class='ocrx_word' id='word_1_211' title='bbox 906 1287 989 1322; x_wconf 85' lang='lat' dir='ltr'>Niltil</span> <span class='ocrx_word' id='word_1_212' title='bbox 1007 1300 1062 1334; x_wconf 92' lang='lat' dir='ltr'>pro</span> <span class='ocrx_word' id='word_1_213' title='bbox 1084 1287 1182 1322; x_wconf 90' lang='lat' dir='ltr'>literis</span> <span class='ocrx_word' id='word_1_214' title='bbox 1205 1286 1308 1321; x_wconf 86' lang='lat' dir='ltr'>taliter</span> <span class='ocrx_word' id='word_1_215' title='bbox 1321 1285 1475 1333; x_wconf 85' lang='lat' dir='ltr'>expeditis</span> <span class='ocrx_word' id='word_1_216' title='bbox 1501 1285 1735 1332; x_wconf 85' lang='lat' dir='ltr'>accipiendum,</span> <span class='ocrx_word' id='word_1_217' title='bbox 1756 1286 1830 1319; x_wconf 84' lang='lat' dir='ltr'>ibid.</span> 
     </span>
     <span class='ocr_line' id='line_1_22' title="bbox 392 1334 1831 1385; baseline -0.002 -14"><span class='ocrx_word' id='word_1_218' title='bbox 392 1336 437 1371; x_wconf 90' lang='lat' dir='ltr'>De</span> <span class='ocrx_word' id='word_1_219' title='bbox 461 1337 556 1379; x_wconf 88' lang='lat' dir='ltr'>horis,</span> <span class='ocrx_word' id='word_1_220' title='bbox 571 1338 687 1385; x_wconf 90' lang='lat' dir='ltr'>quibus</span> <span class='ocrx_word' id='word_1_221' title='bbox 701 1337 835 1385; x_wconf 82' lang='lat' dir='ltr'>quisque</span> <span class='ocrx_word' id='word_1_222' title='bbox 852 1337 1110 1384; x_wconf 86' lang='lat' dir='ltr'>poenitentiarius</span> <span class='ocrx_word' id='word_1_223' title='bbox 1129 1337 1238 1371; x_wconf 86' lang='lat' dir='ltr'>sistere</span> <span class='ocrx_word' id='word_1_224' title='bbox 1262 1336 1291 1370; x_wconf 89' lang='lat' dir='ltr'>in</span> <span class='ocrx_word' id='word_1_225' title='bbox 1310 1335 1446 1370; x_wconf 76' lang='lat' dir='ltr'>Ecclesia</span> <span class='ocrx_word' id='word_1_226' title='bbox 1469 1334 1574 1378; x_wconf 87' lang='lat' dir='ltr'>debet,</span> <span class='ocrx_word' id='word_1_227' title='bbox 1592 1336 1667 1369; x_wconf 84' lang='lat' dir='ltr'>ibid.</span> <span class='ocrx_word' id='word_1_228' title='bbox 1689 1334 1831 1380; x_wconf 84' lang='lat' dir='ltr'>Benigne</span> 
     </span>
     <span class='ocr_line' id='line_1_23' title="bbox 392 1383 1827 1434; baseline -0.002 -14"><span class='ocrx_word' id='word_1_229' title='bbox 392 1398 448 1434; x_wconf 85' lang='lat' dir='ltr'>per</span> <span class='ocrx_word' id='word_1_230' title='bbox 471 1398 525 1420; x_wconf 90' lang='lat' dir='ltr'>eos</span> <span class='ocrx_word' id='word_1_231' title='bbox 551 1399 622 1420; x_wconf 84' lang='lat' dir='ltr'>cum</span> <span class='ocrx_word' id='word_1_232' title='bbox 652 1386 888 1434; x_wconf 84' lang='lat' dir='ltr'>poenitentibus</span> <span class='ocrx_word' id='word_1_233' title='bbox 909 1386 1082 1432; x_wconf 84' lang='lat' dir='ltr'>agendum,</span> <span class='ocrx_word' id='word_1_234' title='bbox 1119 1388 1189 1420; x_wconf 91' lang='grc'>418</span> <span class='ocrx_word' id='word_1_235' title='bbox 1228 1397 1257 1419; x_wconf 89' lang='grc' dir='ltr'>α.</span> <span class='ocrx_word' id='word_1_236' title='bbox 1288 1384 1428 1419; x_wconf 85' lang='lat' dir='ltr'>Termini</span> <span class='ocrx_word' id='word_1_237' title='bbox 1462 1383 1603 1418; x_wconf 89' lang='lat' dir='ltr'>nonnulli</span> <span class='ocrx_word' id='word_1_238' title='bbox 1643 1383 1827 1419; x_wconf 84' lang='lat' dir='ltr'>facultatum</span> 
     </span>
     <span class='ocr_line' id='line_1_24' title="bbox 390 1432 1832 1479; baseline -0.002 -10"><span class='ocrx_word' id='word_1_239' title='bbox 390 1435 586 1479; x_wconf 88' lang='lat' dir='ltr'>eorumdem,</span> <span class='ocrx_word' id='word_1_240' title='bbox 612 1437 688 1470; x_wconf 80' lang='lat' dir='ltr'>ibid.</span> <span class='ocrx_word' id='word_1_241' title='bbox 715 1436 760 1470; x_wconf 81' lang='lat' dir='ltr'>De</span> <span class='ocrx_word' id='word_1_242' title='bbox 788 1435 954 1470; x_wconf 87' lang='lat' dir='ltr'>mulierum</span> <span class='ocrx_word' id='word_1_243' title='bbox 979 1434 1143 1470; x_wconf 89' lang='lat' dir='ltr'>audiendis</span> <span class='ocrx_word' id='word_1_244' title='bbox 1165 1433 1426 1478; x_wconf 82' lang='lat' dir='ltr'>confessionibus,</span> <span class='ocrx_word' id='word_1_245' title='bbox 1449 1434 1523 1466; x_wconf 84' lang='lat' dir='ltr'>ibid.</span> <span class='ocrx_word' id='word_1_246' title='bbox 1546 1435 1574 1467; x_wconf 93' lang='lat' dir='ltr'>b.</span> <span class='ocrx_word' id='word_1_247' title='bbox 1595 1432 1717 1467; x_wconf 82' lang='lat' dir='ltr'>Literae</span> <span class='ocrx_word' id='word_1_248' title='bbox 1740 1432 1832 1467; x_wconf 78' lang='lat' dir='ltr'>abso-</span> 
     </span>
     <span class='ocr_line' id='line_1_25' title="bbox 391 1482 1828 1533; baseline -0.002 -15"><span class='ocrx_word' id='word_1_249' title='bbox 391 1485 520 1519; x_wconf 89' lang='lat' dir='ltr'>lutionis</span> <span class='ocrx_word' id='word_1_250' title='bbox 543 1485 587 1519; x_wconf 88' lang='lat' dir='ltr'>vel</span> <span class='ocrx_word' id='word_1_251' title='bbox 616 1484 862 1533; x_wconf 88' lang='lat' dir='ltr'>dispensationis</span> <span class='ocrx_word' id='word_1_252' title='bbox 891 1484 1015 1519; x_wconf 88' lang='lat' dir='ltr'>nonnisi</span> <span class='ocrx_word' id='word_1_253' title='bbox 1040 1496 1095 1531; x_wconf 90' lang='lat' dir='ltr'>per</span> <span class='ocrx_word' id='word_1_254' title='bbox 1121 1484 1290 1531; x_wconf 86' lang='lat' dir='ltr'>scriptores</span> <span class='ocrx_word' id='word_1_255' title='bbox 1312 1483 1350 1517; x_wconf 88' lang='lat' dir='ltr'>ad</span> <span class='ocrx_word' id='word_1_256' title='bbox 1379 1482 1408 1517; x_wconf 92' lang='lat' dir='ltr'>id</span> <span class='ocrx_word' id='word_1_257' title='bbox 1432 1482 1600 1529; x_wconf 87' lang='lat' dir='ltr'>deputatos</span> <span class='ocrx_word' id='word_1_258' title='bbox 1634 1482 1828 1517; x_wconf 78' lang='lat' dir='ltr'>scribendae.</span> 
     </span>
     <span class='ocr_line' id='line_1_26' title="bbox 389 1531 1830 1573; baseline -0.002 -5"><span class='ocrx_word' id='word_1_259' title='bbox 389 1535 465 1568; x_wconf 84' lang='lat' dir='ltr'>ibid.</span> <span class='ocrx_word' id='word_1_260' title='bbox 493 1533 729 1570; x_wconf 76' lang='lat' dir='ltr'>poenitentiarii</span> <span class='ocrx_word' id='word_1_261' title='bbox 752 1548 767 1569; x_wconf 90' lang='lat' dir='ltr'>a</span> <span class='ocrx_word' id='word_1_262' title='bbox 795 1535 990 1569; x_wconf 87' lang='lat' dir='ltr'>detractione</span> <span class='ocrx_word' id='word_1_263' title='bbox 1024 1532 1215 1573; x_wconf 86' lang='lat' dir='ltr'>abstineant,</span> <span class='ocrx_word' id='word_1_264' title='bbox 1237 1534 1311 1567; x_wconf 85' lang='lat' dir='ltr'>ibid.</span> <span class='ocrx_word' id='word_1_265' title='bbox 1336 1531 1416 1567; x_wconf 79' lang='lat' dir='ltr'>Aliis</span> <span class='ocrx_word' id='word_1_266' title='bbox 1438 1531 1601 1566; x_wconf 86' lang='lat' dir='ltr'>facultates</span> <span class='ocrx_word' id='word_1_267' title='bbox 1635 1544 1710 1567; x_wconf 91' lang='lat' dir='ltr'>suas</span> <span class='ocrx_word' id='word_1_268' title='bbox 1736 1544 1830 1566; x_wconf 86' lang='lat' dir='ltr'>com-</span> 
     </span>
     <span class='ocr_line' id='line_1_27' title="bbox 393 1581 1831 1631; baseline -0.002 -13"><span class='ocrx_word' id='word_1_269' title='bbox 393 1583 554 1618; x_wconf 83' lang='lat' dir='ltr'>municare</span> <span class='ocrx_word' id='word_1_270' title='bbox 577 1596 637 1618; x_wconf 89' lang='lat' dir='ltr'>non</span> <span class='ocrx_word' id='word_1_271' title='bbox 667 1592 810 1631; x_wconf 88' lang='lat' dir='ltr'>possunt,</span> <span class='ocrx_word' id='word_1_272' title='bbox 837 1586 907 1618; x_wconf 85' lang='grc'>419</span> <span class='ocrx_word' id='word_1_273' title='bbox 930 1597 960 1618; x_wconf 89' lang='grc' dir='ltr'>α.</span> <span class='ocrx_word' id='word_1_274' title='bbox 989 1583 1035 1618; x_wconf 94' lang='lat' dir='ltr'>De</span> <span class='ocrx_word' id='word_1_275' title='bbox 1063 1583 1261 1618; x_wconf 82' lang='lat' dir='ltr'>confessariis</span> <span class='ocrx_word' id='word_1_276' title='bbox 1289 1583 1318 1616; x_wconf 91' lang='lat' dir='ltr'>in</span> <span class='ocrx_word' id='word_1_277' title='bbox 1352 1581 1543 1617; x_wconf 88' lang='lat' dir='ltr'>adiutorium</span> <span class='ocrx_word' id='word_1_278' title='bbox 1566 1581 1727 1625; x_wconf 77' lang='lat' dir='ltr'>admissis,</span> <span class='ocrx_word' id='word_1_279' title='bbox 1756 1583 1831 1615; x_wconf 82' lang='lat' dir='ltr'>ibid.</span> 
     </span>
     <span class='ocr_line' id='line_1_28' title="bbox 393 1630 1833 1680; baseline -0.001 -14"><span class='ocrx_word' id='word_1_280' title='bbox 393 1632 438 1667; x_wconf 90' lang='lat' dir='ltr'>De</span> <span class='ocrx_word' id='word_1_281' title='bbox 462 1633 585 1678; x_wconf 81' lang='lat' dir='ltr'>sigillis,</span> <span class='ocrx_word' id='word_1_282' title='bbox 606 1635 680 1667; x_wconf 83' lang='lat' dir='ltr'>ibid.</span> <span class='ocrx_word' id='word_1_283' title='bbox 703 1633 775 1667; x_wconf 91' lang='lat' dir='ltr'>Duo</span> <span class='ocrx_word' id='word_1_284' title='bbox 796 1633 899 1668; x_wconf 87' lang='lat' dir='ltr'>clerici</span> <span class='ocrx_word' id='word_1_285' title='bbox 923 1633 1093 1680; x_wconf 75' lang='lat' dir='ltr'>deputandi</span> <span class='ocrx_word' id='word_1_286' title='bbox 1122 1632 1159 1666; x_wconf 89' lang='lat' dir='ltr'>ad</span> <span class='ocrx_word' id='word_1_287' title='bbox 1184 1632 1361 1667; x_wconf 78' lang='lat' dir='ltr'>huiusmodi</span> <span class='ocrx_word' id='word_1_288' title='bbox 1388 1630 1601 1665; x_wconf 75' lang='lat' dir='ltr'>conservanda</span> <span class='ocrx_word' id='word_1_289' title='bbox 1621 1630 1733 1676; x_wconf 81' lang='lat' dir='ltr'>sigilla,</span> <span class='ocrx_word' id='word_1_290' title='bbox 1759 1632 1833 1665; x_wconf 83' lang='lat' dir='ltr'>ibid.</span> 
     </span>
     <span class='ocr_line' id='line_1_29' title="bbox 393 1680 1832 1730; baseline -0.001 -15"><span class='ocrx_word' id='word_1_291' title='bbox 393 1683 422 1715; x_wconf 82' lang='lat' dir='ltr'>b.</span> <span class='ocrx_word' id='word_1_292' title='bbox 451 1681 498 1717; x_wconf 90' lang='lat' dir='ltr'>De</span> <span class='ocrx_word' id='word_1_293' title='bbox 525 1682 727 1717; x_wconf 82' lang='lat' dir='ltr'>distributore</span> <span class='ocrx_word' id='word_1_294' title='bbox 755 1683 953 1730; x_wconf 84' lang='lat' dir='ltr'>petitionum,</span> <span class='ocrx_word' id='word_1_295' title='bbox 987 1684 1061 1716; x_wconf 83' lang='lat' dir='ltr'>ibid.</span> <span class='ocrx_word' id='word_1_296' title='bbox 1091 1682 1191 1728; x_wconf 84' lang='lat' dir='ltr'>Leges</span> <span class='ocrx_word' id='word_1_297' title='bbox 1213 1694 1228 1716; x_wconf 90' lang='lat' dir='ltr'>a</span> <span class='ocrx_word' id='word_1_298' title='bbox 1256 1681 1462 1728; x_wconf 88' lang='lat' dir='ltr'>scriptoribus</span> <span class='ocrx_word' id='word_1_299' title='bbox 1488 1680 1672 1723; x_wconf 82' lang='lat' dir='ltr'>servandae,</span> <span class='ocrx_word' id='word_1_300' title='bbox 1701 1682 1770 1720; x_wconf 76' lang='lat'>420</span> <span class='ocrx_word' id='word_1_301' title='bbox 1803 1693 1832 1714; x_wconf 83' lang='lat' dir='ltr'>a.</span> 
     </span>
     <span class='ocr_line' id='line_1_30' title="bbox 391 1729 1835 1779; baseline -0.001 -14"><span class='ocrx_word' id='word_1_302' title='bbox 391 1730 612 1766; x_wconf 88' lang='lat' dir='ltr'>Distributoris</span> <span class='ocrx_word' id='word_1_303' title='bbox 642 1732 747 1767; x_wconf 87' lang='lat' dir='ltr'>munia</span> <span class='ocrx_word' id='word_1_304' title='bbox 764 1759 771 1770; x_wconf 88' lang='lat'>,</span> <span class='ocrx_word' id='word_1_305' title='bbox 793 1733 868 1766; x_wconf 74' lang='lat' dir='ltr'>ibid.</span> <span class='ocrx_word' id='word_1_306' title='bbox 892 1733 918 1765; x_wconf 91' lang='lat' dir='ltr'>b.</span> <span class='ocrx_word' id='word_1_307' title='bbox 950 1731 996 1766; x_wconf 85' lang='lat' dir='ltr'>De</span> <span class='ocrx_word' id='word_1_308' title='bbox 1020 1731 1284 1779; x_wconf 86' lang='lat' dir='ltr'>procuratoribus.</span> <span class='ocrx_word' id='word_1_309' title='bbox 1306 1733 1371 1765; x_wconf 81' lang='grc'>421</span> <span class='ocrx_word' id='word_1_310' title='bbox 1405 1732 1431 1764; x_wconf 93' lang='lat' dir='ltr'>b.</span> <span class='ocrx_word' id='word_1_311' title='bbox 1458 1729 1568 1764; x_wconf 78' lang='lat' dir='ltr'>Forma</span> <span class='ocrx_word' id='word_1_312' title='bbox 1604 1730 1765 1764; x_wconf 88' lang='lat' dir='ltr'>iuramenti</span> <span class='ocrx_word' id='word_1_313' title='bbox 1798 1730 1835 1764; x_wconf 84' lang='lat' dir='ltr'>ab</span> 
     </span>
     <span class='ocr_line' id='line_1_31' title="bbox 390 1780 1465 1829; baseline 0 -15"><span class='ocrx_word' id='word_1_314' title='bbox 390 1780 575 1816; x_wconf 87' lang='lat' dir='ltr'>officialibus</span> <span class='ocrx_word' id='word_1_315' title='bbox 598 1782 853 1829; x_wconf 84' lang='lat' dir='ltr'>poenitentiariae</span> <span class='ocrx_word' id='word_1_316' title='bbox 880 1789 980 1829; x_wconf 87' lang='lat' dir='ltr'>apost.</span> <span class='ocrx_word' id='word_1_317' title='bbox 1006 1781 1194 1828; x_wconf 85' lang='lat' dir='ltr'>praestandi,</span> <span class='ocrx_word' id='word_1_318' title='bbox 1222 1783 1292 1815; x_wconf 81' lang='grc'>422</span> <span class='ocrx_word' id='word_1_319' title='bbox 1312 1793 1330 1814; x_wconf 88' lang='lat' dir='ltr'>a</span> <span class='ocrx_word' id='word_1_320' title='bbox 1354 1789 1384 1814; x_wconf 85' lang='lat' dir='ltr'>et</span> <span class='ocrx_word' id='word_1_321' title='bbox 1405 1793 1465 1825; x_wconf 84' lang='lat' dir='ltr'>seq.</span> 
     </span>
    </p>

    <p class='ocr_par' dir='ltr' id='par_1_5' title="bbox 294 1831 1118 1879">
     <span class='ocr_line' id='line_1_32' title="bbox 294 1831 1118 1879; baseline -0.001 -13"><span class='ocrx_word' id='word_1_322' title='bbox 294 1831 557 1867; x_wconf 83' lang='lat' dir='ltr'>Poenitentiariae</span> <span class='ocrx_word' id='word_1_323' title='bbox 583 1832 771 1879; x_wconf 82' lang='lat' dir='ltr'>scriptorum</span> <span class='ocrx_word' id='word_1_324' title='bbox 801 1843 964 1871; x_wconf 89' lang='lat' dir='ltr'>uumerus,</span> <span class='ocrx_word' id='word_1_325' title='bbox 992 1832 1063 1866; x_wconf 83' lang='grc'>225</span> <span class='ocrx_word' id='word_1_326' title='bbox 1090 1833 1118 1865; x_wconf 93' lang='lat' dir='ltr'>b.</span> 
     </span>
    </p>

    <p class='ocr_par' dir='ltr' id='par_1_6' title="bbox 295 1879 1482 1920">
     <span class='ocr_line' id='line_1_33' title="bbox 295 1879 1482 1920; baseline -0.003 -4"><span class='ocrx_word' id='word_1_327' title='bbox 295 1881 501 1916; x_wconf 76' lang='lat' dir='ltr'>Ponticorum</span> <span class='ocrx_word' id='word_1_328' title='bbox 523 1880 561 1915; x_wconf 88' lang='lat' dir='ltr'>ad</span> <span class='ocrx_word' id='word_1_329' title='bbox 591 1881 638 1915; x_wconf 91' lang='lat' dir='ltr'>ius</span> <span class='ocrx_word' id='word_1_330' title='bbox 659 1880 905 1916; x_wconf 84' lang='lat' dir='ltr'>ecclesiasticum</span> <span class='ocrx_word' id='word_1_331' title='bbox 934 1880 1182 1916; x_wconf 89' lang='lat' dir='ltr'>labefactandum</span> <span class='ocrx_word' id='word_1_332' title='bbox 1203 1879 1338 1920; x_wconf 81' lang='lat' dir='ltr'>fraudes,</span> <span class='ocrx_word' id='word_1_333' title='bbox 1361 1880 1432 1914; x_wconf 87' lang='grc'>606</span> <span class='ocrx_word' id='word_1_334' title='bbox 1455 1881 1482 1913; x_wconf 87' lang='lat' dir='ltr'>b.</span> 
     </span>
    </p>

    <p class='ocr_par' dir='ltr' id='par_1_7' title="bbox 295 1929 1131 1977">
     <span class='ocr_line' id='line_1_34' title="bbox 295 1929 1131 1977; baseline 0 -13"><span class='ocrx_word' id='word_1_335' title='bbox 295 1929 503 1965; x_wconf 83' lang='lat' dir='ltr'>Pontificibus</span> <span class='ocrx_word' id='word_1_336' title='bbox 530 1930 599 1964; x_wconf 90' lang='lat' dir='ltr'>data</span> <span class='ocrx_word' id='word_1_337' title='bbox 626 1943 699 1965; x_wconf 90' lang='lat' dir='ltr'>cum</span> <span class='ocrx_word' id='word_1_338' title='bbox 729 1931 860 1977; x_wconf 86' lang='lat' dir='ltr'>imperio</span> <span class='ocrx_word' id='word_1_339' title='bbox 887 1930 1000 1969; x_wconf 85' lang='lat' dir='ltr'>Roma,</span> <span class='ocrx_word' id='word_1_340' title='bbox 1028 1933 1074 1964; x_wconf 77' lang='lat'>45</span> <span class='ocrx_word' id='word_1_341' title='bbox 1101 1943 1131 1964; x_wconf 88' lang='lat' dir='ltr'>a.</span> 
     </span>
    </p>

    <p class='ocr_par' dir='ltr' id='par_1_8' title="bbox 295 1978 1298 2027">
     <span class='ocr_line' id='line_1_35' title="bbox 295 1978 1298 2027; baseline -0.002 -13"><span class='ocrx_word' id='word_1_342' title='bbox 295 1980 399 2015; x_wconf 85' lang='lat' dir='ltr'>Pontii</span> <span class='ocrx_word' id='word_1_343' title='bbox 423 1978 479 2024; x_wconf 80' lang='lat' dir='ltr'>(S.)</span> <span class='ocrx_word' id='word_1_344' title='bbox 505 1979 745 2015; x_wconf 70' lang='lat' dir='ltr'>&#39;l’ltermolarum</span> <span class='ocrx_word' id='word_1_345' title='bbox 774 1981 974 2027; x_wconf 88' lang='lat' dir='ltr'>episcopatus</span> <span class='ocrx_word' id='word_1_346' title='bbox 999 1980 1143 2025; x_wconf 79' lang='lat' dir='ltr'>erigitur,</span> <span class='ocrx_word' id='word_1_347' title='bbox 1170 1980 1241 2013; x_wconf 83' lang='grc'>268</span> <span class='ocrx_word' id='word_1_348' title='bbox 1268 1992 1298 2012; x_wconf 82' lang='lat' dir='ltr'>n.</span> 
     </span>
    </p>

    <p class='ocr_par' dir='ltr' id='par_1_9' title="bbox 295 2027 1834 2124">
     <span class='ocr_line' id='line_1_36' title="bbox 295 2027 1834 2077; baseline -0.001 -13"><span class='ocrx_word' id='word_1_349' title='bbox 295 2029 480 2065; x_wconf 76' lang='lat' dir='ltr'>portuensis</span> <span class='ocrx_word' id='word_1_350' title='bbox 513 2030 691 2077; x_wconf 73' lang='lat' dir='ltr'>episcopus</span> <span class='ocrx_word' id='word_1_351' title='bbox 720 2029 876 2064; x_wconf 83' lang='lat' dir='ltr'>Statuitur</span> <span class='ocrx_word' id='word_1_352' title='bbox 909 2029 992 2077; x_wconf 91' lang='lat' dir='ltr'>quod</span> <span class='ocrx_word' id='word_1_353' title='bbox 1020 2028 1210 2067; x_wconf 85' lang='lat' dir='ltr'>oblationes,</span> <span class='ocrx_word' id='word_1_354' title='bbox 1237 2040 1317 2076; x_wconf 81' lang='lat' dir='ltr'>quae</span> <span class='ocrx_word' id='word_1_355' title='bbox 1349 2027 1554 2062; x_wconf 78' lang='lat' dir='ltr'>obveniebant</span> <span class='ocrx_word' id='word_1_356' title='bbox 1591 2028 1618 2062; x_wconf 84' lang='lat' dir='ltr'>ei</span> <span class='ocrx_word' id='word_1_357' title='bbox 1647 2028 1677 2063; x_wconf 90' lang='lat' dir='ltr'>in</span> <span class='ocrx_word' id='word_1_358' title='bbox 1706 2028 1834 2063; x_wconf 83' lang='lat' dir='ltr'>basilica</span> 
     </span>
     <span class='ocr_line' id='line_1_37' title="bbox 393 2077 1607 2124; baseline -0.002 -11"><span class='ocrx_word' id='word_1_359' title='bbox 393 2078 427 2113; x_wconf 86' lang='lat' dir='ltr'>S.</span> <span class='ocrx_word' id='word_1_360' title='bbox 452 2078 549 2124; x_wconf 90' lang='lat' dir='ltr'>Petri,</span> <span class='ocrx_word' id='word_1_361' title='bbox 576 2087 800 2114; x_wconf 83' lang='lat' dir='ltr'>convertantur</span> <span class='ocrx_word' id='word_1_362' title='bbox 826 2079 864 2114; x_wconf 88' lang='lat' dir='ltr'>ab</span> <span class='ocrx_word' id='word_1_363' title='bbox 886 2077 1028 2113; x_wconf 88' lang='lat' dir='ltr'>altarario</span> <span class='ocrx_word' id='word_1_364' title='bbox 1057 2079 1086 2113; x_wconf 92' lang='lat' dir='ltr'>in</span> <span class='ocrx_word' id='word_1_365' title='bbox 1115 2078 1300 2112; x_wconf 79' lang='lat' dir='ltr'>beneficium</span> <span class='ocrx_word' id='word_1_366' title='bbox 1317 2078 1463 2117; x_wconf 81' lang='lat' dir='ltr'>fabricae,</span> <span class='ocrx_word' id='word_1_367' title='bbox 1488 2079 1557 2111; x_wconf 83' lang='grc'>528</span> <span class='ocrx_word' id='word_1_368' title='bbox 1579 2079 1607 2111; x_wconf 93' lang='lat' dir='ltr'>b.</span> 
     </span>
    </p>

    <p class='ocr_par' dir='ltr' id='par_1_10' title="bbox 297 2126 1834 2222">
     <span class='ocr_line' id='line_1_38' title="bbox 297 2126 1834 2175; baseline -0.001 -12"><span class='ocrx_word' id='word_1_369' title='bbox 297 2128 506 2174; x_wconf 82' lang='lat' dir='ltr'>Portugalliae</span> <span class='ocrx_word' id='word_1_370' title='bbox 539 2140 681 2175; x_wconf 80' lang='lat' dir='ltr'>regnum.</span> <span class='ocrx_word' id='word_1_371' title='bbox 716 2128 919 2164; x_wconf 63' lang='lat' dir='ltr'>Provisiones</span> <span class='ocrx_word' id='word_1_372' title='bbox 953 2137 982 2162; x_wconf 83' lang='lat' dir='ltr'>et</span> <span class='ocrx_word' id='word_1_373' title='bbox 1018 2128 1231 2163; x_wconf 82' lang='lat' dir='ltr'>ordinationes</span> <span class='ocrx_word' id='word_1_374' title='bbox 1267 2139 1321 2174; x_wconf 85' lang='lat' dir='ltr'>pro</span> <span class='ocrx_word' id='word_1_375' title='bbox 1344 2127 1556 2161; x_wconf 65' lang='lat' dir='ltr'>ecclesiastica</span> <span class='ocrx_word' id='word_1_376' title='bbox 1579 2126 1722 2162; x_wconf 85' lang='lat' dir='ltr'>libertate</span> <span class='ocrx_word' id='word_1_377' title='bbox 1745 2128 1773 2161; x_wconf 95' lang='lat' dir='ltr'>iu</span> <span class='ocrx_word' id='word_1_378' title='bbox 1797 2139 1834 2161; x_wconf 88' lang='lat' dir='ltr'>eo</span> 
     </span>
     <span class='ocr_line' id='line_1_39' title="bbox 394 2178 762 2222; baseline 0 -10"><span class='ocrx_word' id='word_1_379' title='bbox 394 2178 638 2222; x_wconf 87' lang='lat' dir='ltr'>manutenenda,</span> <span class='ocrx_word' id='word_1_380' title='bbox 661 2180 707 2213; x_wconf 86' lang='grc'>28</span> <span class='ocrx_word' id='word_1_381' title='bbox 734 2180 762 2212; x_wconf 93' lang='lat' dir='ltr'>b.</span> 
     </span>
    </p>

    <p class='ocr_par' dir='ltr' id='par_1_11' title="bbox 296 2227 1155 2266">
     <span class='ocr_line' id='line_1_40' title="bbox 296 2227 1155 2266; baseline -0.001 -4"><span class='ocrx_word' id='word_1_382' title='bbox 296 2227 502 2262; x_wconf 89' lang='lat' dir='ltr'>Posoniensis</span> <span class='ocrx_word' id='word_1_383' title='bbox 524 2228 650 2262; x_wconf 87' lang='lat' dir='ltr'>concilii</span> <span class='ocrx_word' id='word_1_384' title='bbox 678 2236 745 2262; x_wconf 86' lang='lat' dir='ltr'>acta</span> <span class='ocrx_word' id='word_1_385' title='bbox 773 2227 1010 2266; x_wconf 85' lang='lat' dir='ltr'>confirmantur,</span> <span class='ocrx_word' id='word_1_386' title='bbox 1034 2229 1104 2262; x_wconf 87' lang='grc'>486</span> <span class='ocrx_word' id='word_1_387' title='bbox 1127 2229 1155 2261; x_wconf 80' lang='lat' dir='ltr'>b.</span> 
     </span>
    </p>

    <p class='ocr_par' dir='ltr' id='par_1_12' title="bbox 297 2274 1832 2362">
     <span class='ocr_line' id='line_1_41' title="bbox 297 2274 1832 2324; baseline -0.003 -12"><span class='ocrx_word' id='word_1_388' title='bbox 297 2276 553 2312; x_wconf 78' lang='lat' dir='ltr'>praedicatorum</span> <span class='ocrx_word' id='word_1_389' title='bbox 588 2278 714 2312; x_wconf 87' lang='lat' dir='ltr'>fratrum</span> <span class='ocrx_word' id='word_1_390' title='bbox 744 2277 875 2311; x_wconf 88' lang='lat' dir='ltr'>Ordinis</span> <span class='ocrx_word' id='word_1_391' title='bbox 907 2278 1022 2323; x_wconf 82' lang='lat' dir='ltr'>gratiae</span> <span class='ocrx_word' id='word_1_392' title='bbox 1056 2286 1085 2311; x_wconf 89' lang='lat' dir='ltr'>et</span> <span class='ocrx_word' id='word_1_393' title='bbox 1117 2275 1289 2324; x_wconf 81' lang='lat' dir='ltr'>privilegia.</span> <span class='ocrx_word' id='word_1_394' title='bbox 1339 2278 1371 2310; x_wconf 66' lang='grc' dir='ltr'>Γ.</span> <span class='ocrx_word' id='word_1_395' title='bbox 1411 2276 1567 2310; x_wconf 84' lang='lat' dir='ltr'>Dominici</span> <span class='ocrx_word' id='word_1_396' title='bbox 1606 2274 1665 2318; x_wconf 69' lang='lat' dir='ltr'>(S.)</span> <span class='ocrx_word' id='word_1_397' title='bbox 1704 2275 1832 2309; x_wconf 85' lang='lat' dir='ltr'>fratrum</span> 
     </span>
     <span class='ocr_line' id='line_1_42' title="bbox 393 2327 723 2362; baseline -0.003 0"><span class='ocrx_word' id='word_1_398' title='bbox 393 2327 649 2362; x_wconf 77' lang='lat' dir='ltr'>praedicatorum</span> <span class='ocrx_word' id='word_1_399' title='bbox 672 2336 723 2361; x_wconf 82' lang='lat' dir='ltr'>etc.</span> 
     </span>
    </p>

    <p class='ocr_par' dir='ltr' id='par_1_13' title="bbox 296 2373 1835 2620">
     <span class='ocr_line' id='line_1_43' title="bbox 296 2373 1835 2423; baseline -0.001 -13"><span class='ocrx_word' id='word_1_400' title='bbox 296 2376 550 2412; x_wconf 80' lang='lat' dir='ltr'>praedicatorum</span> <span class='ocrx_word' id='word_1_401' title='bbox 567 2377 696 2411; x_wconf 88' lang='lat' dir='ltr'>Ordinis</span> <span class='ocrx_word' id='word_1_402' title='bbox 711 2377 907 2423; x_wconf 77' lang='lat' dir='ltr'>praelatorum</span> <span class='ocrx_word' id='word_1_403' title='bbox 927 2376 955 2410; x_wconf 91' lang='lat' dir='ltr'>in</span> <span class='ocrx_word' id='word_1_404' title='bbox 970 2389 1044 2409; x_wconf 83' lang='lat' dir='ltr'>suos</span> <span class='ocrx_word' id='word_1_405' title='bbox 1057 2375 1201 2410; x_wconf 86' lang='lat' dir='ltr'>subditos</span> <span class='ocrx_word' id='word_1_406' title='bbox 1215 2375 1380 2410; x_wconf 84' lang='lat' dir='ltr'>auctoritas</span> <span class='ocrx_word' id='word_1_407' title='bbox 1395 2374 1509 2422; x_wconf 88' lang='lat' dir='ltr'>qualis,</span> <span class='ocrx_word' id='word_1_408' title='bbox 1526 2377 1593 2408; x_wconf 75' lang='grc'>154</span> <span class='ocrx_word' id='word_1_409' title='bbox 1607 2387 1637 2408; x_wconf 86' lang='grc' dir='ltr'>α.</span> <span class='ocrx_word' id='word_1_410' title='bbox 1654 2373 1835 2408; x_wconf 80' lang='lat' dir='ltr'>Declaratur</span> 
     </span>
     <span class='ocr_line' id='line_1_44' title="bbox 394 2423 1831 2475; baseline -0.003 -14"><span class='ocrx_word' id='word_1_411' title='bbox 394 2439 474 2475; x_wconf 90' lang='lat' dir='ltr'>quae</span> <span class='ocrx_word' id='word_1_412' title='bbox 502 2427 539 2460; x_wconf 85' lang='lat' dir='ltr'>sit</span> <span class='ocrx_word' id='word_1_413' title='bbox 561 2427 730 2461; x_wconf 85' lang='lat' dir='ltr'>auctoritas</span> <span class='ocrx_word' id='word_1_414' title='bbox 756 2435 786 2460; x_wconf 83' lang='lat' dir='ltr'>et</span> <span class='ocrx_word' id='word_1_415' title='bbox 810 2426 949 2467; x_wconf 84' lang='lat' dir='ltr'>facultas,</span> <span class='ocrx_word' id='word_1_416' title='bbox 976 2426 1123 2473; x_wconf 89' lang='lat' dir='ltr'>quodque</span> <span class='ocrx_word' id='word_1_417' title='bbox 1151 2436 1267 2460; x_wconf 85' lang='lat' dir='ltr'>munus</span> <span class='ocrx_word' id='word_1_418' title='bbox 1294 2425 1433 2470; x_wconf 82' lang='lat' dir='ltr'>magistri</span> <span class='ocrx_word' id='word_1_419' title='bbox 1461 2423 1615 2470; x_wconf 84' lang='lat' dir='ltr'>generalis</span> <span class='ocrx_word' id='word_1_420' title='bbox 1641 2433 1670 2457; x_wconf 92' lang='lat' dir='ltr'>et</span> <span class='ocrx_word' id='word_1_421' title='bbox 1699 2423 1831 2457; x_wconf 86' lang='lat' dir='ltr'>aliorum</span> 
     </span>
     <span class='ocr_line' id='line_1_45' title="bbox 395 2472 1831 2523; baseline -0.003 -12"><span class='ocrx_word' id='word_1_422' title='bbox 395 2478 600 2523; x_wconf 85' lang='lat' dir='ltr'>praelatorum</span> <span class='ocrx_word' id='word_1_423' title='bbox 632 2489 688 2511; x_wconf 88' lang='lat' dir='ltr'>uec</span> <span class='ocrx_word' id='word_1_424' title='bbox 715 2489 776 2511; x_wconf 94' lang='lat' dir='ltr'>non</span> <span class='ocrx_word' id='word_1_425' title='bbox 802 2484 1029 2511; x_wconf 87' lang='lat' dir='ltr'>enumerantur</span> <span class='ocrx_word' id='word_1_426' title='bbox 1044 2475 1160 2522; x_wconf 83' lang='lat' dir='ltr'>gratiae</span> <span class='ocrx_word' id='word_1_427' title='bbox 1178 2483 1206 2509; x_wconf 88' lang='lat' dir='ltr'>et</span> <span class='ocrx_word' id='word_1_428' title='bbox 1221 2475 1381 2522; x_wconf 78' lang='lat' dir='ltr'>privilegia</span> <span class='ocrx_word' id='word_1_429' title='bbox 1395 2473 1535 2508; x_wconf 89' lang='lat' dir='ltr'>eiusdem</span> <span class='ocrx_word' id='word_1_430' title='bbox 1553 2472 1694 2513; x_wconf 78' lang='lat' dir='ltr'>Ordinis,</span> <span class='ocrx_word' id='word_1_431' title='bbox 1711 2473 1779 2507; x_wconf 79' lang='lat'>567</span> <span class='ocrx_word' id='word_1_432' title='bbox 1801 2485 1831 2507; x_wconf 86' lang='grc' dir='ltr'>α.</span> 
     </span>
     <span class='ocr_line' id='line_1_46' title="bbox 392 2522 1832 2572; baseline -0.003 -11"><span class='ocrx_word' id='word_1_433' title='bbox 392 2526 495 2561; x_wconf 82' lang='lat' dir='ltr'>Huius</span> <span class='ocrx_word' id='word_1_434' title='bbox 522 2525 651 2560; x_wconf 88' lang='lat' dir='ltr'>Ordinis</span> <span class='ocrx_word' id='word_1_435' title='bbox 676 2526 900 2561; x_wconf 85' lang='lat' dir='ltr'>Tertiariorum</span> <span class='ocrx_word' id='word_1_436' title='bbox 930 2526 1051 2572; x_wconf 85' lang='lat' dir='ltr'>regulae</span> <span class='ocrx_word' id='word_1_437' title='bbox 1079 2524 1302 2572; x_wconf 77' lang='lat' dir='ltr'>approbantur,</span> <span class='ocrx_word' id='word_1_438' title='bbox 1331 2525 1400 2558; x_wconf 80' lang='grc'>656</span> <span class='ocrx_word' id='word_1_439' title='bbox 1424 2525 1452 2563; x_wconf 74' lang='lat' dir='ltr'>b,</span> <span class='ocrx_word' id='word_1_440' title='bbox 1479 2532 1508 2557; x_wconf 82' lang='lat' dir='ltr'>et</span> <span class='ocrx_word' id='word_1_441' title='bbox 1543 2524 1576 2557; x_wconf 78' lang='lat' dir='ltr'>V.</span> <span class='ocrx_word' id='word_1_442' title='bbox 1605 2524 1695 2558; x_wconf 88' lang='lat' dir='ltr'>etiam</span> <span class='ocrx_word' id='word_1_443' title='bbox 1716 2522 1832 2557; x_wconf 88' lang='lat' dir='ltr'>Poeni-</span> 
     </span>
     <span class='ocr_line' id='line_1_47' title="bbox 395 2576 643 2620; baseline -0.008 -9"><span class='ocrx_word' id='word_1_444' title='bbox 395 2577 489 2611; x_wconf 85' lang='lat' dir='ltr'>teutia</span> <span class='ocrx_word' id='word_1_445' title='bbox 511 2576 572 2620; x_wconf 87' lang='lat' dir='ltr'>(de)</span> <span class='ocrx_word' id='word_1_446' title='bbox 592 2584 643 2610; x_wconf 79' lang='lat' dir='ltr'>etc.</span> 
     </span>
    </p>

    <p class='ocr_par' dir='ltr' id='par_1_14' title="bbox 297 2623 1832 2716">
     <span class='ocr_line' id='line_1_48' title="bbox 297 2623 1832 2673; baseline -0.003 -13"><span class='ocrx_word' id='word_1_447' title='bbox 297 2626 396 2672; x_wconf 81' lang='lat' dir='ltr'>Praga</span> <span class='ocrx_word' id='word_1_448' title='bbox 425 2626 483 2670; x_wconf 90' lang='lat' dir='ltr'>(de)</span> <span class='ocrx_word' id='word_1_449' title='bbox 498 2625 682 2673; x_wconf 87' lang='lat' dir='ltr'>Hieronymi</span> <span class='ocrx_word' id='word_1_450' title='bbox 705 2635 734 2659; x_wconf 92' lang='lat' dir='ltr'>et</span> <span class='ocrx_word' id='word_1_451' title='bbox 757 2626 887 2660; x_wconf 86' lang='lat' dir='ltr'>aliorum</span> <span class='ocrx_word' id='word_1_452' title='bbox 907 2625 946 2659; x_wconf 90' lang='lat' dir='ltr'>de</span> <span class='ocrx_word' id='word_1_453' title='bbox 970 2624 1180 2659; x_wconf 82' lang='lat' dir='ltr'>Sacramentis</span> <span class='ocrx_word' id='word_1_454' title='bbox 1201 2624 1363 2658; x_wconf 83' lang='lat' dir='ltr'>Ecclesiae</span> <span class='ocrx_word' id='word_1_455' title='bbox 1387 2623 1466 2657; x_wconf 88' lang='lat' dir='ltr'>male</span> <span class='ocrx_word' id='word_1_456' title='bbox 1488 2623 1693 2657; x_wconf 88' lang='lat' dir='ltr'>sentientium</span> <span class='ocrx_word' id='word_1_457' title='bbox 1709 2633 1832 2657; x_wconf 85' lang='lat' dir='ltr'>errores</span> 
     </span>
     <span class='ocr_line' id='line_1_49' title="bbox 393 2675 747 2716; baseline -0.006 -6"><span class='ocrx_word' id='word_1_458' title='bbox 393 2675 593 2716; x_wconf 85' lang='lat' dir='ltr'>damnantur,</span> <span class='ocrx_word' id='word_1_459' title='bbox 623 2677 693 2709; x_wconf 80' lang='lat'>665</span> <span class='ocrx_word' id='word_1_460' title='bbox 716 2688 747 2709; x_wconf 83' lang='lat' dir='ltr'>a.</span> 
     </span>
    </p>
   </div>
  </div>
 </body>
</html>
