2274 3265
226 243 274 267 An.
291 242 316 266 Γι,
341 244 405 268 ¹5:35

475 233 541 264 slttss
1004 244 1188 267 rurrmmrn

1214 243 1373 265 nmmum

420 298 530 332 aetatis
552 297 701 343 attigerit,
729 308 758 333 et
788 298 816 332 in
840 299 935 333 sacris
964 300 1055 333 luerit
1084 299 1169 332 ordi-
1211 298 1364 331 ‹locun-es
1409 298 1459 330 die
1506 296 1665 341 praedicta
1707 297 1743 330 ad
1780 297 1962 342 eligendum

422 346 514 380 nibus
541 348 741 381 constitutus.
767 347 830 382 Noc
848 348 876 381 in
902 348 1082 382 huiusmodi
1110 347 1170 380 ole-

420 396 522 430 ctione
546 409 650 430 vocem
672 396 805 430 babeant
829 397 937 431 fratres
955 398 1005 431 alii
1024 410 1083 431 non
1098 410 1167 429 con<

421 445 603 483 ventuales,
644 445 716 479 licet
751 455 913 480 morentur
947 446 1085 483 ibidem,
1115 446 1166 491 qni

419 503 511 527 erunt
539 494 578 529 de
599 495 767 540 provinciis
788 495 910 538 alienis,
939 496 996 529 nisi
1025 494 1166 529 eiusdem

421 542 479 576 loci
500 543 631 578 lectores
652 544 800 579 existant:
821 545 932 579 electio
954 552 1057 578 autem
1080 555 1169 589 gnar-

418 592 503 626 diani
527 592 713 627 I‘arisiensis
741 594 802 632 liat,
831 602 920 640 prout
944 603 987 627 est
1018 593 1169 647 hactenus

419 641 483 675 lieri
517 650 716 676 consuetum.
751 643 907 677 Custodes
936 655 1006 675 vero
1035 643 1064 674 in
1101 641 1168 684 die

418 703 499 737 qnae
513 691 595 738 apud
610 703 665 726 eos
679 692 848 726 crastinum
868 691 1064 725 diffinitionis
1095 703 1168 736 pro-

418 740 559 774 vincialis
587 740 715 787 capituli
755 748 979 787 nuncupatur,
1016 739 1083 780 eli(
1080 748 1169 773 intui

418 803 471 834 ptr
494 789 604 823 fratris
626 790 779 823 discretos
801 789 1026 827 cosmum-,nui
1054 789 1169 835 quibus

417 838 456 871 de
473 839 657 873 custodibus
673 839 764 872 fuerit
781 838 1010 884 providendum
1026 850 1061 871 ex
1084 846 1168 884 pai-rte

416 896 629 922 conventuum
646 888 690 922 vel
707 887 915 934 capitulorum
933 887 1168 926 eustodialinm

418 948 504 970 more
538 937 647 980 solito,
687 937 724 971 ad
765 937 938 983 capitulum
977 936 1168 983 provinciale

417 986 626 1020 transmissos.
650 986 821 1020 Guardiaui
846 998 917 1019 vero
941 986 970 1019 in
989 986 1168 1019 huiusmodi

416 1035 570 1069 electione
600 1047 706 1069 vocem
731 1047 792 1069 non
820 1035 978 1078 babeant,
1020 1035 1078 1068 nisi
1116 1047 1170 1082 pei

416 1084 551 1130 capitula
576 1084 759 1118 custodialia
786 1085 829 1118 vel
855 1096 910 1130 per
932 1097 1007 1118 suos
1030 1096 1170 1118 conven-

418 1141 468 1166 tus
483 1133 598 1167 suerint
614 1146 670 1180 pro
689 1133 833 1167 discretis
847 1134 1034 1168 transmissi
1049 1133 1082 1167 Si
1097 1146 1131 1167 ve
1137 1146 1170 1167 ιο
1190 1147 1193 1184 i

416 1182 580 1217 custodem
596 1183 733 1229 aliquem
751 1195 806 1229 per
817 1191 953 1229 quatuor
965 1192 1170 1217 mensesante

417 1232 606 1277 provinciale
632 1232 805 1278 capitulum
827 1232 917 1269 mori
941 1233 985 1266 vel
1008 1232 1046 1266 ab
1069 1232 1170 1267 ollicio

416 1281 552 1315 amoveri
581 1282 764 1326 contingat,
793 1281 832 1315 de
862 1282 996 1327 singulis
1028 1294 1169 1316 conven-

418 1330 501 1363 tibus
522 1342 596 1364 suae
619 1330 783 1364 custodiae
811 1331 928 1376 Singuli
952 1331 1078 1365 discreti
1118 1344 1171 1377 per

417 1387 592 1413 conventus
623 1380 712 1414 electi
747 1380 785 1414 ad
823 1380 1026 1426 principalem
1066 1380 1168 1414 locum

417 1428 578 1463 custodiae
601 1429 652 1463 die
679 1438 773 1468 certa,
803 1441 858 1475 per
885 1429 967 1463 illius
995 1429 1052 1463 loci
1084 1430 1171 1476 prin-

418 1478 529 1524 cipalis
555 1477 764 1524 girardianum
788 1479 959 1524 assignatm
982 1480 1169 1513 conveniam

419 1539 474 1573 pro
504 1527 656 1562 electione
678 1527 860 1561 huiusmodi
883 1528 1080 1562 celebranda.
1113 1528 1172 1562 Di-

419 1584 539 1611 ctarum
570 1589 642 1611 vero
673 1577 862 1611 electionum
888 1585 947 1611 tam
979 1578 1170 1617 custodum,

418 1638 510 1672 quam
534 1626 779 1672 guardianorum
798 1626 993 1660 confirmatio
1018 1627 1172 1673 pertineat

417 1675 456 1708 :id
495 1675 674 1720 generalem
721 1676 767 1710 vel
809 1676 1033 1722 provincialem
1075 1677 1171 1710 mini-

418 1731 531 1758 strum.
568 1724 607 1758 Et
640 1725 664 1759 si
694 1724 731 1758 ad
761 1724 948 1759 electionem
987 1725 1169 1760 huiusmodi

418 1786 475 1820 per
503 1774 581 1808 viam
609 1774 753 1809 scrutinii
791 1774 993 1821 procedatur,
1027 1784 1068 1814 et,
1092 1776 1171 1810 votis

419 1825 447 1858 in
472 1823 593 1859 diversa
617 1824 737 1867 divisis,
760 1824 929 1859 electiones
947 1825 1054 1872 plures
1077 1825 1106 1859 in
1123 1826 1172 1860 di-

417 1873 538 1908 scordia
567 1873 717 1908 celebrari
745 1874 917 1920 contingat,
949 1875 1015 1911 illa,
1044 1887 1126 1921 qnae
1156 1888 1170 1910 a

417 1923 526 1957 maiori
557 1931 642 1969 parte
668 1935 801 1958 numero
824 1924 966 1958 omnium
1002 1937 1107 1959 vocem
1142 1926 1170 1959 ιιι

417 1973 499 2007 dicta
528 1972 682 2007 electione
705 1972 901 2016 habentium,
928 1974 1012 2008 nulla
1041 1975 1096 2007 zeli
1123 1974 1169 2009 vel

417 2022 518 2056 meriti
543 2022 710 2056 collatione
738 2022 841 2057 habita
871 2023 965 2057 suerit
999 2023 1172 2061 celebrata,

417 2072 605 2118 exceptione
627 2084 683 2106 seu
699 2072 950 2107 contradictione
972 2085 1173 2119 quacumque

419 2121 515 2175 partis
541 2121 671 2155 alterius
706 2133 767 2155 non
790 2122 946 2165 obstante,
971 2135 1026 2169 per
1052 2122 1171 2157 dictum

417 2170 597 2205 ministrnm
642 2171 681 2205 de
723 2172 855 2206 consilio
898 2172 1104 2206 discretorum
1142 2172 1172 2206 d.

417 2219 549 2264 ordinis,
585 2220 672 2267 ptius
708 2228 812 2255 tamen
850 2233 887 2255 ex
922 2221 1048 2263 officio,
1082 2230 1171 2276 ριοιιι

417 2277 535 2314 spectat
564 2270 600 2303 ad
625 2283 743 2316 ipsum
770 2270 912 2316 diligenti
941 2271 1172 2305 examinatione

421 2319 603 2364 praemissa
612 2320 871 2354 conliinieturvel
885 2320 1173 2366 insiimmetm7prout

419 2369 466 2401 eis
489 2368 665 2402 secundum
690 2368 793 2402 Deum
818 2369 919 2403 visum
954 2369 1047 2404 suerit
1078 2382 1175 2415 expe-

419 2417 496 2450 dire.
522 2418 558 2451 Et
576 2418 599 2450 si
625 2418 717 2452 fuerit
735 2418 907 2457 infirmata,
929 2419 966 2453 ad
992 2419 1093 2453 dictos
1114 2419 1174 2454 ele-

419 2475 522 2500 ctores
565 2467 675 2501 electio
710 2477 898 2505 revertatur,
935 2469 992 2503 nisi
1024 2469 1176 2513 elegerint

421 2516 555 2550 scienter
577 2516 754 2562 indignum,
790 2530 854 2564 quo
883 2530 956 2552 casn
984 2518 1021 2551 ad
1055 2518 1173 2552 dictum

422 2564 599 2598 ministrum
620 2565 670 2600 illa
688 2566 752 2600 vice
777 2567 845 2612 ipso
870 2568 947 2601 sacto
967 2567 1103 2613 provisio
1126 2568 1176 2601 de-

423 2614 574 2653 volvatur,
596 2623 626 2648 et
642 2615 751 2650 eadem
782 2617 830 2649 liat
859 2617 1034 2655 devolutio,
1055 2617 1080 2650 si
1102 2616 1175 2651 dicti

1212 346 1421 390 giturdianum
1458 358 1514 379 seu
1548 345 1724 383 custodem,
1754 354 1786 379 ut
1815 347 1964 391 praemit-

1212 396 1295 433 titur,
1319 396 1475 440 assignata
1501 394 1547 428 ιιιΙ
1581 395 1735 435 ordinata,
1758 394 1963 440 guardianum

1213 445 1256 477 vel
1293 444 1456 479 custodem
1491 445 1606 487 eligere
1644 444 1899 489 praetermittant.
1930 444 1963 477 ln

1211 493 1420 527 electionibus
1442 505 1569 539 quoque
1610 493 1776 538 praedictis
1810 492 1855 526 vel
1885 505 1964 525 con-

1213 542 1443 576 tii-mationibus
1466 541 1649 576 earumdem
1680 554 1740 575 non
1769 541 1964 575 intendimus

1211 591 1364 626 electores
1391 604 1446 625 sen
1483 592 1722 625 confirmatores
1750 591 1858 624 formis
1912 599 1962 624 ant

1211 641 1462 675 solemnitatibus
1485 640 1554 674 aliis
1576 640 1832 687 quibuscumque
1854 652 1869 674 a
1900 639 1965 673 iure

1211 691 1336 724 statutis
1362 690 1485 725 arctari

1260 740 1280 785 g
1307 741 1364 773 1³5.
1398 739 1565 773 Caettrum
1606 739 1686 773 eii-:ci
1723 737 1963 785 inquisitiones

1211 801 1291 835 quae
1319 789 1355 822 ad
1385 789 1541 834 generalia
1579 789 1623 822 vel
1650 788 1848 843 provincialia
1876 788 1964 833 capi-

1214 839 1274 871 ιιιΙιι
1294 839 1394 871 solent
1412 838 1502 881 mitti,
1524 850 1576 884 qm
1571 851 1605 871 ne
1620 837 1702 884 apud
1718 850 1772 871 eos
1788 838 1966 871 visitatoris

1213 895 1386 929 vocantur,
1409 865 1594 921 auctciritatc
1629 887 1843 941 praesentium
1876 888 1965 920 ordi-

1213 949 1335 977 namus,
1358 936 1442 982 qnod
1475 936 1558 970 nulla
1595 937 1734 970 mittatur
1763 936 1799 969 ad
1823 937 1967 981 generale

1212 987 1400 1032 capitulum
1423 998 1503 1032 «inae
1524 997 1583 1019 non
1603 985 1692 1019 suerit
1716 986 1802 1032 ptius
1826 997 1880 1031 per
1900 998 1969 1031 pio-

1214 1035 1344 1069 ιιιιοιιιιιι
1379 1035 1549 1080 capitulum
1585 1034 1747 1077 discussa
1770 1035 1967 1070 examinata

1214 1084 1355 1131 probata
1380 1084 1519 1127 Ιιυιιιιιιο
1538 1084 1707 1130 approbata
1723 1096 1737 1117 a
1756 1083 1865 1117 maiori
1882 1091 1967 1128 parte

1215 1146 1347 1167 numero
1381 1134 1478 1180 ipsius
1503 1133 1705 1179 provincialis
1727 1132 1868 1178 capituli,
1888 1132 1966 1167 fide-

1214 1183 1283 1217 liter
1311 1183 1501 1229 conscripta,
1543 1182 1619 1216 lecta
1648 1192 1677 1217 et
1700 1182 1833 1227 sigillata
1861 1193 1966 1215 coram

1212 1232 1372 1271 omnibus,
1387 1232 1500 1277 sigillis
1513 1232 1658 1275 ministri,
1672 1231 1812 1266 custodis
1835 1239 1863 1265 et
1879 1243 1968 1276 guar-

1213 1281 1296 1316 diani
1326 1282 1396 1325 loci,
1420 1282 1449 1315 in
1482 1294 1546 1328 qno
1579 1281 1751 1328 capitulum
1780 1279 1965 1315 celebratur.

1214 1330 1273 1365 Ubi
1298 1339 1414 1375 autem,
1443 1330 1522 1364 facto
1546 1331 1727 1376 provinciali
1748 1330 1896 1376 capitulo7
1912 1330 1968 1362 ali-

1213 1380 1288 1426 quid
1318 1381 1394 1415 adeo
1422 1392 1513 1425 gravt-
1541 1388 1739 1426 emergeret‚
1777 1379 1860 1426 quod
1901 1380 1968 1413 sine

1215 1430 1355 1477 periculo
1366 1431 1450 1476 gravi
1465 1430 1611 1476 usquead
1626 1442 1764 1476 sequens
1778 1430 1969 1476 provinciale

1214 1480 1384 1526 capitulum
1410 1479 1526 1513 differri
1553 1492 1614 1513 non
1650 1486 1778 1526 posset,
1814 1487 1887 1513 tunc
1916 1491 1970 1526 per

1214 1529 1397 1567 ciistotleiii‚
1436 1529 1644 1574 guardianum
1685 1536 1715 1562 et
1754 1528 1863 1563 fratres
1886 1528 1968 1567 loci,

1215 1578 1266 1611 ubi
1313 1577 1342 1611 id
1375 1578 1563 1623 contigerit,
1603 1578 1689 1623 prius
1729 1578 1908 1612 discussum
1941 1587 1969 1611 et

1213 1627 1439 1670 examinatum7
1467 1627 1506 1661 de
1529 1628 1662 1661 consilio
1690 1627 1823 1661 ministri
1849 1626 1895 1661 vel
1924 1628 1970 1660 vi-

1214 1677 1288 1710 carii
1314 1677 1491 1722 provinciae
1514 1676 1689 1710 destinetur
1711 1676 1849 1723 capitulo
1872 1689 1971 1724 gene-

1215 1726 1281 1760 rali.
1309 1725 1404 1767 Quod
1429 1727 1454 1760 si
1479 1726 1599 1760 dictum
1625 1727 1803 1761 ministrum
1818 1735 1969 1773 tangeret,

1215 1784 1290 1810 tune
1320 1788 1374 1822 per
1401 1775 1578 1821 praedictos
1602 1776 1697 1810 modo
1726 1776 1884 1811 consimili
1913 1776 1970 1809 di—

1214 1838 1360 1860 scussum
1385 1834 1413 1860 et
1449 1826 1662 1860 examinatum
1690 1825 1729 1861 de
1759 1826 1892 1861 consilio
1922 1826 1969 1859 vi-

1214 1876 1286 1910 carii
1312 1875 1463 1909 mittatur.
1494 1875 1526 1910 Si
1550 1882 1654 1909 antem
1683 1876 1786 1923 ipsum
1817 1876 1968 1910 vicarium

1216 1933 1375 1971 tangeret,
1412 1934 1486 1958 tnnc
1518 1925 1628 1959 eodem
1667 1925 1761 1960 modo
1788 1925 1968 1960 discussum

1215 1983 1245 2008 et
1266 1975 1479 2008 examinatum
1504 1974 1643 2008 mittatur
1663 1987 1717 2020 per
1741 1975 1918 2021 praedictos
1931 1975 1971 2009 de

1216 2024 1347 2058 consilio
1365 2023 1438 2057 dieti
1453 2023 1585 2058 ministri
1602 2023 1639 2057 ad
1656 2024 1774 2058 dictum
1799 2023 1968 2070 capitulum

1215 2073 1372 2119 generale.
1411 2073 1501 2107 Nulla
1544 2073 1636 2107 etiam
1662 2074 1823 2120 inquisitio
1845 2086 1899 2108 seu
1925 2074 1971 2107 vi-

1216 2123 1318 2156 sitatio
1340 2122 1378 2156 ad
1401 2123 1574 2169 capitulum
1599 2123 1789 2169 provinciale
1818 2130 1969 2170 portetur,

1217 2173 1275 2206 nisi
1301 2172 1394 2205 fuerit
1414 2172 1500 2218 prius
1523 2172 1677 2210 discussa,
1695 2171 1835 2218 probata,
1851 2172 1971 2206 exami-

1217 2230 1286 2255 nata
1311 2221 1463 2267 legitime,
1486 2229 1513 2256 et
1540 2222 1568 2255 in
1599 2222 1742 2256 terminis
1764 2222 1917 2268 explicata
1940 2231 1968 2256 et

1217 2270 1386 2317 approbata
1410 2284 1424 2304 a
1449 2272 1566 2305 maiore
1583 2279 1668 2317 parte
1688 2283 1821 2306 numero
1839 2271 1968 2306 fratrum

1218 2320 1287 2358 toci,
1317 2320 1345 2353 in
1366 2333 1428 2366 quo
1443 2321 1494 2354 liet
1522 2320 1655 2354 fideliter
1673 2321 1861 2367 conscripta,
1892 2321 1970 2355 lecta

1217 2378 1245 2403 et
1284 2369 1415 2414 sigillata
1438 2382 1543 2404 eoram
1572 2369 1722 2404 omnibus
1745 2370 1891 2404 fratribus
1916 2371 1971 2417 ip—

1218 2419 1285 2452 sius
1321 2418 1377 2451 lori
1422 2419 1535 2464 sigillo.
1563 2419 1700 2461 Quando
1731 2428 1834 2454 autem
1864 2419 1972 2454 discn-

1219 2469 1336 2501 tientnr
1358 2468 1507 2502 mittenda
1531 2468 1568 2502 ad
1592 2469 1736 2514 generale
1764 2469 1810 2502 vel
1836 2468 1873 2502 ad
1899 2481 1971 2515 pro-

1219 2517 1349 2551 vinciale
1373 2518 1557 2564 capitulum,
1581 2518 1750 2565 diligenter
1772 2518 1874 2564 gravia
1898 2530 1972 2553 exa-

1220 2567 1401 2603 minentur,
1440 2576 1467 2601 et
1504 2567 1682 2614 specialiter
1719 2568 1895 2614 inquiratur
1933 2567 1971 2601 de.

1219 2628 1310 2651 cansa
1339 2617 1508 2655 scientiae,
1529 2617 1567 2650 de
1592 2617 1670 2656 visu,
1687 2617 1804 2656 auditu,
1829 2616 1868 2651 de
1891 2617 1970 2652 ioco.

1983 243 2031 268 Αιι.
2049 241 2078 268 CL
2094 242 2161 268 t356

1980 748 2007 769 D»
2022 754 2097 774 int-pne.
2095 751 2167 768 ι-ιιηιιι

1980 780 1998 799 li
1995 786 2016 799 us
2033 782 2056 799 al
2074 779 2165 805 capitula

1981 811 2097 831 mittendis.
