2274 3265
97 288 143 314 An,
159 286 186 314 C,
205 287 273 314 ¹308

108 1336 197 1357 Paterna

89 1367 199 1388 [lenticum

88 1398 187 1418 hortatio.

915 281 1058 304 etism-:Ns
1080 281 1099 301 V
1123 281 1170 303 Pt'.

291 340 440 374 ditionem
463 339 521 374 alia
542 338 714 385 ponderosa
731 338 890 385 implicare
905 337 1039 382 negotia,

291 389 335 424 vel
368 388 566 436 explicationi
595 390 734 435 ipsorum
764 387 924 422 intendere
951 397 1040 420 com-

291 438 383 474 mode
420 451 482 473 non
515 450 693 485 possemus,
722 444 766 478 ut,
794 435 980 482 urgentibus
1001 435 1038 469 ad

291 501 439 535 praesens
478 488 610 534 negotiis
645 487 760 521 utiliter
791 485 954 531 expeditis,
977 497 1039 519 an-

290 546 405 573 nuente
427 538 505 577 Deo,
535 537 611 572 votis
633 537 693 571 tuis
720 544 749 571 et
778 534 1040 582 postulationibus

291 596 351 622 tam
376 587 505 622 faciliter
532 599 625 634 quam
648 586 790 620 celeriter
812 584 951 628 satisfiat,
974 584 1040 618 cel-

289 637 416 672 situdini
445 645 515 671 tuae
538 636 577 670 ad
603 635 795 674 unctionem,
828 634 1040 669 consecratio-

289 699 360 722 nem
397 696 427 722 et
462 686 695 721 coronationem
725 684 850 732 imperii
880 683 1039 718 Romano-

290 749 357 771 rum
377 737 415 771 de
438 735 584 771 manibus
608 735 723 769 nostris
746 735 774 768 in
799 734 924 768 basilica
944 733 1039 767 Prin-

288 786 368 834 cipis
381 785 602 832 Apostolorum
627 784 666 818 de
689 784 784 823 Urbe,
808 783 874 818 Deo
901 791 1038 823 auctore,

287 835 467 874 sumendas,
487 835 599 869 festum
617 833 848 868 Purificationis
859 833 962 867 beatae
978 834 1039 868 Ma-

288 886 360 929 riae,
387 885 471 932 quod
493 885 550 919 erit
577 897 675 931 usque
698 884 734 917 ad
762 884 924 922 biennium
958 897 1040 918 com-

287 934 458 981 putandum
487 947 501 968 a
527 935 669 981 proximo
696 934 799 968 futuro
818 934 896 968 festo
924 933 1037 968 Purifi-

286 985 418 1019 cationis
439 984 592 1024 eiusdem,
608 984 662 1018 tibi
686 984 724 1018 de
749 984 887 1030 ipsorum
911 983 1037 1018 fratrum

285 1034 417 1069 consilio
439 1034 650 1080 assignamus,
673 1047 687 1066 a
711 1033 804 1067 dictis
826 1046 952 1080 quoquc
973 1046 1040 1080 pro-

285 1084 482 1118 curatoribus
501 1093 530 1118 et
550 1084 668 1117 nuntiis
691 1084 763 1123 tuis,
783 1083 972 1117 habentibus
991 1096 1040 1117 su-

287 1146 341 1180 per
374 1133 432 1168 boc
468 1133 594 1180 plenum
623 1141 651 1167 et
679 1132 815 1178 speciale
844 1133 1038 1175 mandatum,

287 1184 316 1217 in
338 1183 476 1218 animam
506 1191 603 1223 tuam,
632 1192 725 1230 prout
752 1182 811 1228 ipsi
848 1182 938 1216 nobis
970 1182 1038 1216 fre—

287 1241 419 1280 quenter
454 1232 643 1276 obtulerant,
679 1232 858 1278 recepimus
897 1231 1036 1265 debitum

289 1290 512 1316 iuramentum.

335 1332 355 1378 ἕ
382 1334 413 1365 4.
444 1331 531 1377 Euge
554 1331 659 1377 igitur,
689 1330 728 1364 lili
765 1330 959 1373 charissime,
987 1342 1037 1364 re-

287 1394 444 1428 cognosce
491 1381 650 1415 humiliter
699 1380 742 1414 tui
796 1380 1037 1414 beneficentisim

285 1431 454 1472 Creatoris,
471 1430 546 1466 Eius
569 1430 774 1476 beneplacitis
796 1442 825 1464 te
847 1439 966 1476 coapta,
990 1430 1038 1463 di-

285 1482 350 1526 rige
379 1482 442 1515 vias
465 1490 533 1516 tuas
550 1482 580 1514 in
608 1481 728 1515 semitis
746 1479 962 1514 mandatorum
987 1480 1038 1526 lp-

284 1532 361 1567 sius,
383 1532 451 1565 eius
480 1531 640 1566 ministros
664 1531 795 1573 honora,
812 1531 907 1564 immo
927 1530 1033 1577 Ipsum

286 1581 314 1614 in
338 1580 415 1621 itlis;
439 1581 555 1615 honora
582 1581 755 1615 Ecclesiam
784 1588 913 1614 matrem
942 1589 1038 1620 tuam;

284 1630 522 1677 longaevitatem
551 1642 686 1678 namque
711 1631 787 1664 vitae
812 1638 973 1677 parentum
990 1638 1039 1664 et-

287 1681 346 1714 iam
383 1680 602 1727 temporalium
623 1680 836 1715 honorificatio
863 1680 1038 1727 pollicetur,

284 1731 420 1777 recogita
448 1730 629 1777 diligenter,
659 1738 689 1765 et
717 1730 815 1765 tenaci
853 1730 1038 1765 commenda

284 1782 455 1815 memoriae
482 1793 576 1827 quam
606 1781 773 1827 gratiosam
809 1789 869 1815 tam
902 1781 976 1815 olim
1007 1780 1037 1814 in

284 1830 392 1864 multis
410 1831 546 1873 casibus,
569 1843 662 1878 quam
694 1842 778 1865 nunc
801 1831 830 1864 in
852 1832 1036 1865 nuntiorum

285 1888 408 1915 tuorum
436 1881 637 1928 expeditione
660 1881 752 1915 celeri
775 1888 806 1915 et
828 1881 907 1916 felici
926 1881 1039 1915 Boma-

285 1942 354 1964 nam
390 1930 561 1965 Ecclesiam
591 1931 753 1971 invenisti,
776 1939 806 1965 et
828 1931 897 1965 ideo
937 1932 1036 1977 ipsam

284 1980 353 2015 eius
379 1988 409 2014 et
430 1981 557 2015 aliarum
590 1980 802 2014 Ecclesiarum
828 1981 977 2016 bonorem
1008 1989 1039 2016 et

285 2030 350 2064 iura
383 2030 494 2075 dirige,
524 2038 652 2077 protege
685 2038 713 2063 et
736 2043 897 2069 conserva,
930 2043 1036 2077 pacem

285 2079 392 2127 dilige,
426 2079 545 2126 Regem
585 2080 735 2114 imitando
772 2081 957 2127 pacilicum,·
986 2081 1039 2115 sir-

286 2141 334 2163 ma
362 2130 479 2164 iustitia
497 2130 644 2164 thronum
668 2138 768 2173 tunm,
797 2130 879 2164 illam
906 2139 1036 2165 sectare:

287 2179 405 2214 fructus
427 2180 510 2214 enim
533 2180 669 2214 iustitiae
693 2192 764 2225 pax,
787 2180 838 2214 illa
861 2181 885 2214 si
915 2189 986 2214 ante
1010 2189 1038 2214 te

287 2228 426 2263 ambulet
451 2241 578 2275 gressus
600 2237 670 2263 tuos
693 2242 814 2276 ponens
842 2231 872 2264 in
897 2231 954 2269 via,
982 2230 1036 2264 tibi

286 2277 326 2312 ab
353 2279 436 2313 invio
474 2279 686 2326 praecavebit;
722 2291 778 2313 nec
810 2289 839 2314 te
873 2279 1036 2314 clementia

287 2328 420 2368 deserat,
442 2340 521 2375 quae
543 2329 660 2363 amicos
681 2340 711 2363 et
733 2329 862 2364 devotos
885 2329 1038 2377 multipli-

287 2389 373 2421 cans,
401 2378 524 2425 imperii
552 2378 659 2412 adiicit
687 2378 882 2414 firmitatem:
907 2392 963 2425 age
987 2380 1036 2413 vi-

289 2427 396 2470 riliter,
423 2435 453 2461 et
479 2439 604 2474 semper
638 2439 691 2461 cor
717 2436 803 2462 tuum
838 2429 867 2462 in
901 2429 1037 2463 Domino

289 2477 493 2512 confortetur.

338 2526 454 2561 Datum
477 2526 631 2561 Avenioni
653 2527 788 2572 septimo
812 2527 880 2562 idus
915 2530 958 2571 (Γ)
980 2540 1037 2562 au-

289 2577 384 2623 gusti,
408 2576 608 2623 pontificatus
629 2577 725 2611 nostri
754 2589 836 2611 anno
862 2586 981 2624 quarto.

329 2633 389 2664 Dat.
409 2634 455 2664 die
479 2635 493 2663 7
510 2635 627 2672 augusti
644 2634 729 2670 1308,
749 2634 850 2673 pontis.
867 2644 944 2664 anno
961 2644 996 2665 ιν.

325 2687 364 2721 (t)
381 2686 457 2722 Apud
475 2686 642 2723 Raynatdum
658 2686 752 2722 legitur
768 2695 807 2714 vn
828 2690 881 2714 kat.
903 2692 1018 2721 auyusn'.

1712 270 1779 303 195

1407 336 1485 371 Vlll.

1081 417 1345 450 Ecommunicacio
1368 425 1473 451 contra
1498 420 1634 452 cudentes
1648 427 1674 452 et
1696 420 1831 463 deseren-

1130 475 1169 500 tes
1187 468 1284 510 falsas
1300 474 1433 500 monetas
1451 469 1483 500 in
1498 480 1588 512 regno
1608 469 1756 502 Franciae
1774 472 1828 510 (1),

1350 545 1562 576 stimulatum!

1082 613 1270 644 l'rooemium.
1292 630 1327 634 —
1355 613 1377 642 ί,
1396 613 1488 642 Causa
1510 614 1659 643 faciendae
1685 615 1768 651 legis.
1794 632 1831 636 —

1120 659 1146 688 Ξ.
1167 659 1220 688 Lex
1242 659 1287 696 (de
1305 667 1354 696 qim
1377 659 1403 686 in
1424 658 1554 695 rubrica).
1572 676 1607 679 —
1624 656 1789 688 Clausulae.

1139 734 1261 763 Clemens
1279 734 1420 770 opiscopus
1433 741 1528 763 servus
1554 741 1691 763 servorum
1711 734 1766 766 Dei.

1215 784 1248 812 ad
1281 785 1441 820 perpetuam
1469 784 1509 812 roi
1529 783 1695 812 memoriam.

1130 857 1284 892 prodiens
1321 856 1410 903 quasi
1444 869 1481 891 ex
1531 856 1624 903 adipe
1659 857 1829 904 iniquitatis

1081 907 1252 942 multorum
1274 906 1498 942 sceleratorum
1522 907 1644 941 sinistra
1673 907 1830 954 cupiditas

1080 969 1134 991 eos
1167 957 1197 991 in
1232 957 1400 1003 perniciem
1443 956 1646 1003 praecipitare
1682 965 1829 998 conatur;

1080 1006 1155 1041 dum
1191 1007 1279 1054 sequi
1308 1006 1516 1041 miserabilem
1556 1007 1625 1041 eius
1659 1006 1829 1052 ingluviem

1080 1057 1229 1090 satietatis
1269 1057 1479 1095 nescientem,
1520 1056 1733 1090 moderamina
1768 1069 1829 1091 non

1081 1115 1245 1145 verentur;
1274 1106 1373 1152 ipsius
1404 1106 1519 1140 etenim
1548 1106 1688 1153 turpium
1723 1105 1831 1141 lucro—

1081 1168 1147 1189 rum
1177 1168 1209 1190 se
1233 1155 1370 1190 faecibus
1391 1156 1624 1199 immergentes,
1653 1155 1830 1190 ambitiosis

1081 1204 1213 1239 nexibus
1231 1205 1442 1248 involvuntur,
1461 1205 1519 1239 Dei
1539 1205 1681 1239 timorem
1699 1205 1831 1240 damna-

1081 1253 1133 1287 bili
1156 1255 1303 1294 caecitate
1326 1263 1533 1301 postponunt;
1556 1263 1596 1295 et,
1611 1255 1700 1301 quasi
1723 1256 1830 1290 ambu-

1081 1304 1180 1338 lantes
1202 1305 1231 1338 in
1255 1304 1404 1348 tenebris,
1421 1317 1481 1339 non
1505 1305 1601 1338 vitant
1618 1305 1739 1339 excidia
1760 1316 1831 1352 per-

1080 1366 1243 1388 sonarum.

1128 1403 1148 1450 g
1179 1406 1205 1438 1.
1235 1404 1343 1450 Nuper
1365 1403 1522 1451 siquidem
1552 1404 1589 1438 ad
1620 1406 1717 1439 nostri
1751 1417 1829 1452 apo-

1079 1454 1211 1489 stolatus
1247 1454 1387 1489 auditum
1423 1453 1594 1488 multorum
1628 1454 1737 1489 relatio
1770 1455 1830 1489 fide

1079 1504 1171 1550 digua
1204 1505 1359 1550 perduxit,
1396 1505 1479 1550 quod
1523 1505 1678 1544 nonnulli,
1713 1505 1828 1540 nullam

1081 1554 1245 1589 habentem
1274 1554 1491 1589 auctoritatem
1519 1555 1557 1589 de
1585 1556 1650 1589 iure
1678 1555 1724 1590 vel
1752 1568 1830 1590 con—

1079 1605 1248 1639 suetudine
1275 1617 1331 1639 seu
1360 1605 1522 1652 privilegio
1554 1605 1687 1640 faciendi
1717 1618 1829 1641 mone-

1080 1662 1154 1693 tam,
1177 1654 1285 1689 falsam
1305 1664 1463 1690 monetam
1487 1655 1608 1690 cudunt
1630 1664 1660 1690 et
1679 1655 1829 1691 fabricant

1082 1705 1110 1737 in
1140 1704 1399 1751 regnoFranciae
1420 1713 1450 1740 et
1477 1705 1555 1740 locis
1583 1706 1827 1741 circumvicinis

1079 1753 1141 1788 Alii
1171 1767 1241 1789 vero
1271 1764 1428 1790 monetam
1459 1755 1640 1790 fabricatam
1670 1756 1731 1791 sub
1757 1769 1830 1792 vero

1080 1804 1169 1849 signo
1204 1805 1379 1840 charissimi
1415 1806 1446 1840 in
1481 1804 1609 1840 Christo
1643 1806 1695 1840 filii
1731 1808 1828 1842 nostri

1082 1853 1217 1901 Philippi
1235 1855 1318 1901 regis
1334 1854 1526 1890 Francorum
1545 1856 1674 1891 illustris
1692 1856 1831 1892 studiose

1080 1904 1262 1950 depravant,
1296 1914 1325 1940 et
1352 1918 1389 1940 ex
1418 1905 1476 1941 hoc
1503 1906 1586 1940 cadit
1611 1919 1627 1940 a
1655 1918 1712 1942 suo
1747 1916 1831 1941 recto

1081 1954 1228 1999 pondere.
1252 1955 1466 2002 Quamplures
1492 1956 1584 1991 etiam
1609 1956 1638 1990 in
1661 1956 1741 1991 locis
1767 1958 1831 1991 cir-

1079 2004 1276 2045 cumvicinis,
1299 2005 1415 2051 quibus
1436 2005 1475 2040 de
1510 2006 1576 2040 iure
1598 2018 1633 2040 ac
1659 2015 1831 2041 consuetu-

1079 2053 1151 2087 dine
1173 2067 1228 2089 seu
1247 2055 1408 2100 privilegio
1424 2055 1472 2089 ius
1494 2056 1642 2102 competit
1658 2055 1828 2090 fabricandi

1079 2113 1249 2147 monetam,
1277 2105 1400 2151 signnm
1429 2106 1587 2151 proprium
1617 2113 1760 2140 monetae
1787 2118 1831 2140 rc-

1079 2154 1145 2199 giae
1167 2165 1253 2194 snae,
1277 2166 1369 2201 quam
1388 2153 1550 2193 fabricant,
1574 2155 1752 2199 imprimere
1774 2167 1828 2189 seu

1080 2203 1257 2249 insculpere
1286 2204 1466 2244 moliuntur,
1489 2203 1629 2238 eiusdem
1650 2204 1829 2251 quantitatis

1079 2261 1109 2286 et
1132 2254 1332 2289 rotunditatis
1358 2262 1388 2288 et
1411 2254 1567 2288 literarum
1592 2254 1721 2300 figurae,
1736 2266 1827 2301 quani

1080 2302 1171 2337 babet
1195 2313 1317 2338 moneta
1341 2304 1436 2349 regia,
1460 2311 1604 2339 monetae
1627 2316 1713 2343 suae,
1734 2316 1828 2352 quam

1079 2351 1242 2397 fabricant,
1260 2361 1414 2399 quantum
1436 2361 1568 2399 possunt
1586 2353 1734 2395 similius,
1757 2366 1829 2399 spe-

1078 2401 1157 2436 ciem
1192 2410 1222 2436 et
1249 2402 1379 2437 formam
1409 2403 1602 2450 insculpunt,
1633 2403 1829 2438 constituunt

1079 2463 1109 2489 et
1136 2456 1312 2503 imponunt.
1342 2456 1381 2491 Et
1408 2457 1550 2503 quamvis
1581 2465 1706 2491 moneta
1738 2469 1828 2503 prae—

1079 2509 1159 2544 dicta
1187 2522 1294 2545 eorum
1317 2510 1355 2545 ad
1385 2509 1563 2556 usurpatam
1587 2510 1826 2546 similitudinem

1081 2564 1268 2609 praedictam
1305 2564 1428 2599 deficiat
1454 2577 1469 2598 a
1498 2565 1580 2599 iusto
1613 2564 1751 2612 pondere
1778 2577 1829 2600 ar-

1078 2619 1163 2665 genti
1197 2626 1225 2653 et
1247 2618 1351 2658 solito,
1379 2619 1409 2653 in
1433 2619 1517 2666 regia
1540 2627 1663 2654 moneta
1685 2628 1715 2654 et
1738 2631 1827 2655 more

1115 2689 1153 2723 (l)
1170 2689 1207 2715 Ex
1225 2689 1330 2724 Regest.
1349 2689 1432 2716 Vatic.

1846 282 1897 306 An.
1916 278 2025 306 0130ss

1870 866 1991 888 Pr‘vrrnium

1857 1413 1922 1432 causa
1945 1412 2026 1432 lamen*

1844 1445 1881 1464 dae
1898 1444 1949 1469 legis
